1864 3204
613 215 771 248 ΚΛῙΝΗ
796 232 835 238 -
865 214 1134 249 ΠΑΤΡῙΩῬΑΙ
1573 211 1657 254 225

263 319 313 359 Β.
347 316 456 371 λαβὲ
486 317 565 371 τῆς
594 313 767 370 ὑγιείας
797 312 852 371 δή
883 314 954 358 σύ.
1005 317 1051 358 Γ.
1083 310 1499 370 φέρε,“τύχάγαθῇ.

260 386 373 440 τύχη
404 382 458 426 τά
489 386 676 439 θνητῶν
706 381 958 440 πράγμαθ’,
988 380 1016 438 ἡ
1047 382 1241 437 πρόνοια
1271 381 1321 424 δὲ

214 462 234 494 5
265 450 442 508 τυφλόν
471 467 512 494 τι
544 450 858 495 κάσύντακτόν
890 452 1029 504 ἐστιν,
1062 467 1096 493 ω
1129 450 1299 503 πάτερ.

206 537 436 576 Athenaeus
469 536 538 586 15,
563 536 680 575 693a
711 531 979 604 Νικόστρατος
1011 531 1241 587 Πανδρόσῳ
1269 535 1351 573 κτλ.
1444 535 1479 571 1.
1511 526 1602 571 κατ’
1625 526 1657 572 ὦ

91 608 135 643 φ.
167 593 320 633 Iacobs.
353 593 466 632 Add.
490 594 584 632 Ath.
608 593 704 631 364.
737 585 808 642 ἀ”γ
830 606 861 630 ω
893 605 934 640 φ.
968 591 1088 629 Mein.
1130 591 1225 629 fort.
1257 588 1340 628 καὶ
1370 585 1450 640 σύ,
1481 605 1525 640 φ.
1615 591 1655 629 2.

91 646 381 702 μετανιπτρίδ’
396 650 445 688 fr.
475 646 519 716 3]
549 643 851 700 μετανιπτρίαδ’
884 649 932 698 A,
963 648 1033 698 qui
1063 661 1171 685 αυτω
1202 648 1286 687 sine
1317 659 1395 686 aee.
1427 650 1468 686 et
1498 661 1525 685 ι.
1616 649 1655 688 3.

93 707 138 747 Γ.
170 707 261 746 add.
301 707 350 747 K.
395 701 606 760 τύχάγαθῇ
641 705 780 745 Dindf.
785 702 799 758 ]
847 706 1086 756 τυχααγαθη
1121 704 1172 745 Α.
1291 705 1328 743 4.
1368 699 1592 756 πράγμαθ’,
1631 700 1657 754 ἡ

90 761 266 817 Iacobs]
298 760 507 816 πράγματα
537 764 587 802 A.
676 763 714 802 5.
744 761 811 800 καὶ
842 757 1093 800 ἀσύντακτον
1124 762 1172 800 A.
1260 757 1401 813 πάτερ]
1432 774 1506 811 περ
1536 762 1586 800 A.

204 834 363 861 versum
395 822 421 859 4
451 822 657 859 mutuatus
688 822 749 858 est
778 833 801 858 a
831 819 1101 859 chaeremone
1130 814 1199 870 (fr.
1223 819 1247 856 2
1277 814 1452 871 Nauck.)
1483 815 1582 868 τύχη
1611 815 1658 856 τὰ

93 881 256 929 θνητῶν
285 874 501 929 πράγματ’,
531 873 606 915 οὐκ
636 872 836 927 εὐβουλία.
889 875 971 915 Cic.
1005 876 1118 914 Tuso.
1152 875 1197 925 5,
1211 875 1274 913 25
1305 876 1426 914 vitam
1453 877 1551 924 reyit
1579 875 1658 923 for-

91 940 203 982 twna,
231 947 315 975 non
342 936 538 983 sapientia
567 929 743 987 (Mein.).

848 1021 905 1063 20

261 1100 363 1144 ἀλλ’
388 1101 576 1157 ἐγχέασα
606 1104 777 1144 θᾶττον
807 1099 987 1155 ἀγαθοῦ
1017 1100 1230 1155 δαίμονος

260 1168 550 1226 ἀπενεγκάτω
580 1184 656 1225 μοι
685 1166 769 1224 τὴν
798 1168 1022 1224 τράπεζαν
1054 1168 1282 1211 ἐκποδών·

266 1237 432 1288 ἱκανοῖς
462 1237 761 1294 κεχόρτασμαι
791 1235 892 1292 γάρ.
945 1239 996 1282 Β.
1029 1235 1207 1292 ἀγαθοῦ
1239 1236 1467 1292 δαίμονος.

265 1310 320 1349 A.
354 1305 547 1362 δέχομαι.
599 1303 789 1361 λαβοῦσ’
813 1304 1033 1360 ἀπένεγκε
1062 1306 1236 1359 ταύτην
1268 1303 1484 1347 ἐκποδών.

212 1401 444 1440 Athenaeus
478 1401 548 1450 15,
571 1401 687 1440 693b
725 1397 770 1439 ἐν
799 1397 843 1438 δὲ
874 1404 928 1454 τῷ
957 1395 1066 1453 αὐτῷ
1095 1395 1264 1469 δράματι
1294 1395 1560 1452 (Πανδρόσῳ)
1590 1396 1658 1437 και

91 1463 161 1510 τῆς
191 1463 260 1497 τοῦ
289 1454 450 1510 ἀγαθοῦ
481 1455 669 1508 δαίμονος
699 1453 874 1509 κράσεως
900 1439 1158 1507 μνημονεύει,
1188 1449 1239 1506 ἧς
1260 1454 1329 1494 καὶ
1349 1454 1491 1507 σχεδὸν
1510 1454 1656 1502 πάντες

93 1514 135 1554 οἱ
160 1519 230 1566 τῆς
260 1511 426 1567 ἀρχαίας
456 1513 666 1568 κωμῳδίας
695 1513 866 1565 ποιηταί.
897 1509 984 1552 ἀλλ’
1007 1511 1029 1551 ’ὅ
1051 1527 1094 1565 γε
1116 1512 1392 1563 Νικόστρατος
1423 1510 1550 1559 οὕτως
1579 1526 1655 1563 φη·-

91 1571 156 1610 σίν
185 1573 267 1611 κτλ.
358 1574 395 1611 1.
428 1553 593 1622 ἐνχέασα
624 1573 776 1610 θαττον
804 1571 855 1610 Α.
955 1571 993 1612 2.
1025 1575 1066 1609 et
1096 1571 1136 1608 4.
1170 1565 1351 1608 ἐκποδών
1380 1570 1503 1609 Mein.
1537 1570 1656 1608 Anal.

93 1629 189 1671 Ath.
223 1625 321 1695 338]
355 1626 398 1667 ἐκ
427 1627 566 1667 ποδων
596 1628 646 1667 A.
737 1628 844 1667 inter
873 1627 970 1666 duas
999 1639 1190 1677 personas
1220 1626 1427 1666 distribuit
1456 1627 1507 1665 K.

207 1686 246 1725 2.
283 1681 538 1737 ἀπενεγκάτω
579 1698 693 1725 serva
729 1698 829 1735 quae
866 1684 990 1724 adest.
1041 1684 1146 1732 quod
1185 1696 1328 1723 moneo
1368 1686 1532 1733 propter
1561 1683 1661 1722 Her-

93 1742 214 1783 werd.
247 1741 363 1782 Stud.
393 1743 480 1782 erit.
516 1743 582 1783 73.
672 1743 711 1781 4.
743 1737 904 1792 ταύτην,
935 1742 962 1780 i.
985 1753 1020 1779 e.
1054 1734 1127 1817 τὴν
1158 1736 1363 1792 τράπεζαν.

852 1851 904 1893 21

764 1932 916 1974 ἔπειτα
947 1932 1025 1985 τῆς
1055 1929 1195 1985 αὐτῆς
1224 1927 1334 1972 ὁδοῦ

308 2049 320 2061 .
355 1998 470 2056 πρὸς
496 1997 714 2055 Ἀερόπην
746 1998 949 2042 ἐλθοῦσα
979 1999 1150 2054 πέμψαι
1182 1996 1419 2053 στρώματα

354 2066 498 2124 αὐτὴν
529 2069 710 2122 κέλευε,
743 2067 876 2122 φησί,
908 2066 984 2108 καὶ
1014 2064 1122 2121 παρ’
1142 2065 1338 2122 ’Ώκιμον

357 2137 638 2192 χαλκώματα.

209 2231 435 2270 Athenaeus
460 2231 530 2279 13,
553 2231 634 2270 587
648 2230 706 2268 d
687 2224 1012 2278 Ntn6619atog‘
995 2243 1016 2267 ο
1038 2234 1107 2280 τῆς
1129 2226 1250 2280 μέσης
1271 2227 1479 2281 κωμῳδίας
1499 2224 1665 2279 ποιητὴς

97 2283 141 2326 ἕν
171 2283 397 2340 Πανδρόσῳ
434 2283 579 2326 οὑτωσὶ
614 2288 695 2326 κτλ.
755 2298 893 2326 versus
922 2286 1075 2335 primus
1105 2288 1212 2325 recte
1242 2286 1428 2326 distinxit
1457 2280 1687 2325 Dobraeus‘

98 2343 264 2383 Advers.
287 2344 328 2382 Π
349 2345 443 2383 345.
537 2345 576 2382 3.
598 2342 746 2393 κέλευε,
768 2341 872 2393 φησί
887 2341 1035 2394 Dobr.]
1068 2338 1197 2381 κέλευ’
1222 2340 1312 2392 ἔφη.
1372 2336 1467 2393 παρ’
1496 2338 1666 2392 Ὠκίμου

98 2399 375 2439 cobet.N.1.
411 2401 492 2439 140
521 2400 623 2440 conl.
656 2399 807 2439 eratin.
841 2399 916 2448 98,
939 2399 977 2437 8.
1027 2399 1254 2438 Anaxandr.
1278 2399 1346 2438 40.
1392 2397 1544 2438 Cratin.
1565 2400 1662 2466 min,

100 2457 166 2496 14.
221 2454 454 2526 [Theophr.]
488 2455 604 2496 Char.
640 2458 691 2494 10
722 2460 791 2506 τῆς
822 2451 947 2505 αὐτῆς
977 2451 1075 2494 ὁδοῦ
1103 2453 1262 2507 παριὼν
1290 2454 1536 2506 κομίσασθαι
1565 2450 1660 2506 παρ’

95 2508 253 2565 Ἀρχίου
283 2510 376 2560 τοὺς
406 2512 603 2565 ταρίχοτως
660 2514 838 2551 attamen
867 2508 967 2576 παρ’
997 2508 1168 2562 ’Ώκιμον
1205 2513 1261 2551 sic
1291 2513 1478 2562 explicari
1507 2514 1660 2561 potest:

99 2566 195 2622 παρ’
220 2567 391 2620 ’Ώκιμον
421 2566 592 2608 ἐλθοῦσα
622 2566 756 2607 κέλευε
786 2562 917 2616 αὐτὴν
936 2565 1094 2620 πέμψαι
1114 2571 1195 2607 κτλ.
1221 2591 1273 2597 —
1295 2573 1364 2619 τῆς
1394 2564 1518 2619 αὐτῆς
1548 2564 1662 2618 ὁδοῦ,

98 2629 144 2665 ut
173 2626 299 2666 Arist.
331 2626 419 2665 Pac.
454 2627 561 2664 1155
601 2623 707 2676 χάμα
747 2625 814 2675 τῆς
843 2619 968 2676 αυτῆς
1000 2621 1097 2664 ὁδοῦ
1128 2623 1364 2676 Χαρινάδην
1396 2639 1454 2670 τις
1482 2595 1662 2674 βωσάτω.

100 2683 148 2722 de
181 2682 310 2742 Ocima
339 2683 546 2722 meretrice
577 2683 625 2725 cf.
659 2681 885 2720 Anaxandr.
918 2684 956 2733 9,
979 2684 1016 2722 6.
1059 2682 1203 2723 Eubul.
1235 2683 1303 2720 54.

747 2806 778 2840 Π
784 2806 990 2841 ΔΤΡΙΩΤΑ
996 2806 1011 2839 1

216 2877 278 2923 Cf.
309 2889 409 2927 quae
438 2877 490 2916 ad
519 2874 742 2916 Pherecrat.
776 2878 840 2927 11,
864 2878 887 2915 2
918 2876 1211 2915 adnotavimus.

169 2947 283 2974 Comici
304 2947 421 2980 graeei,
443 2947 490 2973 ed.
512 2948 572 2975 Th.
592 2947 706 2974 Kook.
744 2947 785 2974 11.
1349 2942 1391 2973 15
