1890 3190
1787 7 1793 10 ’
1842 0 1890 98 'i

312 209 392 251 126
929 209 1251 243 ΑΝΤΙΦΑΝΟΤΣ

425 313 653 377 Athenaeus
687 313 836 362 1,14f
875 304 974 349 πολυ
1019 308 1063 349 δὲ
1107 308 1150 348 τὸ
1194 309 1386 349 σύντονον
1424 309 1492 350 καὶ
1528 309 1756 364 καματηρὸν
1793 316 1890 363 τῆς

309 366 420 420 περὶ
451 366 545 417 τὴν
576 366 942 436 σφαιριστικὴν
971 363 1175 417 ἁμίλλης
1206 363 1249 405 τό
1278 381 1316 406 τε
1346 365 1467 405 κατὰ
1499 366 1613 415 τοὺς
1643 370 1864 419 τραχηλι·

311 421 464 473 σμοὺς
495 422 710 477 ῥωμαλέον.
757 421 1000 473 Ἀντιφάνης
1031 426 1111 462 κτλ.
1198 428 1446 463 accesserunt
1475 425 1567 463 haec
1597 438 1644 463 ex
1674 424 1717 464 C.
1776 437 1865 464 con—

311 482 389 520 fert
421 481 673 520 Casaubonus
705 480 841 520 Galen.
875 480 1058 519 1111301
1081 479 1202 519 Basil.
1234 477 1330 518 ὅταν
1358 476 1430 531 γὰρ
1461 477 1740 531 συνιστάμενοι
1767 478 1866 533 πρὸς

309 534 500 587 ἀλλήλους
539 552 604 576 και
645 533 943 583 άποκωλύοντες
980 533 1218 585 ὑφαρπάσαι
1248 535 1321 587 τὴν
1350 534 1495 587 μεταξὺ
1526 536 1767 587 damnaverim,
1796 535 1862 588 μὲ-

310 605 444 645 γιστον
473 588 570 632 αὐτὸ
599 591 666 632 καὶ
696 592 965 643 σφοδρότατον
994 592 1253 643 καθίσταται,
1292 595 1447 639 πολλοῖς
1477 589 1550 642 μὲν
1579 596 1866 644 τραχηλισμοῖς,

311 652 473 696 πολλαῖς
504 647 543 688 δ’
567 645 804 699 ἄντιλήψεσι
823 652 1100 694 παλαιστικαῐς
1121 646 1452 700 ἀναμεμιγμένον,
1484 647 1580 688 ω’στε
1602 648 1782 700 κεφαλὴν
1801 648 1867 690 καὶ

311 702 460 757 αὐχένα
490 709 703 745 πονεῖσθαι
733 710 815 753 τοῖς
846 708 1151 757 τραχηλισμοῖς.

1044 815 1128 857 283

623 895 840 950 φαινίνδα
870 895 1038 946 παίζων
1069 891 1163 950 ᾔεις
1195 892 1247 935 ἐν
1276 896 1560 937 Φαινεστίου.

425 989 651 1028 Athenaeus
686 991 796 1038 1,15
815 1003 838 1027 a
876 986 1047 1026 ἐκαλεῖτο
1077 977 1120 1025 δε
1151 986 1342 1035 φαινίνδα
1372 982 1451 1027 ἀπὸ
1481 993 1550 1039 τῆς
1580 983 1758 1036 ἀφέσεως
1788 992 1869 1027 τῶν

313 1041 615 1097 σφαιριζόντων,
645 1037 670 1096 ἢ
701 1043 764 1084 ότι
793 1041 948 1096 εὑρετὴς
978 1041 1116 1095 αὐτῆς,
1151 1042 1206 1090 ω’ς
1237 1054 1362 1094 φησιν
1388 1040 1515 1096 Ἰόβας
1545 1041 1566 1082 ὁ
1588 1043 1867 1097 Μαυρούσιος,

312 1100 603 1148 Φαινέστιος
634 1098 655 1140 ὁ
683 1100 1023 1151 παιδοτρίβης.
1074 1099 1145 1139 καὶ
1158 1095 1398 1149 Ἀντιφάνης
1431 1103 1510 1140 κτλ.
1597 1099 1700 1155 ἤεις]
1735 1106 1868 1152 νῆστις

314 1159 450 1198 Cobet.
480 1159 531 1200 N.
564 1160 591 1197 1
627 1160 718 1197 137.
776 1159 828 1208 ἡν
872 1172 929 1204 τις
969 1158 1032 1196 vel
1070 1156 1111 1195 εἴ
1137 1171 1193 1204 τις
1225 1158 1447 1196 ‘sententia
1476 1158 1714 1208 inperfecta'
1746 1159 1867 1197 Mein.

313 1215 430 1254 Anal.
452 1216 549 1254 Ath.
573 1218 612 1254 7.
662 1216 838 1266 Etymol.
868 1228 922 1253 ιιι.
954 1214 1099 1252 Milleri
1130 1214 1351 1265 (Melanges
1374 1211 1472 1267 299)
1504 1213 1695 1263 φενίνδα·
1726 1212 1867 1253 παιδιὰ

315 1270 377 1309 διὰ
410 1270 582 1324 σφαίρας
612 1269 818 1323 γινομένη·
850 1265 934 1309 οἷον
965 1283 1019 1308 ου
1050 1268 1261 1319 φενίνδα
1291 1275 1549 1321 σφαιριων,
1580 1267 1659 1309 ἀπὸ
1687 1275 1756 1322 τῆς
1775 1266 1870 1320 ἆφέ-

315 1338 412 1374 σεως
443 1343 524 1366 των
553 1324 854 1380 σφαιριζόντων.
901 1327 950 1366 of.
973 1327 1022 1365 fr
1039 1328 1134 1365 234.
1178 1327 1419 1376 Antiphanis
1449 1340 1533 1366 esse
1563 1329 1682 1367 verba
1710 1329 1752 1366 in
1771 1328 1869 1378 Ety-

316 1386 512 1436 mologico
534 1385 644 1423 Flor.
666 1387 822 1424 servata
853 1387 893 1422 et
922 1382 1090 1433 φενίνδα
1120 1396 1256 1423 veram
1285 1395 1369 1422 esse
1393 1385 1628 1433 scripturam
1649 1384 1870 1425 Meinekius

317 1442 522 1480 existimat
550 1441 686 1480 Herm.
716 1441 778 1479 ΙΙΙ
807 1441 901 1481 455.
957 1443 998 1478 at
1035 1440 1150 1478 facile
1181 1443 1271 1490 post
1300 1438 1470 1488 φενίνδα
1500 1441 1649 1490 aliquid
1679 1441 1870 1480 excidisse

316 1501 462 1548 potest.
529 1499 656 1537 nostri
701 1498 915 1548 fragmenti
959 1497 1139 1546 quamvis
1184 1497 1303 1534 dubia
1341 1497 1383 1534 in
1427 1499 1539 1535 tanta
1583 1497 1779 1536 brevitate
1816 1497 1870 1536 sit

318 1555 556 1601 emendatio,
586 1560 722 1593 tamen
751 1554 984 1593 facillimum
1013 1553 1170 1592 videtur
1200 1554 1371 1592 sclibere
1391 1551 1542 1599 παίζων
1571 1547 1668 1591 εἶδέ
1697 1549 1735 1590 σ’
1760 1550 1866 1592 ἒνΦ.

316 1613 490 1650 ceterum
526 1611 669 1650 Pollux
700 1612 847 1661 9,105
886 1624 911 1659 η
952 1606 996 1647 δὲ
1034 1607 1226 1659 φαινίνδα
1257 1607 1437 1660 εἴ.ρηται
1484 1605 1591 1648 ,ἀπὸ
1619 1596 1869 1647 Φαινίδου

316 1672 386 1705 τοῦ
415 1681 573 1719 πρωτου
602 1663 800 1719 εὑρόντος.

985 1764 1080 1806 284.
1112 1764 1195 1806 285

587 1843 774 1899 ἄριστον
805 1843 856 1886 ἐν
888 1841 979 1899 ὅσῳ
1047 1877 1055 1886 .
1131 1877 1139 1886 .
1207 1840 1230 1885 ὁ
1259 1842 1468 1898 μάγειρος
1497 1850 1628 1886 ποιεῖ.
1670 1870 1672 1872 -

589 1914 1008 1967 συνακρατίσασθαι
1039 1914 1133 1960 πῶς
1161 1912 1274 1965 ἔχεις
1302 1909 1397 1966 μετ’
1422 1912 1554 1965 ἑμοῦ;

431 2007 660 2046 Athenaeus
694 2008 797 2054 1,11
815 2019 835 2044 e
865 1999 907 2043 τὸ
936 2002 1116 2053 πρωινὸν
1145 2002 1346 2056 ἔμβρωμα.
1366 2001 1498 2055 ,ἡμεῖς
1528 1999 1769 2056 ἀκρατισμὸν
1797 2018 1868 2043 κα-

317 2065 475 2114 λοῦμεν,
513 2060 578 2100 διὰ
609 2060 651 2100 τὸ
681 2060 726 2100 ἐν
753 2057 911 2114 ακράτῳ
941 2058 1100 2130 βρέχειν
1128 2059 1195 2098 καὶ
1225 2060 1461 2109 προσίεσθαι
1491 2060 1671 2112 ψωμούς,
1702 2058 1757 2108 ὥς
1784 2057 1868 2099 Ἀν

319 2115 487 2168 τιφάνης
516 2117 680 2170 ἄριστον
699 2141 756 2147 —
775 2120 892 2167 ποιεῖ,
923 2112 993 2155 εἶτ’
1018 2113 1173 2168 ἐπάγει·
1206 2116 1574 2170 συνακρατίσασθαι
1602 2120 1680 2156 κτλ.
1770 2119 1806 2157 1.
1828 2113 1868 2155 δ’

319 2174 436 2215 ἔνδον
469 2177 609 2215 inselit
642 2175 767 2225 praef.
797 2175 859 2213 ed.
890 2175 985 2213 min.
1015 2187 1070 2214 xv
1100 2174 1268 2213 Meinek.
1372 2176 1409 2216 2.
1440 2179 1527 2220 πως
1531 2172 1742 2242 ΜΟεεαυῦ]
1773 2187 1869 2220 πως.

317 2238 403 2279 πως
433 2229 546 2283 ἔχεις,
576 2235 622 2270 ut
645 2233 737 2270 140.
810 2227 910 2282 πρὸς
941 2228 983 2268 τὸ
1013 2229 1381 2295 συνακρατίσασθαι
1411 2236 1495 2277 πῶς
1526 2228 1622 2280 ἔχεις
1642 2225 1724 2280 μετ’
1747 2228 1869 2280 ἕμοΰ;

319 2288 458 2329 Cobet.
489 2289 540 2327 N.
570 2289 599 2328 1.
633 2289 732 2338 108,
773 2301 873 2338 quae
912 2288 1109 2337 quomodo
1140 2288 1223 2327 sive
1253 2288 1322 2326 uni
1353 2289 1483 2326 versui
1513 2288 1595 2326 sive
1624 2288 1776 2327 duobus
1810 2299 1870 2326 ae-

319 2346 566 2385 commodare
586 2345 759 2384 voluerit
785 2345 928 2383 nescio.
967 2344 1059 2383 fort.
1089 2348 1174 2390 πως
1205 2341 1303 2394 ἔχεις
1333 2358 1525 2395 γνωμης
1555 2341 1656 2394 ἐμοί;
1681 2345 1746 2384 vel
1773 2340 1871 2394 πρὸς

319 2399 363 2440 δὲ
394 2396 436 2440 τὸ
461 2399 467 2454 Ι
494 2412 658 2452 συνακρ.
693 2422 744 2428 -
772 2397 855 2452 μετ’
881 2398 994 2451 ἐμοῦ;
1026 2401 1071 2439 Β.
1103 2402 1274 2446 καλῶς.

1051 2510 1135 2552 286

592 2591 661 2632 δεῖ
687 2589 776 2644 γὰρ
807 2589 1036 2644 φαγόντας
1067 2562 1266 2639 δαψιλῶς
1293 2586 1484 2643 βρέχειν.

434 2684 662 2723 Athenaeus
693 2686 730 2734 1,
753 2685 845 2723 23a
882 2682 1033 2734 εἴρηται
1068 2679 1112 2720 δὲ
1150 2680 1193 2720 τὸ
1229 2679 1385 2734 βρέχειν
1421 2680 1487 2720 καὶ
1517 2679 1582 2720 ἐπὶ
1621 2683 1691 2720 τοῦ
1726 2680 1868 2721 πίνειν.

318 2736 550 2791 Ἀντιφάνης
581 2741 665 2778 κτλ.
698 2740 880 2781 Eustath.
902 2742 996 2788 890,
1011 2741 1078 2778 49.
1179 2737 1379 2790 φαγόντας
1409 2737 1569 2790 φάρυγα
1599 2739 1718 2778 Mein.
1750 2739 1869 2778 Anal.

322 2798 418 2835 Ath.
445 2799 510 2836 11.
549 2810 641 2836 nam
671 2797 837 2836 verbum
866 2793 1022 2847 βρέχειν
1051 2809 1120 2845 per
1150 2809 1191 2835 se
1221 2796 1346 2835 solum
1379 2796 1443 2835 vix
1473 2798 1606 2845 potest
1624 2792 1730 2834 idem
1750 2795 1869 2845 signi-

322 2853 436 2892 ficare
467 2854 574 2903 quod
603 2852 747 2892 πίνειν.

1869 173 1890 210 11

1855 218 1890 230 ,.
