1890 3190
323 193 400 234 113
942 193 1259 227 ΑΝΤΙΦΑΝΟΤΣ

524 371 570 420 ἐς
598 372 825 425 μακαρίαν
854 368 903 412 τὸ
935 371 1153 424 λουτρόν,
1185 367 1248 420 ὦς
1278 372 1460 426 διέθηκέ
1487 386 1550 426 με.

523 436 671 492 ἑφθὸν
702 439 862 493 κομιδῆ
894 439 1162 492 πεποίηκεν,
1195 436 1512 480 ἀποκναίσειεν
1542 436 1601 480 ἂν

523 503 610 547 κᾶν
641 503 855 547 ὁστισοῦν
884 521 971 559 μου
1002 505 1251 560 λαβόμενος
1280 509 1361 548 τοῦ
1391 507 1619 560 δέρματος.

524 571 640 615 οὕτω
673 573 856 628 στερεόν
884 588 927 615 τι
957 576 1140 628 πρᾶγμα
1170 573 1345 629 θερμόν
1377 570 1477 615 ἐσθ’
1511 571 1648 628 ὕδωρ.

435 667 661 706 Athenaeus
705 668 746 716 1,
773 668 822 705 18
841 679 860 705 e
900 665 997 717 (τῶν
1026 665 1265 718 βαλανείων)
1305 664 1347 704 τὸ
1376 664 1597 717 βλαπτικὸν
1627 662 1872 732 Ἀντιφάνης

322 723 436 771 δηλοῖ
463 725 542 760 κτλ.
642 725 679 760 1.
712 721 751 769 ἐς
782 722 923 774 Mein.]
957 722 1026 769 εἰς.
1123 724 1160 760 2.
1191 723 1407 772 πεποίηκεν
1436 722 1488 776 Β]
1521 717 1718 772 πεποίηκ’
1777 719 1872 762 ἄπο-

322 777 537 831 κναίσειεν]
559 775 686 817 άποκν
690 778 808 817 ίσειεν
829 779 872 820 O.
962 781 999 818 3.
1021 775 1100 818 κὸἰν
1118 780 1281 818 Porson.
1287 777 1299 831 ]
1322 778 1402 819 καὶ.
1479 781 1517 822 4.
1538 794 1573 818 τι
1593 780 1683 819 add.
1704 780 1870 820 casaub.

437 836 594 874 Hellad.
625 835 742 874 Phot.
774 836 879 873 Bibl.
912 837 1013 883 535,
1036 837 1059 873 2
1100 835 1141 874 οἱ
1170 831 1337 873 Ἀττικοὶ
1374 835 1476 874 κατά
1512 850 1550 874 τι
1584 833 1750 886 πάτριον
1780 834 1874 882 ἔθος

322 886 369 930 οὐ
394 905 570 943 χρωνται
600 896 648 945 τῇ
670 905 703 929 ει
733 886 942 945 διφθόγγῳ
974 889 1017 930 ἐν
1046 890 1098 944 τῷ
1127 888 1255 942 λέγειν
1285 889 1323 938 ἐς
1345 888 1514 943 κόρακας
1543 889 1572 943 ἢ
1594 889 1631 940 ἐς
1660 891 1872 945 μακαρίαν,

320 943 412 985 ἄλλ’
446 946 548 987 ἄνευ
592 952 662 986 τοῦ
692 945 877 999 διχρόνον
915 946 1138 996 ἐκφωνοῦσι
1175 946 1247 998 τὴν
1289 947 1494 999 πρόθεσιν.
1537 946 1697 1003 (Mein.)
1731 970 1786 977 -
1821 950 1871 988 of.

324 1005 448 1044 Arist.
481 1005 560 1054 Eq
595 1006 698 1043 1151
741 1018 829 1043 cum
867 1016 956 1042 mea
996 1005 1083 1043 adn.
1109 1007 1156 1044 et
1184 1005 1322 1043 Lehrs.
1354 1005 1494 1055 Popul.
1524 1006 1638 1044 Aufs.
1670 1005 1751 1044 344
1781 1006 1872 1045 adn.

322 1073 440 1100 versu
470 1061 496 1098 4
526 1073 608 1099 non
636 1063 796 1111 poetae,
828 1061 896 1100 sed
930 1061 1126 1100 Athenaei
1155 1062 1277 1100 verba
1307 1063 1501 1101 contineri
1531 1062 1730 1102 videntur.
1789 1072 1890 1100 στε--4

323 1115 416 1168 ρεόν
445 1120 550 1156 certe
579 1119 822 1167 corruptum.

1056 1181 1139 1223 246

796 1259 1064 1315 μεταλλάξαι
1095 1260 1291 1315 διάφορα
1320 1262 1534 1316 βρώματα

595 1324 694 1369 ἔσθ’
726 1324 840 1381 ἡδύ,
872 1327 946 1368 καὶ
977 1329 1069 1369 τῶν
1099 1328 1315 1376 πολλάκις
1344 1329 1673 1384 θρυλουμένων

595 1393 835 1449 διάμεστον
865 1393 973 1436 ὄντα
1003 1393 1053 1436 τὸ
1085 1393 1463 1449 παραγεύσασθαί
1487 1411 1608 1446 τινος

595 1463 776 1514 καινοῦ,
809 1463 1002 1517 παρέσχε
1032 1463 1274 1506 διπλασίαν
1304 1462 1388 1519 τὴν
1416 1461 1603 1518 ἡδονήν.

1856 1440 1876 1451 ῃ

437 1557 665 1595 Athenaeus
696 1557 733 1604 2,
755 1557 808 1595 45
826 1569 848 1594 a
876 1554 1110 1605 μεταλλάξαι
1137 1555 1324 1608 βρωματα
1355 1551 1525 1605 διάφορά
1555 1553 1645 1595 ἔσθ’
1676 1552 1769 1608 ἡδυ,
1801 1542 1890 1609 (ym-¹

326 1612 391 1652 σὶν
417 1607 658 1663 Ἀντιφάνης
689 1614 769 1652 κτλ.
866 1615 904 1652 1.
943 1610 984 1651 τὸ
1014 1627 1091 1665 γαρ
1126 1611 1362 1664 μεταλλάξαι
1393 1609 1564 1672 διάφορα
1592 1614 1654 1681 βρ.
1686 1611 1890 1668 casaub]

323 1685 361 1720 μ.
395 1670 458 1721 βρ.
494 1665 679 1720 διάφορα.
774 1671 812 1707 2.
850 1668 1155 1722 θρυλ.1)111(11’]
1185 1671 1327 1719 θρυλλ.
1421 1671 1462 1707 4.
1501 1669 1671 1720 παρέσχε
1701 1669 1807 1709 διπλ.
1840 1685 1874 1711 τ.

324 1723 390 1776 ἡδ.
425 1724 668 1778 Schweigh.]
701 1724 807 1767 διπλ.
838 1739 880 1765 π.
912 1740 944 1765 τ.
975 1719 1039 1776 ἡδ.
1069 1726 1235 1765 Porsen.
1258 1727 1362 1766 Adv.
1390 1727 1466 1765 106
1497 1725 1602 1766 διπλ.
1632 1723 1707 1778 γὰρ
1737 1740 1779 1766 π,
1810 1723 1890 1778 ἡδ

437 1783 634 1850 Anaxipp.
660 1785 695 1834 1,
718 1783 744 1820 4
774 1775 883 1820 οὗτοι
913 1782 972 1834 (οἵ
986 1781 1180 1833 μάγειροι)
1211 1780 1257 1820 τὰ
1287 1796 1360 1833 μεν
1389 1776 1536 1821 παλαιά
1565 1781 1632 1822 καὶ
1661 1782 1890 1832 θρυλού-

324 1853 448 1890 μενα
477 1835 667 1890 ἀρτύματ’
686 1814 917 1888 ἐξήλειψαν
947 1837 990 1877 ἐκ
1019 1844 1099 1877 τῶν
1128 1838 1315 1891 βυβλίων.

1059 1948 1141 1990 247

528 2025 578 2069 τὸ
609 2026 696 2081 γάρ
728 2027 1082 2079 πεπαιδεῦσθαι,
1115 2025 1258 2080 μόνον
1287 2025 1344 2068 ἄν
1374 2043 1438 2076 τις
1466 2025 1590 2069 τοῦτ’
1621 2029 1721 2084 ἔχῃ,

529 2093 695 2149 άληθές
727 2095 820 2136 ἐστι
850 2094 925 2136 καὶ
955 2093 1004 2136 τὸ
1034 2097 1125 2135 τῶν
1155 2092 1442 2148 ἀδικημάτων

529 2161 588 2217 μὴ
619 2160 866 2216 λαμβάνειν
895 2160 973 2211 τὰς
1001 2160 1122 2212 άξίας
1151 2163 1384 2216 τιμωρίας,
1886 2204 1890 2213 2

531 2229 674 2272 ἐλεεῖν
706 2228 754 2270 δὲ
785 2229 975 2278 πάντως.
1881 2216 1890 2277 ξ

1882 2291 1890 2306 3

443 2324 634 2362 Stobaeus
645 2323 782 2361 Floril.
794 2322 915 2362 Gaisf.
927 2323 1009 2361 IIII
1023 2323 1188 2373 append.
1205 2336 1277 2362 ms.
1291 2323 1585 2373 Florent.p.34
1603 2320 1877 2374 Ἀντιφάνους.

329 2382 364 2419 1.
396 2377 464 2433 ἔχῃ
494 2377 632 2431 Mein.]
667 2377 758 2429 ε’χοι.
847 2380 884 2418 2.
916 2376 983 2416 καὶ
1013 2376 1110 2430 παρ’
1141 2374 1391 2429 ἠδικηκότων
1419 2380 1470 2418 Η.
1491 2380 1624 2418 Iacobi
1654 2380 1691 2417 V
1729 2390 1883 2423 cmxxv.

327 2418 451 2475 ἐλεεῖν
468 2436 519 2474 Η.
540 2432 690 2487 Iacobi]
722 2432 836 2474 ἑλεῖν.
925 2436 973 2474 cf.
997 2435 1135 2475 Cobet.
1158 2436 1207 2474 V.
1228 2432 1274 2474 1.²
1297 2437 1359 2474 16
1402 2448 1501 2485 quae
1532 2436 1584 2474 H.
1606 2437 1737 2476 Iacobi
1766 2436 1803 2474 V
1825 2439 1848 2477 7
1876 2435 1878 2438 ’

329 2493 539 2543 proposuit
568 2492 718 2530 nullius
749 2494 843 2530 sunt
861 2492 993 2542 pretii.
1053 2493 1152 2531 bene
1182 2492 1286 2530 idem
1317 2492 1487 2531 contulit
1507 2492 1711 2532 Demosth.
1735 2494 1800 2543 21,
1825 2494 1878 2532 12

333 2549 389 2595 εἰς
419 2552 606 2586 τοσοῦτον
636 2542 788 2597 ἀφῖχθε
819 2547 1144 2598 φιλανθρωπίας.
1163 2545 1281 2587 ,ωστε
1309 2546 1376 2586 καὶ
1396 2552 1476 2586 τῶν
1504 2545 1694 2599 πρότερον
1721 2562 1878 2601 γεγενη

333 2602 466 2654 μένων
484 2600 744 2655 άδικημάτων
764 2601 807 2642 τὸ
826 2602 1048 2655 λαμβάνειν
1067 2603 1186 2654 δίκην
1206 2601 1396 2654 ἐπέσχετε.
1446 2617 1491 2643 ao
1512 2605 1696 2644 similiter
1713 2605 1824 2645 Phile

330 2663 394 2708 88,
420 2662 483 2699 14.
572 2674 610 2700 v.
632 2662 656 2699 2
687 2661 825 2710 utique
855 2656 1034 2710 εὔηθές
1065 2658 1146 2698 ἐστι
1175 2661 1421 2700 scribendum
1454 2663 1529 2700 est.
1590 2662 1742 2701 dixerat
1769 2662 1838 2712 qui
1867 2700 1873 2703 A

333 2718 438 2766 piam
470 2718 686 2756 humanum
718 2729 801 2755 esse
831 2717 1000 2756 inimicis
1030 2717 1246 2767 ignoscere.
1298 2718 1511 2767 respondet
1539 2718 1640 2756 alter
1667 2730 1747 2757 non
1777 2731 1856 2757 sem

331 2787 400 2823 per
430 2775 486 2812 ita
517 2786 556 2812 se
587 2773 750 2812 habere:
782 2773 1068 2812 humanitatem
1098 2774 1202 2812 enim
1233 2786 1306 2823 per
1335 2786 1375 2813 se
1407 2774 1551 2824 solam,
1590 2774 1624 2812 si
1652 2774 1807 2813 iustitia
1835 2786 1857 2813 e

334 2830 543 2868 severitate
573 2831 724 2878 careat,
763 2829 1002 2880 nimiamque
1039 2830 1269 2881 ignoscendi
1306 2829 1537 2883 facilitatem
1567 2829 1749 2869 stolidam
1779 2842 1878 2870 esse>
