1864 3204
141 0 168 11 .-

86 54 117 79 ’ῳ

17 74 28 88 ι
150 99 162 108 h

190 306 234 340 10
261 299 478 353 πλοῦτον,
509 294 701 353 ὑγίειαν,
733 305 875 352 σῖτον,
906 293 1050 351 οἶνον,
1078 293 1254 352 ἡδονὴν

264 363 377 423 αὕτη
409 366 591 410 δίδωσι·
621 368 762 409 ταῦτα
781 363 930 408 πάντ’
950 363 1011 408 ἄν
1043 365 1227 421 ἐκλίπῃ,

262 435 455 491 τέθνηκε
485 436 617 491 κοινῇ
647 435 734 484 πᾶς
763 430 788 475 ὁ
816 436 911 476 ταῖν
940 431 1121 486 ζώντων
1149 434 1258 488 βίος.

176 528 373 570 Stobaeus
403 529 542 569 Floril.
574 530 649 579 55,
679 529 704 567 5
741 525 968 578 Φιλήμονος
1008 524 1052 566 ἐκ
1091 523 1257 579 Πύρρου
1295 527 1347 565 A.
1397 519 1624 577 Φιλήμονος

18 579 264 638 Ἐμπόρον
294 586 417 626 Mein.
488 587 526 627 2.
557 581 594 623 τ’
617 581 772 636 αὐτοῖς]
804 580 852 623 θ’
876 582 1034 631 ἑαυτοῖς
1062 583 1230 623 AVoss.
1305 579 1523 622 ἀναλοῦται
1553 596 1625 622 πο-

19 663 23 668 ·
58 640 133 690 λὸς
161 643 214 683 A.
293 644 331 683 3.
363 637 547 695 τάγαθόν
576 639 683 681 ἐστιν
711 642 887 681 Brunck.
908 642 1031 681 Arist.
1055 640 1163 680 Plut.
1187 642 1279 680 985.
1318 637 1401 679 ἐστι
1430 636 1626 692 τάγαθόν,

59 695 156 740 οὐδὲ
184 699 306 740 Mein.
385 695 506 738 κούδὲ
536 693 611 752 εἷς]
642 694 776 746 oddag
807 699 856 737 A.
937 699 978 738 5.
1009 694 1164 750 λέγουσι
1195 697 1253 736 Βι
1257 694 1392 749 unck]
1423 694 1625 736 πλέκουσι.

61 756 231 798 fortasse
260 752 519 808 βλέπουσι.
611 757 650 795 7.
681 754 820 807 εἰρήνη
846 750 949 794 ’στίν
979 752 1159 822 Grotius]
1192 753 1352 822 εἰρήνης
1384 749 1476 792 τίν’.
1560 756 1625 794 10.

62 809 219 864 ἡδονὴν
246 826 326 854 οιιι.
349 813 466 855 Voss.
538 815 603 852 11.
636 826 739 862 αυτη
769 811 909 851 δίδωσι
938 816 1062 851 ταῦτα
1091 806 1239 861 πάνθ’,
1270 808 1322 849 α“ν
1344 808 1483 879 ἐκλίπῃ
1505 811 1626 850 Mein.

61 882 136 910 ser.
167 867 271 920 αὕτη
301 869 443 909 δίδωσι
472 875 596 909 ταῦτα
628 865 774 909 πάντ’·
813 884 868 908 αν
897 865 937 907 δ’
970 866 1110 922 ἐκλίπῃ
1140 864 1213 922 (sc.
1245 866 1369 919 αὕτη,
1399 863 1424 917 ἡ
1458 850 1628 919 εἰρήνη).

485 196 661 232 maxa
684 197 720 231 ιι
744 195 892 232 ΡοΔιΑ
919 218 960 224 -
985 195 1201 230 ΣΛΡΔιοΣ
1542 192 1625 235 497

707 993 981 1027 ΠΤΡΦΟΡΟΣ

176 1064 319 1103 Pollux
350 1064 389 1112 8,
414 1065 495 1103 116
532 1061 739 1114 πυρφόρος
775 1065 871 1110 παῖς
902 1058 1055 1114 αἱρετὸς
1087 1058 1129 1100 ἐκ
1158 1060 1469 1114 καθαρευούσης
1499 1061 1628 1110 οἰκίας

60 1116 142 1159 ὑπὸ
173 1119 330 1172 χλανίδι
358 1118 425 1159 καὶ
453 1118 626 1174 στροφίῳ
653 1116 911 1172 περιέρχεται,
942 1124 1025 1171 πῦρ
1048 1116 1111 1158 ἐπὶ
1131 1116 1222 1165 τοὺς
1242 1118 1403 1171 βωμοὺς
1425 1118 1630 1167 ἐπιτιθείς.

62 1178 111 1217 of.
143 1177 186 1217 O.
208 1178 255 1218 F.
277 1177 414 1217 Herm.
446 1177 540 1217 Ant,
572 1178 644 1217 rel.
676 1178 744 1228 36,
771 1178 836 1215 14.

315 1331 401 1384 οὐκ
432 1335 556 1376 ἔστιν
588 1330 693 1376 οὔτε
721 1332 976 1388 ζωγράφος,
1008 1331 1069 1388 μοὶ
1099 1330 1205 1383 τοὺς
1234 1333 1396 1387 θεούς,

318 1398 420 1444 οὔτ’
443 1398 840 1456 ἀνδριαντοποιός,
873 1399 994 1451 ὅστις
1024 1396 1083 1443 ἂν
1113 1401 1281 1444 πλάσαι

320 1471 485 1520 κάλλος
514 1472 739 1523 τοιοῦτον,
771 1463 870 1512 οἷον
900 1466 1076 1525 ἁλήθει’
1101 1471 1200 1524 ἔχει.

317 1535 415 1580 οὔτ’
439 1537 708 1593 ἀνδριάντος
737 1535 824 1593 γὰρ
855 1539 1003 1586 καλῶς
1033 1538 1367 1592 πεπλασμένον,

268 1615 289 1646 6
319 1621 379 1648 αν
408 1602 467 1662 μὴ
498 1605 582 1649 τὸν
612 1604 951 1662 αἰσθησόμενον
979 1602 1006 1661 ἡ
1037 1606 1169 1660 τέχνη
1201 1605 1327 1662 λάβῃ.

180 1688 373 1728 Stobaeus
402 1690 543 1728 Floril.
576 1690 642 1739 65,
666 1690 690 1728 6
721 1685 944 1739 Φιλήμονος
977 1686 1200 1754 Πυρφόρου
1229 1688 1277 1728 A
1363 1690 1398 1727 1.
1431 1685 1506 1742 μα]
1536 1685 1631 1739 μετὰ

69 1746 119 1786 Α.
197 1747 239 1787 3.
272 1748 462 1785 τοσοῦτον
491 1747 539 1786 A.
592 1740 798 1813 ἁλήθει’]
828 1759 854 1813 η
885 1739 1062 1815 ἀλήθει’.
1136 1747 1229 1796 post
1260 1759 1297 1784 v.
1319 1746 1345 1783 4
1376 1758 1535 1785 versum
1567 1759 1630 1785 ex-

69 1803 212 1843 cidisse
242 1803 362 1842 talem
396 1803 478 1842 fere
515 1798 602 1842 οὔτ’
632 1800 774 1852 ὄφελος
811 1797 932 1840 οὐδὲν
968 1795 1015 1841 εὖ
1052 1799 1322 1855 γεγραμμένης
1352 1806 1510 1854 γραφῆς
1541 1815 1632 1843 con-

70 1860 168 1900 iecit
195 1859 362 1900 Porsen.
394 1859 534 1899 Traots
566 1860 661 1899 255.

181 1917 230 1956 de
260 1917 459 1956 sententia
487 1930 526 1959 v.
548 1918 587 1955 4.
611 1918 634 1955 5
665 1916 1177 1966 cf.A10xid.149,1—4.
1230 1916 1401 1955 conflata
1431 1918 1526 1955 sunt
1554 1916 1631 1956 duo

67 1974 308 2025 fragmenta,
337 1986 507 2024 quorum
537 1974 707 2013 alterum
737 1986 935 2024 nusquam
955 1975 1109 2012 tantam
1131 1985 1215 2012 esse
1236 1976 1427 2024 quantam
1450 1974 1633 2013 veritatis

68 2033 338 2081 venustatem,
379 2031 551 2070 alterum
580 2031 682 2070 nihil
711 2032 838 2069 artem
865 2042 1004 2081 posse,
1035 2030 1114 2068 nisi
1144 2030 1280 2069 fruens
1311 2042 1356 2068 ea
1386 2030 1540 2070 animus
1570 2042 1632 2069 ae·

69 2087 203 2138 cedat,
244 2087 378 2156 dooet3
428 2090 549 2138 atque
586 2087 756 2126 alterum
795 2087 1076 2138 supplemento
1113 2089 1206 2137 eget
1244 2082 1349 2140 (οὔτ’
1381 2080 1433 2125 αὖ
1471 2091 1629 2139 γραφῆς

68 2141 207 2195 ὄνησις
238 2157 283 2183 εν
314 2141 622 2196 γεγραμμένης)-

742 2221 955 2255 ΣΑΡΔΙΟΣ

184 2291 340 2330 Anulus
380 2290 628 2342 significatur
666 2290 930 2342 signatorius.
974 2290 1111 2340 quales
1149 2290 1379 2340 saepissime
1421 2303 1467 2329 ex
1498 2291 1632 2330 sardo·

73 2348 203 2399 nyche
233 2347 444 2387 faciebant.
497 2347 697 2398 Theophr.
729 2347 868 2398 Lepid.
901 2348 937 2385 8.
962 2347 1029 2386 23.
1053 2348 1120 2387 30.
1150 2346 1254 2386 ΡΙίιι.
1276 2347 1325 2386 N.
1345 2346 1386 2385 h.
1410 2349 1475 2395 37,
1499 2349 1552 2386 86
1571 2361 1632 2398 sq.

71 2405 239 2444 fortasse
282 2406 564 2444 testamentum
617 2404 860 2455 sardonyche
906 2404 1110 2454 signatum
1152 2405 1432 2454 argumentum
1477 2404 1634 2443 fabulae

70 2461 267 2512 praebuit.
857 2513 883 2555 3

247 2583 289 2625 εἰ
316 2580 369 2624 τὰ
400 2580 565 2637 δάκρυ’
586 2579 696 2638 ἡμῖν
725 2584 817 2624 τῶν
846 2582 1000 2623 κακῶν
1024 2575 1083 2637 ἦν
1113 2580 1369 2636 φάρμακον,

244 2648 316 2693 ἀεί
342 2647 391 2693 θ’
415 2648 439 2692 ὁ
469 2648 668 2699 κλαύσας
696 2651 778 2691 τοῦ
808 2655 967 2692 πονεῖν
999 2648 1214 2703 ἐπαύετο,

245 2715 575 2774 ἠλλαττόμεσθ’
595 2713 655 2759 ἂν
684 2716 862 2772 δάκρυα
892 2715 1047 2768 δόντες
1077 2718 1285 2772 χρυσίον·

245 2787 334 2828 νῦν
364 2784 408 2827 δ’
431 2782 487 2828 ου’
515 2785 723 2839 προσέχει
752 2783 806 2828 τά
837 2783 1060 2841 πράγματ’
1085 2782 1183 2826 οὐδ’
1206 2782 1449 2838 ἀποβλέπει

198 2863 219 2894 5
251 2854 313 2903 εἰς
341 2856 505 2906 ταῦτα,
537 2848 735 2906 δέσποτ’,
766 2851 881 2896 ἀλλὰ
911 2851 994 2907 τὴν
1024 2850 1169 2908 αὐτὴν
1200 2848 1326 2904 ὁδόν,

143 2928 261 2955 Comici
283 2928 401 2961 graeei.
423 2928 472 2955 ed.
494 2928 554 2955 Th.
576 2928 690 2955 Kook.
724 2928 767 2955 11.
1322 2922 1365 2955 32
