1806 3216
209 177 293 218 560
881 166 1092 201 ΔΙΦΙΛΟΤ

211 278 382 326 Διφίλου
411 274 453 314 τὸ
483 277 563 313 κτλ.
655 277 691 312 1.
722 282 771 310 συ
804 270 851 322 δη
882 271 930 310 A.
1029 271 1066 307 2.
1100 269 1145 309 Β.
1177 267 1264 306 add.
1295 267 1441 306 Naber.
1490 266 1634 304 Mnem.
1666 277 1758 304 nov.

210 335 306 373 VIII
328 335 422 374 426.
469 346 518 381 νη
550 329 619 368 διω
651 330 699 368 A.
749 331 836 378 παῖ,
868 325 938 373 δός
970 322 1160 377 Οαεειιὼ]
1190 322 1328 368 παῖδες
1359 323 1409 361 Α.

856 459 1118 494 ΠΑΛΛΑΚΙΣ

969 549 1024 591 59

483 630 707 686 βουβάλια
739 632 926 683 καρπῶν
957 600 1190 680 παρθένου
1221 624 1458 681 φορήματα

326 727 502 776 Etymol.
534 740 585 763 m.
620 726 714 771 206,
752 726 800 762 16
833 720 1068 774 βουβάλιον·
1100 719 1244 770 κόσμος
1274 723 1443 771 χρυσοῦς
1472 714 1768 768 περιτιθέμενος

213 789 271 837 τῷ
299 784 445 836 καρπῷ.
509 781 675 831 Δίφιλος
707 778 748 818 ἐν
780 778 1001 816 Παλλακίδι
1030 780 1108 815 κτλ.
1197 774 1405 827 φορήματα
1436 772 1491 827 V]
1523 772 1767 826 φρονήματα.

216 839 438 878 Παλλακίόι
469 840 553 876 cod.
577 838 722 876 Milleri
754 837 955 886 Melanges
978 833 1049 886 68]
1088 833 1288 886 Παλλακῇ.
1333 832 1504 882 Hesych.
1527 827 1765 882 βουβάλων·

213 894 400 948 γυναικὸς
431 890 646 945 κοσμάριον
677 892 740 944 (ex
772 893 924 932 emend.
956 889 1106 943 Mein).
1159 891 1208 929 cf.
1241 890 1413 928 Nicostr.
1446 890 1511 930 33.

854 1014 1140 1048 ΠΑΡΑΣΙΤΟΣ

329 1101 513 1138 Fortasse
543 1099 647 1137 idem
678 1111 766 1137 cum
799 1097 959 1136 Telesia.

969 1217 1024 1258 60

423 1292 472 1341 εὖ
502 1297 545 1354 γ’
579 1297 602 1342 ὁ
635 1298 915 1353 κατάχρυσος
946 1292 1041 1337 εἷπε
1071 1293 1202 1337 πόλλ’
1234 1292 1500 1348 Εὐριπίδης·

424 1370 550 1423 ’νικᾷ
582 1367 631 1408 δὲ
661 1367 787 1420 χρεία
818 1362 862 1420 μ’
897 1361 923 1418 ἡ
954 1362 1235 1418 ταλαίπωρός
1263 1360 1316 1404 τέ
1340 1375 1427 1415 μου

424 1434 627 1489 γαστήρ)
688 1430 1080 1486 ταλαιπωρότερον
1109 1429 1244 1472 οὐδέν
1275 1429 1369 1471 ἐστι
1398 1426 1483 1482 γὰρ

426 1510 508 1557 τῆς.
533 1502 744 1556 γαστρός,
778 1501 840 1550 εἰς
868 1499 927 1554 ἢν
959 1501 1140 1554 πρῶτον
1172 1495 1381 1552 ἐμβάλοις
1419 1530 1428 1538 .
1475 1529 1484 1538 .

376 1579 396 1610 5
428 1568 529 1612 ἀλλ’
562 1567 644 1624 οὐχ
673 1569 830 1624 ἕτερον
860 1566 1056 1622 ἀγγεῖον.
1116 1565 1166 1607 ἐν
1197 1564 1317 1621 πήρᾳ
1347 1564 1500 1619 φέροις

425 1637 590 1692 ἄρτους
619 1636 692 1692 ἄν,
724 1634 817 1678 ἀλλ’
849 1630 904 1677 οὐ
935 1633 1095 1689 ζωμόν,
1126 1632 1154 1687 ἢ
1185 1634 1460 1688 διαφθερεῖς.

429 1707 490 1756 εἰς
520 1706 719 1760 σπυρίδα
750 1704 885 1759 μάζας
917 1703 1148 1757 ἐμβαλεῖς,
1181 1699 1274 1742 ἀλλ’
1307 1698 1362 1742 οὐ
1393 1701 1560 1754 φακῆν,

426 1773 631 1826 οἰνάριον
661 1773 723 1822 εἰς
754 1772 969 1825 λάγυνον,
1001 1767 1091 1811 ἀλλ’
1126 1767 1180 1810 οὐ
1211 1765 1424 1822 κάραβον.

427 1843 488 1890 εἰς
520 1839 601 1896 τὴν
630 1845 754 1889 θεοῖς
785 1836 956 1894 ἐχθράν
987 1837 1036 1880 δὲ
1067 1836 1235 1892 ταύτην
1267 1833 1468 1890 εἰσφόρει

358 1920 399 1950 10
429 1910 482 1951 τὰ
514 1907 652 1951 πάνθ’
687 1907 862 1956 ἑαυτοῖς
890 1905 1031 1961 μηδὲν
1061 1904 1411 1959 ὁμολογούμενα.

428 1976 512 2019 κού
543 1978 818 2031 προστίθημι
850 1973 1012 2028 τᾶλλα,
1045 1972 1160 2015 διότι
1189 1972 1419 2026 πανταχοῦ

430 2043 504 2087 διὰ
535 2042 615 2099 τὴν
646 2044 864 2086 τάλαιναν
895 2040 1040 2083 πάντα
1070 2040 1236 2094 ταύτην
1267 2040 1452 2093 γίνεται.

342 2140 567 2177 Athenaeus
608 2140 679 2185 10,
702 2137 818 2175 4221)
854 2134 1019 2184 Δίφιλος
1051 2131 1094 2172 ἕν
1125 2131 1337 2185 Παρασίτῳ
1368 2133 1447 2170 κτλ.
1522 2144 1557 2170 v.
1586 2132 1607 2168 1
1639 2130 1779 2169 Eusta-

229 2197 336 2235 thius
361 2196 480 2242 1205,
499 2196 552 2233 20
573 2190 818 2245 Εὐριπίδης,
842 2189 889 2231 ὃν
909 2189 1156 2241 κατάχρυσον
1177 2183 1197 2227 ὃ
1222 2188 1388 2238 Δίφιλος
1409 2182 1530 2226 εἶπεν.
1593 2189 1628 2226 1.
1650 2179 1779 2238 πόλλ’]

227 2249 336 2291 τοῦτ’
371 2251 533 2290 Grotius
566 2252 749 2300 Excerpt.
782 2250 876 2288 793.
964 2249 1001 2289 2.
1034 2260 1080 2296 με
1112 2248 1159 2285 Α.
1256 2247 1293 2285 3.
1324 2241 1442 2283 οὐδέν
1471 2241 1552 2282 ἐστι
1580 2240 1656 2294 γάρ
1685 2239 1780 2310 VL]

227 2307 302 2360 γὰρ
333 2304 452 2346 οὐδέν
483 2305 559 2345 ἔστι
591 2308 640 2345 Α.
727 2308 768 2350 4.
795 2305 952 2357 πρῶτον
980 2301 1035 2356 A]
1065 2297 1183 2341 πάντ’
1216 2298 1270 2340 ἂν
1299 2301 1340 2341 C.
1390 2305 1548 2351 πρῶτον
1574 2296 1628 2338 ἂν
1656 2297 1762 2337 πάντ

228 2366 402 2405 Grotius.
464 2358 643 2415 ἐμβάλοις
675 2360 773 2415 VL]
806 2360 985 2413 ἐμβαλεῖς
1015 2361 1062 2399 A.
1120 2357 1273 2410 βρωτὸν
1311 2355 1492 2407 ἐμβαλεῖς
1521 2353 1631 2395 ἅπαν
1659 2356 1778 2395 Mein.

229 2418 349 2460 πάντ’
389 2417 442 2459 ἂν
479 2417 661 2471 ἕμβάλοις
697 2417 781 2467 ἅμα
811 2418 1015 2457 Herwerd.
1050 2418 1152 2456 Nov.
1185 2416 1274 2454 add.
1304 2415 1392 2453 crit.
1424 2415 1491 2454 43.
1523 2414 1590 2463 44,
1622 2413 1684 2451 eui
1713 2412 1780 2450 ad-

229 2480 391 2518 sentior.
470 2479 509 2517 5.
540 2471 620 2515 άλλ’
644 2473 713 2526 οὐχ
745 2473 875 2526 ἕτερον
905 2474 959 2520 εἰς
989 2470 1108 2524 ἄγγος
1130 2473 1248 2512 Mein.
1290 2466 1349 2516 ὦς
1379 2467 1450 2520 οὐχ
1480 2467 1529 2509 ἔτ.
1551 2465 1710 2520 ἀγγεῖον
1728 2468 1779 2507 Κ.

231 2537 268 2574 6.
300 2533 502 2586 ἄρτουσαν
539 2530 660 2571 ἄλλου
690 2533 737 2571 Α.
840 2533 877 2570 9.
909 2531 1109 2583 εἰσφορεῑν
1134 2531 1140 2578 Ι
1166 2525 1286 2566 πάντ’
1327 2523 1420 2564 ἔσθ’
1462 2527 1582 2565 Mein.
1613 2527 1655 2564 in
1683 2524 1780 2564 Ath.

233 2593 297 2630 10.
330 2589 375 2629 τὰ
406 2586 537 2629 πάνθ’
570 2587 666 2640 VL]
698 2584 827 2627 πάντα
857 2588 905 2626 Α.
955 2581 1114 2625 ἅπανθ’
1146 2585 1299 2625 Iacobs.
1330 2583 1434 2622 Add.
1464 2582 1558 2623 Ath.
1592 2584 1629 2621 9.
1687 2584 1780 2627 πᾶς

231 2645 342 2697 φέρει
370 2647 375 2699 Ι
400 2642 558 2685 ἅπανθ’
591 2646 640 2685 Κ.
760 2647 823 2683 11.
857 2637 903 2681 τα
931 2637 1028 2682 ἄλλα
1058 2643 1107 2681 Α.
1219 2643 1282 2683 12,
1314 2637 1464 2690 ταύτην
1494 2638 1543 2690 C]
1576 2641 1700 2676 ταῦτα
1728 2637 1779 2676 A.

230 2698 276 2741 τά
308 2701 413 2742 κακὰ
445 2703 610 2742 Casaub.
669 2697 789 2740 πάντ’
830 2698 979 2738 ἄτακτα
1009 2700 1158 2740 Iacobs.
1192 2699 1286 2737 229.
1335 2693 1465 2734 πάντα
1500 2694 1649 2747 γίνεται
1677 2690 1781 2732 κακά

231 2762 351 2799 Mein.
374 2761 451 2798 An.
474 2760 570 2801 Ath.
593 2761 685 2797 191.
724 2753 847 2796 ταύτὰ
867 2757 1057 2807 Volgraff.
1079 2756 1223 2794 Mnem.
1246 2767 1335 2793 nov.
1359 2754 1394 2791 X
1414 2754 1509 2791 421.
1532 2753 1571 2790 2.
1612 2751 1780 2790 fortasse

231 2813 396 2855 πάντα
427 2829 519 2854 που
546 2814 551 2868 Ι
578 2812 643 2853 διὰ
675 2811 748 2864 τὴν
777 2828 809 2853 τ.
842 2809 886 2852 τὰ
923 2811 1026 2851 κακὰ
1065 2810 1212 2862 ταύτην
1249 2824 1286 2861 γ.
1317 2811 1394 2849 duo
1423 2809 1613 2859 postremi
1643 2819 1781 2846 versus
