1864 3204
578 221 754 255 ΒΛΒῙΑΣ
788 239 828 245 -
863 220 1195 255 ΚΑΛΛΩΜΔΗΣ
1590 217 1672 260 277

106 326 216 378 dicit,
248 330 452 378 tamquam
485 327 566 366 sint
595 326 644 365 de
674 326 784 365 caelo
815 327 955 366 tactae.
1004 338 1098 366 nam
1129 325 1216 364 loca
1245 324 1413 364 fulmine
1435 325 1543 365 tacta
1563 324 1672 364 adire

104 397 188 426 non
218 384 375 424 licebat.
427 384 477 423 cf.
510 383 708 435 Anaxipp.
740 384 777 434 3,
801 384 838 424 6.

869 496 896 536 4

161 575 386 632 βούλομαι
417 573 458 617 δ’
481 572 603 631 αὐτῷ
634 581 869 628 προειπεῖν
900 568 993 624 οἶός
1023 574 1111 629 εἰμι
1141 572 1246 623 τούς
1275 572 1482 628 τρόπους.

161 641 221 687 ἄν
250 659 315 695 τις
345 643 492 700 ἑστιᾷ,
525 642 710 698 πάρειμι
741 644 942 697 πρῶτος,
974 639 1086 684 ὥστ’
1107 639 1193 697 ἤδη
1225 641 1363 683 πάλαι

341 746 350 755 .
417 709 556 767 ζωμὸς
585 713 823 766 καλοῦμαι.
880 710 953 753 δεῖ
978 709 1064 752 τιν’
1087 708 1288 764 ἄρασθαι
1317 710 1457 764 μέσον

161 782 253 823 τῶν
284 779 646 835 παροινούντων,
678 777 931 834 παλαιστὴν
961 776 1159 833 νόμισον·
1179 775 1382 832 Ἀργεῖόν
1412 776 1459 834 μ’
1486 775 1611 831 ὁρᾶν.

102 859 124 888 5
161 850 441 903 προσβαλεῖν
470 845 584 903 πρὸς
617 848 767 890 οἰκίαν
797 846 886 900 δεῖ,
919 846 1070 901 κριός·
1103 844 1333 901 ἀναβῆναί
1359 862 1402 888 τι
1431 845 1545 901 πρὸς

160 916 401 972 κλιμάκιον
467 950 475 959 .
554 950 563 959 .
629 915 896 970 Καπανεύς,
928 912 1175 970 ὑπομένειν
1205 909 1379 970 πληγάς
1409 912 1580 969 ἄκμων,

161 982 415 1035 κονδύλους
434 984 648 1027 πλάττειν
669 983 718 1026 δὲ
740 982 970 1038 Τελαμών,
993 980 1098 1033 τούς
1118 982 1288 1032 καλοὺς
1302 985 1466 1037 πειρᾶν
1483 983 1666 1033 καπνός.

221 1080 452 1119 Athenaeus
483 1081 521 1126 6,
546 1080 661 1118 238b
698 1075 944 1129 Ἀριστοφῶν
974 1074 1019 1115 ἐν
1044 1073 1182 1130 Ἰατρῷ
1212 1087 1312 1127 φησι
1341 1079 1421 1116 κτλ.
1501 1091 1538 1117 v.
1571 1080 1609 1117 5.
1642 1080 1666 1117 6

103 1137 338 1177 Eustathius
372 1137 500 1187 1951,
522 1137 578 1174 40
615 1133 829 1185 παράσιτος
867 1132 912 1173 ἐν
947 1137 1029 1181 τοῖς
1059 1140 1129 1172 τοῦ
1160 1134 1494 1184 δειπνοσοφιστοῦ
1525 1132 1668 1174 ἑαυτὸν

102 1191 314 1244 σεμνύνων
350 1190 449 1232 ἄλλα
484 1189 525 1231 τέ
560 1206 649 1231 τινα
685 1190 860 1243 γλυκέως
897 1188 1000 1242 λέγει
1035 1190 1126 1241 περὶ
1163 1189 1308 1230 ἑαυτοῦ
1343 1189 1444 1229 κατὰ
1475 1189 1667 1244 εἰκασμὸν

98 1246 271 1301 ἀστεῖον,
301 1248 370 1289 καὶ
399 1263 461 1290 οτι
488 1246 691 1301 ἀναβῆναι
720 1244 823 1296 πρὸς
853 1243 1068 1299 κλιμάκιόν
1098 1247 1176 1299 εἶμι
1206 1246 1455 1294 Καππανεύς
1487 1247 1581 1302 (sio)
1613 1271 1664 1277 —

99 1305 252 1359 ἄκμων.
317 1309 353 1347 1.
385 1304 429 1346 δὲ
458 1307 508 1346 Α.
588 1308 626 1346 3.
658 1302 766 1356 παρὰ
799 1302 901 1344 νέων
930 1305 1133 1345 inserebat
1164 1304 1328 1344 Grotius
1359 1306 1544 1356 Excerpt.
1567 1307 1663 1346 839.

99 1366 141 1404 at
169 1364 310 1415 quidni
340 1360 465 1415 ζωμὸς
495 1358 575 1402 ὑπὸ
605 1359 769 1402 πάντων
798 1363 862 1402 vel
893 1362 1052 1413 quidvis
1083 1362 1221 1401 aliud?
1281 1376 1372 1400 τινα
1402 1358 1582 1414 ἀρᾶσθαι
1612 1364 1662 1402 A.

99 1423 138 1461 4.
166 1417 345 1472 Ἀργεῖον
363 1419 544 1471 Grotius]
577 1416 816 1471 αὖταργειον
835 1419 885 1458 Α.
914 1415 1096 1458 Ἀνταῖον
1118 1419 1545 1459 Iacobs.Anth01.V11
1568 1422 1662 1459 163.

99 1482 141 1518 at
161 1478 340 1518 Antaeus
369 1479 420 1517 ab
441 1477 611 1517 Hercule
641 1478 727 1528 ipse
757 1478 804 1516 de
834 1479 941 1516 terra
970 1477 1148 1516 sublatus
1177 1480 1273 1516 erat.
1355 1478 1390 1515 5.
1423 1477 1666 1528 προσβαλεῖν

100 1533 232 1588 Grot.]
262 1530 494 1587 προσβάδην
514 1536 565 1574 A.
635 1537 672 1575 6.
705 1531 962 1583 κλιμακίδιόν
981 1532 1059 1582 εἰμι
1096 1534 1141 1571 K.
1174 1534 1295 1572 Mein.
1314 1533 1433 1572 Anal.
1455 1534 1549 1573 Ath.
1571 1535 1663 1573 103.

214 1592 263 1633 cf.
291 1593 353 1631 10.
400 1592 590 1632 Teleclid.
616 1593 682 1630 19.
733 1590 952 1641 Antiphan.
987 1590 1067 1628 195
1099 1592 1140 1629 et
1168 1603 1270 1640 quae
1301 1590 1582 1630 adnotavimus
1614 1592 1663 1630 ad

99 1649 227 1688 Arist.
250 1649 358 1688 Nub.
381 1650 477 1691 260.
560 1650 595 1687 1.
627 1644 734 1701 αὐτῷ
763 1660 844 1687 ιιοιι
874 1647 1062 1698 congruit
1092 1660 1180 1686 oum
1211 1645 1376 1698 νόμισον
1395 1661 1433 1687 v.
1457 1649 1495 1687 4.
1528 1649 1662 1698 itaque

97 1708 168 1746 aut
196 1699 317 1753 αὐτὸς
348 1718 437 1745 οιιιιι
468 1705 843 1756 Schweighaeusero
865 1706 935 1743 aut
956 1700 1031 1755 ἐγὼ
1051 1704 1306 1743 scribendum
1327 1707 1398 1743 est.
1466 1705 1502 1746 2.
1537 1700 1664 1753 ζωμόν

98 1764 276 1802 omnium
307 1763 485 1802 ciborum
507 1763 681 1812 primum
703 1761 848 1811 adponi
871 1762 1035 1800 solitum
1057 1761 1279 1800 Meinekius
1301 1774 1348 1800 ex
1370 1761 1501 1800 verbis
1520 1764 1662 1811 poetae

98 1819 320 1859 concludit·
312 1850 320 1858 .
344 1820 411 1859 sed
428 1820 595 1858 fortasse
611 1831 684 1868 pro
701 1822 854 1867 πρωτος
871 1818 1123 1857 scribendum
1138 1817 1356 1869 λιπαρός.
1373 1818 1423 1856 of.
1434 1818 1662 1858 Anaxandr.

98 1877 164 1924 34,
183 1878 220 1917 5.
278 1877 318 1914 4.
350 1877 479 1915 luctae
509 1876 681 1926 palmam
712 1875 787 1914 sibi
819 1874 1075 1914 vindicabant
1096 1874 1250 1925 Argivi,
1284 1875 1467 1914 Herculis
1490 1876 1557 1925 qui
1581 1877 1660 1914 An-

97 1935 230 1972 tanum
251 1933 454 1972 devicerat
473 1933 652 1983 exemplo
673 1932 779 1970 freti.
811 1931 1130 1973 Anth01.Pa1‚11
1145 1945 1185 1981 p.
1200 1932 1278 1970 139
1293 1927 1520 1983 'Aoysc'oev‘
1497 1947 1522 1969 α
1540 1930 1661 1982 πτίλα,

98 1986 146 2028 οὕ
160 1985 333 2041 Λιβύων
350 1986 522 2044 (Mein.)
545 1988 902 2036 Theoor.24,110.
934 1987 1086 2027 Iacobs.
1103 1987 1191 2027 Del.
1214 1988 1338 2039 epigr.
1361 1989 1398 2038 3,
1411 1989 1480 2027 45.
1561 1990 1598 2028 5.
1622 1991 1659 2028 6.

97 2044 218 2098 πρὸς
248 2048 308 2085 κλ.
338 2059 455 2086 nomo
477 2046 704 2085 adscendit.
735 2045 904 2084 fortasse
936 2045 1188 2084 scribendum
1220 2040 1431 2096 ἀναβῆν’
1451 2042 1661 2096 ἑσπέρας

96 2100 304 2153 κλιμάκιον
335 2100 382 2150 ἐς
411 2101 600 2154 θυρίδα
631 2097 857 2148 Καπανεύς.
910 2101 959 2140 cf.
992 2101 1187 2143 Xenarch.
1220 2103 1441 2150 4,10.11.
1477 2103 1659 2142 Menand.

99 2161 181 2200 555
203 2161 323 2200 Mein.
414 2162 453 2199 7.
483 2157 693 2206 κονδύλοις
723 2153 909 2208 πλήττειν
940 2158 1186 2210 Schweighq
1219 2159 1288 2198 sed
1319 2173 1364 2198 ex
1395 2159 1550 2210 vulgari
1581 2174 1661 2199 ser-

98 2230 216 2257 mone
245 2217 461 2256 dictionem
491 2217 660 2256 fortasse
691 2217 858 2267 petitam
889 2227 974 2255 esse
1003 2218 1141 2254 monet
1170 2216 1290 2255 Mein.
1342 2216 1513 2266 Hesyoh.
1540 2218 1659 2255 Τελα-

96 2271 240 2324 μώνιοι
268 2270 476 2313 κόνδυλοι.
496 2304 505 2313 .
525 2271 704 2324 ,μεγάλοι
733 2270 799 2311 καὶ
829 2270 999 2322 χαλεποί.
1038 2270 1215 2323 καπνός,
1247 2273 1308 2311 ‘la
1337 2274 1467 2312 fumeo
1497 2274 1660 2313 cherche

99 2331 155 2370 les
195 2330 350 2369 beaux'
389 2331 646 2380 proverbium
686 2330 876 2380 gallicum
916 2327 1180 2382 (Villebrun).
1232 2328 1427 2370 Graecum
1463 2331 1504 2368 id
1533 2344 1660 2381 gonus

98 2387 353 2437 proverbium
383 2399 464 2426 non
493 2387 607 2437 novi,
640 2386 707 2426 sed
739 2385 1070 2435 Aristophontem
1101 2385 1404 2425 similitudinem
1435 2387 1527 2426 inde
1558 2390 1656 2437 peti-

98 2444 203 2483 visse
242 2443 432 2492 arbitror,
479 2444 586 2494 quod
625 2443 759 2482 fumus
796 2454 869 2492 por
907 2442 1105 2481 foramina
1143 2443 1276 2481 omnia
1313 2443 1515 2494 rimasque
1544 2445 1659 2483 facile

96 2501 292 2550 penetrat.

712 2575 1041 2610 ΚΑΛΛΩΝῙΔΗΣ

212 2646 325 2686 ‘Nisi
353 2646 567 2698 legendum
600 2643 855 2697 Φιλωνίδης)
904 2645 1027 2686 Mein.
1056 2646 1076 2685 Ι
1105 2647 1200 2686 410.
1247 2647 1295 2688 cf.
1328 2647 1377 2685 fr.
1412 2648 1478 2686 14.

860 2732 889 2776 5

369 2809 506 2862 κακὸς
535 2814 684 2862 κακῶς
712 2811 888 2866 γένοιθ’
911 2810 935 2854 ὁ
965 2811 1108 2868 γήμας
1138 2812 1350 2867 δεύτερος

369 2881 571 2935 θνητῶν
605 2877 628 2921 ὁ
658 2880 742 2934 μὲν
771 2878 856 2935 γὰρ
887 2882 1063 2935 πρῶτος
1093 2876 1229 2923 οὐδὲν
1260 2878 1423 2935 ἠδίκει·
1479 2860 1503 2882 ⁶
