<?xml version="1.0" encoding="UTF-8"?>
<!DOCTYPE html PUBLIC "-//W3C//DTD XHTML 1.0 Transitional//EN"
    "http://www.w3.org/TR/xhtml1/DTD/xhtml1-transitional.dtd">
<html xmlns="http://www.w3.org/1999/xhtml" xml:lang="en" lang="en">
 <head>
  <title>
</title>
<meta http-equiv="Content-Type" content="text/html;charset=utf-8" />
  <meta name='ocr-system' content='tesseract 3.04.00' />
  <meta name='ocr-capabilities' content='ocr_page ocr_carea ocr_par ocr_line ocrx_word'/>
</head>
<body>
  <div class='ocr_page' id='page_1' title='image "./comicorumatticor02kockuoft_0263.png"; bbox 0 0 1864 3204; ppageno 0'>
   <div class='ocr_carea' id='block_1_1' title="bbox 645 207 1671 251">
    <p class='ocr_par' dir='ltr' id='par_1_1' title="bbox 645 207 1671 251">
     <span class='ocr_line' id='line_1_1' title="bbox 645 207 1671 251; baseline 0.011 -11"><span class='ocrx_word' id='word_1_1' title='bbox 645 207 802 241; x_wconf 76' lang='grc' dir='ltr'><strong><em>κιΡκΗ</em></strong></span> <span class='ocrx_word' id='word_1_2' title='bbox 827 226 868 232; x_wconf 85' lang='grc'><strong>-</strong></span> <span class='ocrx_word' id='word_1_3' title='bbox 895 208 1126 243; x_wconf 75' lang='grc' dir='ltr'><strong>ΝΑΤΑΓΟΣ</strong></span> <span class='ocrx_word' id='word_1_4' title='bbox 1587 208 1671 251; x_wconf 81' lang='lat'><strong><em>257</em></strong></span> 
     </span>
    </p>
   </div>
   <div class='ocr_carea' id='block_1_2' title="bbox 383 309 1339 500">
    <p class='ocr_par' dir='ltr' id='par_1_2' title="bbox 383 309 1339 500">
     <span class='ocr_line' id='line_1_2' title="bbox 383 309 1339 364; baseline 0.002 -15"><span class='ocrx_word' id='word_1_5' title='bbox 383 316 404 348; x_wconf 84' lang='lat'>6</span> <span class='ocrx_word' id='word_1_6' title='bbox 433 309 598 363; x_wconf 85' lang='grc' dir='ltr'><strong><em>μνοῦς,</em></strong></span> <span class='ocrx_word' id='word_1_7' title='bbox 630 309 903 364; x_wconf 81' lang='grc' dir='ltr'><strong><em>πυραμίδες,</em></strong></span> <span class='ocrx_word' id='word_1_8' title='bbox 934 311 1106 364; x_wconf 88' lang='grc' dir='ltr'><strong><em>μῆλον,</em></strong></span> <span class='ocrx_word' id='word_1_9' title='bbox 1138 310 1339 363; x_wconf 88' lang='grc' dir='ltr'><strong><em>κάρυον,</em></strong></span> 
     </span>
     <span class='ocr_line' id='line_1_3' title="bbox 434 374 1303 433; baseline 0.002 -15"><span class='ocrx_word' id='word_1_10' title='bbox 434 375 573 430; x_wconf 89' lang='grc' dir='ltr'><strong><em>γάλα,</em></strong></span> <span class='ocrx_word' id='word_1_11' title='bbox 605 377 900 431; x_wconf 79' lang='grc' dir='ltr'><strong><em>κανναβίδες,</em></strong></span> <span class='ocrx_word' id='word_1_12' title='bbox 932 375 1115 433; x_wconf 88' lang='grc' dir='ltr'><strong><em>κόγχαι,</em></strong></span> <span class='ocrx_word' id='word_1_13' title='bbox 1147 374 1303 432; x_wconf 86' lang='grc' dir='ltr'><strong><em>χυλός,</em></strong></span> 
     </span>
     <span class='ocr_line' id='line_1_4' title="bbox 431 441 834 500; baseline 0.01 -15"><span class='ocrx_word' id='word_1_14' title='bbox 431 441 543 494; x_wconf 85' lang='grc' dir='ltr'><strong><em>Διὸς</em></strong></span> <span class='ocrx_word' id='word_1_15' title='bbox 574 444 834 500; x_wconf 81' lang='grc' dir='ltr'><strong><em>ἐγκέφαλος.</em></strong></span> 
     </span>
    </p>
   </div>
   <div class='ocr_carea' id='block_1_3' title="bbox 99 525 1671 1506">
    <p class='ocr_par' dir='ltr' id='par_1_3' title="bbox 100 525 1671 908">
     <span class='ocr_line' id='line_1_5' title="bbox 215 525 1668 577; baseline 0.003 -11"><span class='ocrx_word' id='word_1_16' title='bbox 215 527 447 566; x_wconf 80' lang='lat' dir='ltr'><strong>Athenaeus</strong></span> <span class='ocrx_word' id='word_1_17' title='bbox 481 525 546 577; x_wconf 92' lang='lat'>14,</span> <span class='ocrx_word' id='word_1_18' title='bbox 571 529 684 567; x_wconf 87' lang='lat' dir='ltr'><strong><em>642e</em></strong></span> <span class='ocrx_word' id='word_1_19' title='bbox 715 525 915 577; x_wconf 84' lang='grc' dir='ltr'><strong><em>Ἔφιππος</em></strong></span> <span class='ocrx_word' id='word_1_20' title='bbox 934 559 942 567; x_wconf 93' lang='grc'><strong>.</strong></span> <span class='ocrx_word' id='word_1_21' title='bbox 963 558 972 567; x_wconf 92' lang='grc'><strong>.</strong></span> <span class='ocrx_word' id='word_1_22' title='bbox 992 558 1000 566; x_wconf 97' lang='grc'><strong>.</strong></span> <span class='ocrx_word' id='word_1_23' title='bbox 1020 525 1064 566; x_wconf 79' lang='grc' dir='ltr'><strong><em>ἐν</em></strong></span> <span class='ocrx_word' id='word_1_24' title='bbox 1095 526 1260 567; x_wconf 86' lang='grc' dir='ltr'><strong><em>Κύδωνι</em></strong></span> <span class='ocrx_word' id='word_1_25' title='bbox 1290 530 1370 567; x_wconf 85' lang='grc' dir='ltr'><strong><em>κτλ.</em></strong></span> <span class='ocrx_word' id='word_1_26' title='bbox 1487 544 1526 569; x_wconf 90' lang='lat' dir='ltr'><strong>v.</strong></span> <span class='ocrx_word' id='word_1_27' title='bbox 1557 531 1668 570; x_wconf 84' lang='grc'><strong><em>3-6</em></strong></span> 
     </span>
     <span class='ocr_line' id='line_1_6' title="bbox 100 581 1668 638; baseline 0.001 -14"><span class='ocrx_word' id='word_1_28' title='bbox 100 585 336 624; x_wconf 83' lang='lat' dir='ltr'><strong>Eustathius</strong></span> <span class='ocrx_word' id='word_1_29' title='bbox 359 585 454 635; x_wconf 86' lang='grc'>948,</span> <span class='ocrx_word' id='word_1_30' title='bbox 477 585 530 623; x_wconf 91' lang='grc'><strong><em>38</em></strong></span> <span class='ocrx_word' id='word_1_31' title='bbox 553 581 757 632; x_wconf 77' lang='grc' dir='ltr'><strong><em>’Έφιππος</em></strong></span> <span class='ocrx_word' id='word_1_32' title='bbox 779 587 1028 636; x_wconf 84' lang='grc' dir='ltr'><strong><em>συναριθμεῐ</em></strong></span> <span class='ocrx_word' id='word_1_33' title='bbox 1048 582 1115 623; x_wconf 83' lang='grc' dir='ltr'><strong><em>καὶ</em></strong></span> <span class='ocrx_word' id='word_1_34' title='bbox 1140 581 1328 637; x_wconf 84' lang='grc' dir='ltr'><strong><em>χόνδρον,</em></strong></span> <span class='ocrx_word' id='word_1_35' title='bbox 1358 583 1538 638; x_wconf 89' lang='grc' dir='ltr'><strong><em>πυρόν,</em></strong></span> <span class='ocrx_word' id='word_1_36' title='bbox 1568 584 1668 638; x_wconf 82' lang='grc' dir='ltr'><strong><em>μέλι,</em></strong></span> 
     </span>
     <span class='ocr_line' id='line_1_7' title="bbox 101 638 1671 709; baseline 0.002 -30"><span class='ocrx_word' id='word_1_37' title='bbox 101 639 322 709; x_wconf 81' lang='grc' dir='ltr'><strong><em>σησαμίδας</em></strong></span> <span class='ocrx_word' id='word_1_38' title='bbox 353 638 420 679; x_wconf 80' lang='grc' dir='ltr'><strong><em>καὶ</em></strong></span> <span class='ocrx_word' id='word_1_39' title='bbox 450 640 712 692; x_wconf 85' lang='grc' dir='ltr'><strong><em>κανναβίδας.</em></strong></span> <span class='ocrx_word' id='word_1_40' title='bbox 802 655 840 680; x_wconf 86' lang='lat' dir='ltr'><strong>v.</strong></span> <span class='ocrx_word' id='word_1_41' title='bbox 872 643 898 679; x_wconf 88' lang='lat'>4</span> <span class='ocrx_word' id='word_1_42' title='bbox 932 641 1160 681; x_wconf 79' lang='lat' dir='ltr'><strong>Athenaeus</strong></span> <span class='ocrx_word' id='word_1_43' title='bbox 1194 643 1267 689; x_wconf 91' lang='lat'>14,</span> <span class='ocrx_word' id='word_1_44' title='bbox 1290 643 1403 681; x_wconf 83' lang='lat' dir='ltr'><strong><em>646f</em></strong></span> <span class='ocrx_word' id='word_1_45' title='bbox 1429 639 1671 694; x_wconf 82' lang='grc' dir='ltr'><em>μνημονεύει</em></span> 
     </span>
     <span class='ocr_line' id='line_1_8' title="bbox 100 694 1671 765; baseline 0.003 -29"><span class='ocrx_word' id='word_1_46' title='bbox 100 694 237 737; x_wconf 74' lang='grc' dir='ltr'><strong><em>αὐτῶν</em></strong></span> <span class='ocrx_word' id='word_1_47' title='bbox 258 697 364 749; x_wconf 75' lang='grc' dir='ltr'><strong><em>(τῶν</em></strong></span> <span class='ocrx_word' id='word_1_48' title='bbox 394 695 643 765; x_wconf 85' lang='grc' dir='ltr'><strong><em>σησαμίδων)</em></strong></span> <span class='ocrx_word' id='word_1_49' title='bbox 672 695 740 736; x_wconf 78' lang='grc' dir='ltr'><strong><em>καὶ</em></strong></span> <span class='ocrx_word' id='word_1_50' title='bbox 762 695 969 748; x_wconf 78' lang='grc' dir='ltr'><strong><em>’Έφιππος</em></strong></span> <span class='ocrx_word' id='word_1_51' title='bbox 990 695 1035 736; x_wconf 79' lang='grc' dir='ltr'><strong><em>ἐν</em></strong></span> <span class='ocrx_word' id='word_1_52' title='bbox 1054 697 1235 738; x_wconf 85' lang='grc' dir='ltr'><strong><em>Κύδωνι.</em></strong></span> <span class='ocrx_word' id='word_1_53' title='bbox 1285 700 1448 739; x_wconf 87' lang='lat' dir='ltr'><strong>lacunas</strong></span> <span class='ocrx_word' id='word_1_54' title='bbox 1477 701 1671 740; x_wconf 86' lang='lat' dir='ltr'><strong>indicavit</strong></span> 
     </span>
     <span class='ocr_line' id='line_1_9' title="bbox 100 751 1670 822; baseline 0.001 -28"><span class='ocrx_word' id='word_1_55' title='bbox 100 755 343 794; x_wconf 82' lang='lat' dir='ltr'><strong>Dindorfius.</strong></span> <span class='ocrx_word' id='word_1_56' title='bbox 391 753 534 801; x_wconf 78' lang='grc' dir='ltr'><strong><em>κόκκος</em></strong></span> <span class='ocrx_word' id='word_1_57' title='bbox 575 754 805 804; x_wconf 82' lang='grc' dir='ltr'><strong><em>Κνίδιος,</em></strong></span> <span class='ocrx_word' id='word_1_58' title='bbox 843 752 1076 806; x_wconf 77' lang='grc' dir='ltr'><strong><em>ἐρέβινθος,</em></strong></span> <span class='ocrx_word' id='word_1_59' title='bbox 1114 751 1290 806; x_wconf 69' lang='grc' dir='ltr'><strong><em>ἀχράς,</em></strong></span> <span class='ocrx_word' id='word_1_60' title='bbox 1322 753 1504 808; x_wconf 87' lang='grc' dir='ltr'><strong><em>βολβός</em></strong></span> <span class='ocrx_word' id='word_1_61' title='bbox 1536 759 1670 822; x_wconf 78' lang='lat' dir='ltr'><strong>explet</strong></span> 
     </span>
     <span class='ocr_line' id='line_1_10' title="bbox 101 812 1669 884; baseline 0.002 -34"><span class='ocrx_word' id='word_1_62' title='bbox 101 812 324 851; x_wconf 85' lang='lat' dir='ltr'><strong>Meinekius</strong></span> <span class='ocrx_word' id='word_1_63' title='bbox 368 812 474 851; x_wconf 87' lang='lat' dir='ltr'><strong>conl.</strong></span> <span class='ocrx_word' id='word_1_64' title='bbox 518 812 665 851; x_wconf 87' lang='lat' dir='ltr'><strong>Eubul.</strong></span> <span class='ocrx_word' id='word_1_65' title='bbox 713 813 806 851; x_wconf 85' lang='lat'><strong>128.</strong></span> <span class='ocrx_word' id='word_1_66' title='bbox 865 812 1053 862; x_wconf 84' lang='lat' dir='ltr'><strong>displicet</strong></span> <span class='ocrx_word' id='word_1_67' title='bbox 1091 814 1226 884; x_wconf 82' lang='lat' dir='ltr'><strong>tamen</strong></span> <span class='ocrx_word' id='word_1_68' title='bbox 1263 813 1419 863; x_wconf 80' lang='lat' dir='ltr'><strong>syllaba</strong></span> <span class='ocrx_word' id='word_1_69' title='bbox 1455 815 1589 854; x_wconf 85' lang='lat' dir='ltr'><strong>brevis</strong></span> <span class='ocrx_word' id='word_1_70' title='bbox 1626 816 1669 853; x_wconf 88' lang='lat' dir='ltr'><strong><em>in</em></strong></span> 
     </span>
     <span class='ocr_line' id='line_1_11' title="bbox 100 869 350 908; baseline -0.004 0"><span class='ocrx_word' id='word_1_71' title='bbox 100 869 212 908; x_wconf 85' lang='lat' dir='ltr'><strong>exitu</strong></span> <span class='ocrx_word' id='word_1_72' title='bbox 243 882 279 908; x_wconf 86' lang='lat' dir='ltr'><strong>v.</strong></span> <span class='ocrx_word' id='word_1_73' title='bbox 314 871 350 908; x_wconf 83' lang='lat'><strong>1.</strong></span> 
     </span>
    </p>

    <p class='ocr_par' dir='ltr' id='par_1_4' title="bbox 99 926 1671 1491">
     <span class='ocr_line' id='line_1_12' title="bbox 214 926 1668 979; baseline 0.001 -15"><span class='ocrx_word' id='word_1_74' title='bbox 214 928 308 965; x_wconf 88' lang='lat' dir='ltr'><strong>sunt</strong></span> <span class='ocrx_word' id='word_1_75' title='bbox 328 939 484 965; x_wconf 87' lang='lat' dir='ltr'><strong>mensae</strong></span> <span class='ocrx_word' id='word_1_76' title='bbox 505 926 698 965; x_wconf 82' lang='lat' dir='ltr'><strong>secundae</strong></span> <span class='ocrx_word' id='word_1_77' title='bbox 730 926 904 965; x_wconf 89' lang='lat' dir='ltr'><strong>convivii</strong></span> <span class='ocrx_word' id='word_1_78' title='bbox 933 926 982 964; x_wconf 82' lang='lat' dir='ltr'><strong>fr.</strong></span> <span class='ocrx_word' id='word_1_79' title='bbox 1011 927 1060 964; x_wconf 87' lang='grc'><strong><em>12</em></strong></span> <span class='ocrx_word' id='word_1_80' title='bbox 1091 926 1294 977; x_wconf 79' lang='lat' dir='ltr'><strong>descripti.</strong></span> <span class='ocrx_word' id='word_1_81' title='bbox 1381 927 1418 967; x_wconf 89' lang='lat'><strong><em>4.</em></strong></span> <span class='ocrx_word' id='word_1_82' title='bbox 1451 926 1668 979; x_wconf 86' lang='grc' dir='ltr'><strong><em>σησαμίδες</em></strong></span> 
     </span>
     <span class='ocr_line' id='line_1_13' title="bbox 100 980 1668 1034; baseline 0.001 -12"><span class='ocrx_word' id='word_1_83' title='bbox 100 983 247 1033; x_wconf 86' lang='lat' dir='ltr'><strong>Eupol.</strong></span> <span class='ocrx_word' id='word_1_84' title='bbox 283 983 377 1022; x_wconf 85' lang='lat'><strong>163.</strong></span> <span class='ocrx_word' id='word_1_85' title='bbox 428 996 500 1033; x_wconf 90' lang='lat' dir='ltr'><strong><em>pro</em></strong></span> <span class='ocrx_word' id='word_1_86' title='bbox 531 981 677 1034; x_wconf 86' lang='grc' dir='ltr'><strong><em>βράχος</em></strong></span> <span class='ocrx_word' id='word_1_87' title='bbox 709 983 825 1022; x_wconf 81' lang='lat' dir='ltr'><strong>scrib</strong></span> <span class='ocrx_word' id='word_1_88' title='bbox 859 980 1112 1034; x_wconf 74' lang='grc' dir='ltr'><strong><em>βάτραχος</em></strong></span> <span class='ocrx_word' id='word_1_89' title='bbox 1143 997 1191 1022; x_wconf 82' lang='lat' dir='ltr'><strong>ex</strong></span> <span class='ocrx_word' id='word_1_90' title='bbox 1221 984 1489 1024; x_wconf 82' lang='lat' dir='ltr'><strong>Mnesimacho</strong></span> <span class='ocrx_word' id='word_1_91' title='bbox 1520 986 1566 1032; x_wconf 91' lang='lat'>4,</span> <span class='ocrx_word' id='word_1_92' title='bbox 1600 986 1668 1024; x_wconf 90' lang='grc'><strong><em>37.</em></strong></span> 
     </span>
     <span class='ocr_line' id='line_1_14' title="bbox 101 1040 1668 1091; baseline 0.002 -13"><span class='ocrx_word' id='word_1_93' title='bbox 101 1040 150 1079; x_wconf 84' lang='lat' dir='ltr'><strong><em>cf.</em></strong></span> <span class='ocrx_word' id='word_1_94' title='bbox 181 1040 401 1090; x_wconf 83' lang='lat' dir='ltr'><strong>Antiphan.</strong></span> <span class='ocrx_word' id='word_1_95' title='bbox 437 1041 536 1090; x_wconf 84' lang='lat'>132,</span> <span class='ocrx_word' id='word_1_96' title='bbox 563 1041 602 1078; x_wconf 87' lang='lat'><strong><em>5.</em></strong></span> <span class='ocrx_word' id='word_1_97' title='bbox 655 1040 885 1078; x_wconf 78' lang='lat' dir='ltr'><strong>Anaxandr.</strong></span> <span class='ocrx_word' id='word_1_98' title='bbox 917 1040 992 1090; x_wconf 91' lang='grc'><strong><em>41,</em></strong></span> <span class='ocrx_word' id='word_1_99' title='bbox 1022 1040 1092 1079; x_wconf 85' lang='lat'><strong><em>50.</em></strong></span> <span class='ocrx_word' id='word_1_100' title='bbox 1143 1054 1241 1079; x_wconf 83' lang='lat' dir='ltr'><strong>rana</strong></span> <span class='ocrx_word' id='word_1_101' title='bbox 1270 1053 1352 1080; x_wconf 91' lang='lat' dir='ltr'><strong><em>non</em></strong></span> <span class='ocrx_word' id='word_1_102' title='bbox 1391 1042 1496 1080; x_wconf 88' lang='lat' dir='ltr'><strong>inter</strong></span> <span class='ocrx_word' id='word_1_103' title='bbox 1527 1043 1668 1091; x_wconf 82' lang='lat' dir='ltr'><strong><em>pisces,</em></strong></span> 
     </span>
     <span class='ocr_line' id='line_1_15' title="bbox 101 1070 1668 1161; baseline 0.001 -25"><span class='ocrx_word' id='word_1_104' title='bbox 101 1097 169 1136; x_wconf 87' lang='lat' dir='ltr'><strong>sed</strong></span> <span class='ocrx_word' id='word_1_105' title='bbox 214 1097 320 1135; x_wconf 85' lang='lat' dir='ltr'><strong>inter</strong></span> <span class='ocrx_word' id='word_1_106' title='bbox 346 1070 583 1161; x_wconf 81' lang='grc' dir='ltr'><strong><em>τραγήμάτα</em></strong></span> <span class='ocrx_word' id='word_1_107' title='bbox 626 1100 880 1146; x_wconf 87' lang='lat' dir='ltr'><strong>numeratur,</strong></span> <span class='ocrx_word' id='word_1_108' title='bbox 926 1099 970 1135; x_wconf 92' lang='lat' dir='ltr'><strong>ut</strong></span> <span class='ocrx_word' id='word_1_109' title='bbox 1007 1093 1146 1148; x_wconf 78' lang='grc' dir='ltr'><strong><em>κόγχαι</em></strong></span> <span class='ocrx_word' id='word_1_110' title='bbox 1191 1111 1232 1137; x_wconf 85' lang='lat' dir='ltr'><strong>v.</strong></span> <span class='ocrx_word' id='word_1_111' title='bbox 1274 1099 1312 1136; x_wconf 90' lang='grc'><strong><em>6.</em></strong></span> <span class='ocrx_word' id='word_1_112' title='bbox 1376 1111 1450 1147; x_wconf 91' lang='lat' dir='ltr'><strong><em>pro</em></strong></span> <span class='ocrx_word' id='word_1_113' title='bbox 1489 1097 1668 1150; x_wconf 88' lang='grc' dir='ltr'><strong><em>βρυγμός</em></strong></span> 
     </span>
     <span class='ocr_line' id='line_1_16' title="bbox 101 1127 1667 1205; baseline 0.002 -13"><span class='ocrx_word' id='word_1_114' title='bbox 101 1154 270 1193; x_wconf 81' lang='lat' dir='ltr'><strong>fortasse</strong></span> <span class='ocrx_word' id='word_1_115' title='bbox 300 1148 508 1204; x_wconf 84' lang='grc' dir='ltr'><strong><em>βότρυες</em></strong></span> <span class='ocrx_word' id='word_1_116' title='bbox 539 1156 580 1192; x_wconf 89' lang='lat' dir='ltr'><strong><em>et</em></strong></span> <span class='ocrx_word' id='word_1_117' title='bbox 609 1167 682 1204; x_wconf 90' lang='lat' dir='ltr'><strong><em>pro</em></strong></span> <span class='ocrx_word' id='word_1_118' title='bbox 715 1158 842 1203; x_wconf 82' lang='grc' dir='ltr'><strong><em>μνοῦς</em></strong></span> <span class='ocrx_word' id='word_1_119' title='bbox 871 1127 987 1192; x_wconf 85' lang='lat' dir='ltr'><strong>scrib.</strong></span> <span class='ocrx_word' id='word_1_120' title='bbox 1019 1152 1161 1205; x_wconf 78' lang='grc' dir='ltr'><strong><em>ῥοῦς,</em></strong></span> <span class='ocrx_word' id='word_1_121' title='bbox 1192 1155 1352 1193; x_wconf 88' lang='lat' dir='ltr'><strong>Alexid.</strong></span> <span class='ocrx_word' id='word_1_122' title='bbox 1386 1156 1478 1205; x_wconf 87' lang='grc'>127,</span> <span class='ocrx_word' id='word_1_123' title='bbox 1503 1157 1540 1194; x_wconf 92' lang='grc'><strong><em>6.</em></strong></span> <span class='ocrx_word' id='word_1_124' title='bbox 1629 1157 1667 1195; x_wconf 84' lang='grc'><strong>5.</strong></span> 
     </span>
     <span class='ocr_line' id='line_1_17' title="bbox 102 1209 1669 1262; baseline 0.003 -14"><span class='ocrx_word' id='word_1_125' title='bbox 102 1209 276 1262; x_wconf 85' lang='grc' dir='ltr'><strong><em>πυραμίς</em></strong></span> <span class='ocrx_word' id='word_1_126' title='bbox 298 1213 342 1250; x_wconf 88' lang='lat' dir='ltr'><strong>ut</strong></span> <span class='ocrx_word' id='word_1_127' title='bbox 360 1214 569 1261; x_wconf 82' lang='grc' dir='ltr'><strong><em>πυραμοῦς</em></strong></span> <span class='ocrx_word' id='word_1_128' title='bbox 589 1211 794 1261; x_wconf 76' lang='lat' dir='ltr'><strong>placentae</strong></span> <span class='ocrx_word' id='word_1_129' title='bbox 815 1223 954 1260; x_wconf 87' lang='lat' dir='ltr'><strong>genus.</strong></span> <span class='ocrx_word' id='word_1_130' title='bbox 1016 1212 1055 1250; x_wconf 88' lang='lat'><strong><em>6.</em></strong></span> <span class='ocrx_word' id='word_1_131' title='bbox 1079 1209 1340 1261; x_wconf 70' lang='grc' dir='ltr'><strong><em>“κανναβίδες</em></strong></span> <span class='ocrx_word' id='word_1_132' title='bbox 1362 1214 1456 1250; x_wconf 86' lang='lat' dir='ltr'><strong>sunt</strong></span> <span class='ocrx_word' id='word_1_133' title='bbox 1476 1214 1669 1252; x_wconf 74' lang='lat' dir='ltr'><strong><em>cannabis</em></strong></span> 
     </span>
     <span class='ocr_line' id='line_1_18' title="bbox 99 1267 1671 1318; baseline 0.001 -11"><span class='ocrx_word' id='word_1_134' title='bbox 99 1280 241 1307; x_wconf 78' lang='lat' dir='ltr'><strong>semen.</strong></span> <span class='ocrx_word' id='word_1_135' title='bbox 301 1267 407 1309; x_wconf 88' lang='lat' dir='ltr'><strong>Plin.</strong></span> <span class='ocrx_word' id='word_1_136' title='bbox 427 1267 479 1306; x_wconf 88' lang='lat' dir='ltr'><strong><em>N.</em></strong></span> <span class='ocrx_word' id='word_1_137' title='bbox 502 1268 540 1307; x_wconf 92' lang='lat' dir='ltr'><strong><em>h.</em></strong></span> <span class='ocrx_word' id='word_1_138' title='bbox 566 1269 630 1318; x_wconf 86' lang='lat'><strong><em>19,</em></strong></span> <span class='ocrx_word' id='word_1_139' title='bbox 655 1268 734 1306; x_wconf 86' lang='grc'><strong><em>175</em></strong></span> <span class='ocrx_word' id='word_1_140' title='bbox 763 1279 894 1307; x_wconf 73' lang='lat' dir='ltr'><strong>semen</strong></span> <span class='ocrx_word' id='word_1_141' title='bbox 913 1269 996 1307; x_wconf 79' lang='lat' dir='ltr'><strong>eius</strong></span> <span class='ocrx_word' id='word_1_142' title='bbox 1025 1269 1070 1307; x_wconf 78' lang='lat' dir='ltr'><strong><em>in</em></strong></span> <span class='ocrx_word' id='word_1_143' title='bbox 1098 1269 1222 1307; x_wconf 76' lang='lat' dir='ltr'><strong>Italia</strong></span> <span class='ocrx_word' id='word_1_144' title='bbox 1242 1269 1350 1307; x_wconf 75' lang='lat' dir='ltr'><strong><em>cibus</em></strong></span> <span class='ocrx_word' id='word_1_145' title='bbox 1379 1273 1446 1308; x_wconf 77' lang='lat' dir='ltr'><strong>est.</strong></span> <span class='ocrx_word' id='word_1_146' title='bbox 1491 1271 1671 1309; x_wconf 56' lang='lat' dir='ltr'><strong><em>condatur</em></strong></span> 
     </span>
     <span class='ocr_line' id='line_1_19' title="bbox 101 1322 1668 1393; baseline 0.001 -30"><span class='ocrx_word' id='word_1_147' title='bbox 101 1326 241 1374; x_wconf 78' lang='lat' dir='ltr'><strong>quippe</strong></span> <span class='ocrx_word' id='word_1_148' title='bbox 270 1325 462 1373; x_wconf 76' lang='lat' dir='ltr'><strong><em>duratque</em></strong></span> <span class='ocrx_word' id='word_1_149' title='bbox 490 1326 535 1363; x_wconf 80' lang='lat' dir='ltr'><strong><em>in</em></strong></span> <span class='ocrx_word' id='word_1_150' title='bbox 561 1326 688 1364; x_wconf 76' lang='lat' dir='ltr'><strong>urceis</strong></span> <span class='ocrx_word' id='word_1_151' title='bbox 715 1325 774 1363; x_wconf 80' lang='lat' dir='ltr'><strong><em>vel</em></strong></span> <span class='ocrx_word' id='word_1_152' title='bbox 801 1326 902 1363; x_wconf 79' lang='lat' dir='ltr'><strong><em>awm&#39;</em></strong></span> <span class='ocrx_word' id='word_1_153' title='bbox 929 1325 1093 1373; x_wconf 77' lang='lat' dir='ltr'><strong><em>spatio&#39;.</em></strong></span> <span class='ocrx_word' id='word_1_154' title='bbox 1123 1325 1242 1363; x_wconf 89' lang='lat' dir='ltr'><strong>Mein.</strong></span> <span class='ocrx_word' id='word_1_155' title='bbox 1265 1322 1401 1393; x_wconf 83' lang='grc' dir='ltr'><strong><em>χυλός,</em></strong></span> <span class='ocrx_word' id='word_1_156' title='bbox 1434 1326 1485 1364; x_wconf 85' lang='lat' dir='ltr'><strong><em>cf.</em></strong></span> <span class='ocrx_word' id='word_1_157' title='bbox 1518 1326 1668 1365; x_wconf 84' lang='lat' dir='ltr'><strong>Cratin.</strong></span> 
     </span>
     <span class='ocr_line' id='line_1_20' title="bbox 102 1378 1670 1433; baseline 0.001 -13"><span class='ocrx_word' id='word_1_158' title='bbox 102 1382 200 1420; x_wconf 87' lang='grc'><strong><em>297.</em></strong></span> <span class='ocrx_word' id='word_1_159' title='bbox 281 1383 318 1420; x_wconf 87' lang='grc'><strong><em>7.</em></strong></span> <span class='ocrx_word' id='word_1_160' title='bbox 352 1381 497 1420; x_wconf 87' lang='lat' dir='ltr'><strong>Zenob.</strong></span> <span class='ocrx_word' id='word_1_161' title='bbox 520 1382 559 1429; x_wconf 90' lang='lat'><strong><em>3,</em></strong></span> <span class='ocrx_word' id='word_1_162' title='bbox 583 1383 635 1419; x_wconf 92' lang='lat'>41</span> <span class='ocrx_word' id='word_1_163' title='bbox 673 1378 789 1428; x_wconf 85' lang='grc' dir='ltr'><strong><em>Διὸς</em></strong></span> <span class='ocrx_word' id='word_1_164' title='bbox 821 1378 1112 1433; x_wconf 80' lang='grc' dir='ltr'><strong><em>ἐγκέφαλος·</em></strong></span> <span class='ocrx_word' id='word_1_165' title='bbox 1146 1379 1311 1420; x_wconf 78' lang='grc' dir='ltr'><strong><em>ἐπὶτῶν</em></strong></span> <span class='ocrx_word' id='word_1_166' title='bbox 1343 1378 1670 1432; x_wconf 82' lang='grc' dir='ltr'><strong><em>ἡδυπαθούντων</em></strong></span> 
     </span>
     <span class='ocr_line' id='line_1_21' title="bbox 100 1434 1668 1506; baseline 0.002 -31"><span class='ocrx_word' id='word_1_167' title='bbox 100 1434 125 1489; x_wconf 81' lang='grc' dir='ltr'>ἡ</span> <span class='ocrx_word' id='word_1_168' title='bbox 157 1436 348 1488; x_wconf 84' lang='grc' dir='ltr'><strong><em>παροιμία</em></strong></span> <span class='ocrx_word' id='word_1_169' title='bbox 370 1434 564 1476; x_wconf 84' lang='grc' dir='ltr'><strong><em>τέτακται.</em></strong></span> <span class='ocrx_word' id='word_1_170' title='bbox 616 1435 814 1506; x_wconf 82' lang='grc' dir='ltr'><strong><em>Κλέαρχος</em></strong></span> <span class='ocrx_word' id='word_1_171' title='bbox 843 1435 887 1476; x_wconf 82' lang='grc' dir='ltr'><strong><em>δὲ</em></strong></span> <span class='ocrx_word' id='word_1_172' title='bbox 918 1435 963 1476; x_wconf 80' lang='grc' dir='ltr'><strong><em>ἐν</em></strong></span> <span class='ocrx_word' id='word_1_173' title='bbox 990 1442 1044 1491; x_wconf 75' lang='grc' dir='ltr'><strong><em>τῷ</em></strong></span> <span class='ocrx_word' id='word_1_174' title='bbox 1063 1435 1213 1505; x_wconf 80' lang='grc' dir='ltr'><strong><em>πέμπῳ</em></strong></span> <span class='ocrx_word' id='word_1_175' title='bbox 1241 1436 1330 1490; x_wconf 85' lang='grc' dir='ltr'><strong><em>περὶ</em></strong></span> <span class='ocrx_word' id='word_1_176' title='bbox 1359 1438 1462 1491; x_wconf 87' lang='grc' dir='ltr'><strong><em>βίων</em></strong></span> <span class='ocrx_word' id='word_1_177' title='bbox 1491 1438 1592 1490; x_wconf 83' lang='grc' dir='ltr'><strong><em>φησὶ</em></strong></span> <span class='ocrx_word' id='word_1_178' title='bbox 1621 1438 1668 1478; x_wconf 81' lang='grc' dir='ltr'><strong><em>τὰ</em></strong></span> 
     </span>
    </p>
   </div>
   <div class='ocr_carea' id='block_1_4' title="bbox 101 1490 1669 1661">
    <p class='ocr_par' dir='ltr' id='par_1_5' title="bbox 101 1490 1669 1661">
     <span class='ocr_line' id='line_1_22' title="bbox 101 1490 1669 1547; baseline 0.001 -14"><span class='ocrx_word' id='word_1_179' title='bbox 101 1496 294 1546; x_wconf 78' lang='grc' dir='ltr'><strong><em>πολυτελῆ</em></strong></span> <span class='ocrx_word' id='word_1_180' title='bbox 324 1490 512 1546; x_wconf 79' lang='grc' dir='ltr'><strong><em>βρώματα</em></strong></span> <span class='ocrx_word' id='word_1_181' title='bbox 541 1492 649 1547; x_wconf 84' lang='grc' dir='ltr'><strong><em>παρὰ</em></strong></span> <span class='ocrx_word' id='word_1_182' title='bbox 680 1498 761 1541; x_wconf 82' lang='grc' dir='ltr'><strong><em>τοῖς</em></strong></span> <span class='ocrx_word' id='word_1_183' title='bbox 793 1492 967 1546; x_wconf 84' lang='grc' dir='ltr'><strong><em>Πέρσαις</em></strong></span> <span class='ocrx_word' id='word_1_184' title='bbox 1002 1492 1099 1541; x_wconf 89' lang='grc' dir='ltr'><strong><em>Διὸς</em></strong></span> <span class='ocrx_word' id='word_1_185' title='bbox 1128 1494 1195 1533; x_wconf 86' lang='grc' dir='ltr'><strong><em>καὶ</em></strong></span> <span class='ocrx_word' id='word_1_186' title='bbox 1224 1494 1417 1547; x_wconf 84' lang='grc' dir='ltr'><strong><em>βασιλέως</em></strong></span> <span class='ocrx_word' id='word_1_187' title='bbox 1449 1493 1669 1547; x_wconf 79' lang='grc' dir='ltr'><strong><em>ἐγκέφαλον</em></strong></span> 
     </span>
     <span class='ocr_line' id='line_1_23' title="bbox 101 1547 1668 1604; baseline 0.001 -14"><span class='ocrx_word' id='word_1_188' title='bbox 101 1553 314 1590; x_wconf 85' lang='grc' dir='ltr'><strong><em>καλεῖσθαι</em></strong></span> <span class='ocrx_word' id='word_1_189' title='bbox 343 1547 543 1604; x_wconf 80' lang='lat' dir='ltr'><strong>(Clearch.</strong></span> <span class='ocrx_word' id='word_1_190' title='bbox 565 1552 713 1591; x_wconf 89' lang='lat' dir='ltr'><strong>Athen.</strong></span> <span class='ocrx_word' id='word_1_191' title='bbox 741 1553 791 1590; x_wconf 89' lang='grc'><strong><em>12</em></strong></span> <span class='ocrx_word' id='word_1_192' title='bbox 803 1550 979 1603; x_wconf 87' lang='lat' dir='ltr'><strong><em>‚5l4e).</em></strong></span> <span class='ocrx_word' id='word_1_193' title='bbox 1016 1553 1254 1602; x_wconf 83' lang='lat' dir='ltr'><strong>Diogenian.</strong></span> <span class='ocrx_word' id='word_1_194' title='bbox 1277 1553 1326 1603; x_wconf 91' lang='grc'>4,</span> <span class='ocrx_word' id='word_1_195' title='bbox 1349 1554 1415 1592; x_wconf 89' lang='grc'><strong><em>24.</em></strong></span> <span class='ocrx_word' id='word_1_196' title='bbox 1466 1554 1668 1593; x_wconf 85' lang='lat' dir='ltr'><strong>Plutarch.</strong></span> 
     </span>
     <span class='ocr_line' id='line_1_24' title="bbox 102 1606 1489 1661; baseline 0.001 -14"><span class='ocrx_word' id='word_1_197' title='bbox 102 1609 221 1648; x_wconf 85' lang='lat' dir='ltr'><strong>Prov.</strong></span> <span class='ocrx_word' id='word_1_198' title='bbox 248 1611 284 1655; x_wconf 82' lang='lat'><strong><em>1,</em></strong></span> <span class='ocrx_word' id='word_1_199' title='bbox 309 1610 374 1650; x_wconf 88' lang='lat'><strong><em>63.</em></strong></span> <span class='ocrx_word' id='word_1_200' title='bbox 418 1610 601 1659; x_wconf 86' lang='lat' dir='ltr'><strong>Apostol.</strong></span> <span class='ocrx_word' id='word_1_201' title='bbox 625 1611 664 1658; x_wconf 87' lang='lat'><strong><em>6,</em></strong></span> <span class='ocrx_word' id='word_1_202' title='bbox 689 1611 754 1648; x_wconf 90' lang='lat'><strong>19.</strong></span> <span class='ocrx_word' id='word_1_203' title='bbox 800 1609 971 1659; x_wconf 86' lang='lat' dir='ltr'><strong>Hesych.</strong></span> <span class='ocrx_word' id='word_1_204' title='bbox 995 1608 1105 1647; x_wconf 85' lang='lat' dir='ltr'><strong>Suid.</strong></span> <span class='ocrx_word' id='word_1_205' title='bbox 1132 1606 1230 1655; x_wconf 86' lang='grc' dir='ltr'><strong><em>Διὸς</em></strong></span> <span class='ocrx_word' id='word_1_206' title='bbox 1262 1606 1489 1661; x_wconf 84' lang='grc' dir='ltr'><strong><em>ἐγκέφαλος.</em></strong></span> 
     </span>
    </p>
   </div>
   <div class='ocr_carea' id='block_1_5' title="bbox 771 1708 1004 1817">
    <p class='ocr_par' dir='ltr' id='par_1_6' title="bbox 771 1708 1004 1817">
     <span class='ocr_line' id='line_1_25' title="bbox 771 1708 1004 1743; baseline 0 -1"><span class='ocrx_word' id='word_1_207' title='bbox 771 1708 1004 1743; x_wconf 74' lang='grc' dir='ltr'><strong>ΝΑΤΑΓΟΣ</strong></span> 
     </span>
     <span class='ocr_line' id='line_1_26' title="bbox 861 1776 915 1817; baseline 0 0"><span class='ocrx_word' id='word_1_208' title='bbox 861 1776 915 1817; x_wconf 91' lang='grc'><strong><em>14</em></strong></span> 
     </span>
    </p>
   </div>
   <div class='ocr_carea' id='block_1_6' title="bbox 225 1852 1675 2809">
    <p class='ocr_par' dir='ltr' id='par_1_7' title="bbox 376 1852 1437 2048">
     <span class='ocr_line' id='line_1_27' title="bbox 378 1852 1206 1910; baseline -0.001 -13"><span class='ocrx_word' id='word_1_209' title='bbox 378 1853 517 1898; x_wconf 85' lang='grc' dir='ltr'><strong><em>ἔπειτ’</em></strong></span> <span class='ocrx_word' id='word_1_210' title='bbox 551 1853 748 1906; x_wconf 75' lang='grc' dir='ltr'><strong><em>ἀναστὰς</em></strong></span> <span class='ocrx_word' id='word_1_211' title='bbox 780 1852 993 1910; x_wconf 80' lang='grc' dir='ltr'><strong><em>εὔστοχος</em></strong></span> <span class='ocrx_word' id='word_1_212' title='bbox 1022 1857 1206 1905; x_wconf 82' lang='grc' dir='ltr'><strong><em>νεανίας</em></strong></span> 
     </span>
     <span class='ocr_line' id='line_1_28' title="bbox 376 1919 1437 1978; baseline 0.001 -13"><span class='ocrx_word' id='word_1_213' title='bbox 376 1925 468 1965; x_wconf 75' lang='grc' dir='ltr'><strong><em>τῶν</em></strong></span> <span class='ocrx_word' id='word_1_214' title='bbox 499 1922 545 1974; x_wconf 78' lang='grc' dir='ltr'><strong><em>ἐξ</em></strong></span> <span class='ocrx_word' id='word_1_215' title='bbox 571 1922 863 1978; x_wconf 83' lang='grc' dir='ltr'><strong><em>Ἀκαδημείας</em></strong></span> <span class='ocrx_word' id='word_1_216' title='bbox 891 1937 957 1972; x_wconf 86' lang='grc' dir='ltr'><strong><em>τις</em></strong></span> <span class='ocrx_word' id='word_1_217' title='bbox 986 1919 1074 1965; x_wconf 85' lang='grc' dir='ltr'><strong><em>ὑπὸ</em></strong></span> <span class='ocrx_word' id='word_1_218' title='bbox 1107 1922 1333 1966; x_wconf 84' lang='grc' dir='ltr'><strong><em>Πλάτωνα</em></strong></span> <span class='ocrx_word' id='word_1_219' title='bbox 1362 1923 1437 1966; x_wconf 78' lang='grc' dir='ltr'><strong><em>καὶ</em></strong></span> 
     </span>
     <span class='ocr_line' id='line_1_29' title="bbox 376 1992 1261 2048; baseline 0 -14"><span class='ocrx_word' id='word_1_220' title='bbox 376 1992 1261 2048; x_wconf 80' lang='grc' dir='ltr'><strong><em>Βρυσωνοθρασυμαχειοληψικερμάτων</em></strong></span> 
     </span>
    </p>

    <p class='ocr_par' dir='ltr' id='par_1_8' title="bbox 303 2058 1354 2125">
     <span class='ocr_line' id='line_1_30' title="bbox 303 2058 1354 2125; baseline 0 -23"><span class='ocrx_word' id='word_1_221' title='bbox 303 2067 313 2093; x_wconf 55' lang='lat' dir='ltr'>N</span> <span class='ocrx_word' id='word_1_222' title='bbox 378 2060 562 2125; x_wconf 81' lang='grc' dir='ltr'><strong><em>πληγεὶς</em></strong></span> <span class='ocrx_word' id='word_1_223' title='bbox 591 2058 790 2116; x_wconf 78' lang='grc' dir='ltr'><strong><em>ἀνάγκῃ,</em></strong></span> <span class='ocrx_word' id='word_1_224' title='bbox 822 2061 1192 2116; x_wconf 77' lang='grc' dir='ltr'><strong><em>ληψιλογομίσθῳ</em></strong></span> <span class='ocrx_word' id='word_1_225' title='bbox 1221 2061 1354 2116; x_wconf 79' lang='grc' dir='ltr'><strong><em>τέχνῃ</em></strong></span> 
     </span>
    </p>

    <p class='ocr_par' dir='ltr' id='par_1_9' title="bbox 323 2126 1483 2456">
     <span class='ocr_line' id='line_1_31' title="bbox 323 2126 1483 2184; baseline 0 -14"><span class='ocrx_word' id='word_1_226' title='bbox 323 2137 344 2169; x_wconf 78' lang='grc' dir='ltr'><strong>ὅ</strong></span> <span class='ocrx_word' id='word_1_227' title='bbox 376 2127 531 2171; x_wconf 76' lang='grc' dir='ltr'><strong><em>συνών</em></strong></span> <span class='ocrx_word' id='word_1_228' title='bbox 562 2144 652 2182; x_wconf 88' lang='grc' dir='ltr'><strong><em>τις,</em></strong></span> <span class='ocrx_word' id='word_1_229' title='bbox 685 2127 769 2170; x_wconf 84' lang='grc' dir='ltr'><strong><em>οὐκ</em></strong></span> <span class='ocrx_word' id='word_1_230' title='bbox 799 2126 1000 2171; x_wconf 77' lang='grc' dir='ltr'><strong><em>ἄσκεπτα</em></strong></span> <span class='ocrx_word' id='word_1_231' title='bbox 1032 2128 1284 2182; x_wconf 85' lang='grc' dir='ltr'><strong><em>δυνάμενος</em></strong></span> <span class='ocrx_word' id='word_1_232' title='bbox 1313 2129 1483 2184; x_wconf 83' lang='grc' dir='ltr'><strong><em>λέγειν,</em></strong></span> 
     </span>
     <span class='ocr_line' id='line_1_32' title="bbox 379 2191 1378 2253; baseline 0.001 -15"><span class='ocrx_word' id='word_1_233' title='bbox 379 2191 432 2239; x_wconf 86' lang='grc' dir='ltr'><strong><em>εὖ</em></strong></span> <span class='ocrx_word' id='word_1_234' title='bbox 461 2197 545 2251; x_wconf 81' lang='grc' dir='ltr'><strong><em>μὲν</em></strong></span> <span class='ocrx_word' id='word_1_235' title='bbox 571 2197 767 2253; x_wconf 79' lang='grc' dir='ltr'><strong><em>μαχαίρᾳ</em></strong></span> <span class='ocrx_word' id='word_1_236' title='bbox 797 2193 919 2247; x_wconf 85' lang='grc' dir='ltr'><strong><em>ξύστ’</em></strong></span> <span class='ocrx_word' id='word_1_237' title='bbox 954 2197 1070 2251; x_wconf 83' lang='grc' dir='ltr'><strong><em>ἔχων</em></strong></span> <span class='ocrx_word' id='word_1_238' title='bbox 1099 2195 1378 2251; x_wconf 72' lang='grc' dir='ltr'><strong><em>τριχώματα,</em></strong></span> 
     </span>
     <span class='ocr_line' id='line_1_33' title="bbox 379 2259 1398 2320; baseline 0.001 -14"><span class='ocrx_word' id='word_1_239' title='bbox 379 2259 431 2307; x_wconf 85' lang='grc' dir='ltr'><strong><em>εὖ</em></strong></span> <span class='ocrx_word' id='word_1_240' title='bbox 463 2263 504 2306; x_wconf 90' lang='grc' dir='ltr'><strong><em>δ’</em></strong></span> <span class='ocrx_word' id='word_1_241' title='bbox 536 2262 804 2314; x_wconf 85' lang='grc' dir='ltr'><strong><em>ὑποκαθιεὶς</em></strong></span> <span class='ocrx_word' id='word_1_242' title='bbox 834 2261 975 2318; x_wconf 73' lang='grc' dir='ltr'><strong><em>ἄτομα</em></strong></span> <span class='ocrx_word' id='word_1_243' title='bbox 1005 2262 1222 2319; x_wconf 73' lang='grc' dir='ltr'><strong><em>πώγωνος</em></strong></span> <span class='ocrx_word' id='word_1_244' title='bbox 1250 2265 1398 2320; x_wconf 88' lang='grc' dir='ltr'><strong><em>βάθη,</em></strong></span> 
     </span>
     <span class='ocr_line' id='line_1_34' title="bbox 380 2327 1424 2389; baseline 0.001 -15"><span class='ocrx_word' id='word_1_245' title='bbox 380 2327 432 2374; x_wconf 85' lang='grc' dir='ltr'><strong><em>εὖ</em></strong></span> <span class='ocrx_word' id='word_1_246' title='bbox 464 2330 504 2374; x_wconf 90' lang='grc' dir='ltr'><strong><em>δ’</em></strong></span> <span class='ocrx_word' id='word_1_247' title='bbox 540 2333 591 2376; x_wconf 84' lang='grc' dir='ltr'><strong><em>ἐν</em></strong></span> <span class='ocrx_word' id='word_1_248' title='bbox 621 2333 789 2389; x_wconf 83' lang='grc' dir='ltr'><strong><em>πεδίλῳ</em></strong></span> <span class='ocrx_word' id='word_1_249' title='bbox 821 2328 938 2374; x_wconf 90' lang='grc' dir='ltr'><strong><em>πόδα</em></strong></span> <span class='ocrx_word' id='word_1_250' title='bbox 969 2330 1110 2382; x_wconf 75' lang='grc' dir='ltr'><strong><em>τιθεὶς</em></strong></span> <span class='ocrx_word' id='word_1_251' title='bbox 1139 2329 1228 2374; x_wconf 78' lang='grc' dir='ltr'><strong><em>ὑπὸ</em></strong></span> <span class='ocrx_word' id='word_1_252' title='bbox 1260 2332 1424 2388; x_wconf 80' lang='grc' dir='ltr'><strong><em>ξυρόν,</em></strong></span> 
     </span>
     <span class='ocr_line' id='line_1_35' title="bbox 381 2398 1352 2456; baseline -0.001 -13"><span class='ocrx_word' id='word_1_253' title='bbox 381 2402 553 2456; x_wconf 87' lang='grc' dir='ltr'><strong><em>κνήμης</em></strong></span> <span class='ocrx_word' id='word_1_254' title='bbox 584 2401 785 2455; x_wconf 77' lang='grc' dir='ltr'><strong><em>ίμάντων</em></strong></span> <span class='ocrx_word' id='word_1_255' title='bbox 816 2399 1067 2454; x_wconf 84' lang='grc' dir='ltr'><strong><em>ἰσομέτροις</em></strong></span> <span class='ocrx_word' id='word_1_256' title='bbox 1097 2398 1352 2456; x_wconf 81' lang='grc' dir='ltr'><strong><em>ἑλίγμασιν,</em></strong></span> 
     </span>
    </p>

    <p class='ocr_par' dir='ltr' id='par_1_10' title="bbox 311 2461 1392 2726">
     <span class='ocr_line' id='line_1_36' title="bbox 311 2461 1344 2525; baseline 0.003 -17"><span class='ocrx_word' id='word_1_257' title='bbox 311 2477 353 2508; x_wconf 87' lang='lat'><strong><em>10</em></strong></span> <span class='ocrx_word' id='word_1_258' title='bbox 383 2466 501 2525; x_wconf 77' lang='grc' dir='ltr'><strong><em>ὄγκῳ</em></strong></span> <span class='ocrx_word' id='word_1_259' title='bbox 531 2484 578 2511; x_wconf 88' lang='grc' dir='ltr'><strong><em>τε</em></strong></span> <span class='ocrx_word' id='word_1_260' title='bbox 610 2468 818 2523; x_wconf 87' lang='grc' dir='ltr'><strong><em>χλανίδος</em></strong></span> <span class='ocrx_word' id='word_1_261' title='bbox 849 2461 901 2509; x_wconf 81' lang='grc' dir='ltr'><strong><em>εὖ</em></strong></span> <span class='ocrx_word' id='word_1_262' title='bbox 931 2469 1344 2523; x_wconf 84' lang='grc' dir='ltr'><strong><em>τεθωρακισμένος,</em></strong></span> 
     </span>
     <span class='ocr_line' id='line_1_37' title="bbox 382 2534 1329 2593; baseline 0 -15"><span class='ocrx_word' id='word_1_263' title='bbox 382 2534 515 2591; x_wconf 84' lang='grc' dir='ltr'><strong><em>σχῆμ’</em></strong></span> <span class='ocrx_word' id='word_1_264' title='bbox 548 2535 792 2591; x_wconf 76' lang='grc' dir='ltr'><strong><em>ἀξιόχρεων</em></strong></span> <span class='ocrx_word' id='word_1_265' title='bbox 822 2534 1054 2585; x_wconf 83' lang='grc' dir='ltr'><strong><em>ἐπικαθεὶς</em></strong></span> <span class='ocrx_word' id='word_1_266' title='bbox 1083 2536 1329 2593; x_wconf 81' lang='grc' dir='ltr'><strong><em>βακτηρίᾳ,</em></strong></span> 
     </span>
     <span class='ocr_line' id='line_1_38' title="bbox 383 2601 1392 2659; baseline 0.002 -14"><span class='ocrx_word' id='word_1_267' title='bbox 383 2602 650 2659; x_wconf 76' lang='grc' dir='ltr'><strong><em>ἀλλότριον,</em></strong></span> <span class='ocrx_word' id='word_1_268' title='bbox 682 2601 766 2645; x_wconf 82' lang='grc' dir='ltr'><strong><em>οὐκ</em></strong></span> <span class='ocrx_word' id='word_1_269' title='bbox 798 2604 993 2657; x_wconf 80' lang='grc' dir='ltr'><strong><em>οἰκεῖον,</em></strong></span> <span class='ocrx_word' id='word_1_270' title='bbox 1025 2601 1086 2653; x_wconf 76' lang='grc' dir='ltr'><strong><em>ὥς</em></strong></span> <span class='ocrx_word' id='word_1_271' title='bbox 1117 2603 1215 2658; x_wconf 78' lang='grc' dir='ltr'><strong><em>ἐμοὶ</em></strong></span> <span class='ocrx_word' id='word_1_272' title='bbox 1246 2605 1392 2658; x_wconf 81' lang='grc' dir='ltr'><strong><em>δοκεῖ,</em></strong></span> 
     </span>
     <span class='ocr_line' id='line_1_39' title="bbox 383 2669 1372 2726; baseline 0.001 -13"><span class='ocrx_word' id='word_1_273' title='bbox 383 2673 532 2723; x_wconf 79' lang='grc' dir='ltr'><strong><em>ἔλεξεν</em></strong></span> <span class='ocrx_word' id='word_1_274' title='bbox 562 2670 748 2726; x_wconf 60' lang='grc' dir='ltr'><strong><em>εανδρες</em></strong></span> <span class='ocrx_word' id='word_1_275' title='bbox 778 2673 855 2726; x_wconf 85' lang='grc' dir='ltr'><strong><em>τῆς</em></strong></span> <span class='ocrx_word' id='word_1_276' title='bbox 881 2669 1135 2726; x_wconf 85' lang='grc' dir='ltr'><strong><em>Ἀθηναίων</em></strong></span> <span class='ocrx_word' id='word_1_277' title='bbox 1166 2673 1372 2726; x_wconf 85' lang='grc' dir='ltr'><strong><em>χθονός’.</em></strong></span> 
     </span>
    </p>

    <p class='ocr_par' dir='ltr' id='par_1_11' title="bbox 225 2751 1675 2809">
     <span class='ocr_line' id='line_1_40' title="bbox 225 2751 1675 2809; baseline 0 -15"><span class='ocrx_word' id='word_1_278' title='bbox 225 2755 454 2794; x_wconf 75' lang='lat' dir='ltr'><strong>Athenaeus</strong></span> <span class='ocrx_word' id='word_1_279' title='bbox 487 2756 552 2802; x_wconf 85' lang='grc'><strong><em>11,</em></strong></span> <span class='ocrx_word' id='word_1_280' title='bbox 575 2755 686 2793; x_wconf 74' lang='lat'><strong><em>5090</em></strong></span> <span class='ocrx_word' id='word_1_281' title='bbox 712 2751 922 2802; x_wconf 70' lang='grc' dir='ltr'><strong><em>’Έφιππος</em></strong></span> <span class='ocrx_word' id='word_1_282' title='bbox 961 2751 1004 2791; x_wconf 83' lang='grc' dir='ltr'><strong><em>ἕν</em></strong></span> <span class='ocrx_word' id='word_1_283' title='bbox 1036 2754 1217 2807; x_wconf 78' lang='grc' dir='ltr'><strong><em>Ναυαγῷ</em></strong></span> <span class='ocrx_word' id='word_1_284' title='bbox 1256 2751 1439 2807; x_wconf 83' lang='grc' dir='ltr'><strong><em>(ναυαγω</em></strong></span> <span class='ocrx_word' id='word_1_285' title='bbox 1472 2753 1526 2809; x_wconf 88' lang='grc' dir='ltr'><strong><em>Α)</em></strong></span> <span class='ocrx_word' id='word_1_286' title='bbox 1566 2752 1675 2794; x_wconf 79' lang='grc' dir='ltr'><strong><em>Πλά-</em></strong></span> 
     </span>
    </p>
   </div>
   <div class='ocr_carea' id='block_1_7' title="bbox 112 2807 1677 2970">
    <p class='ocr_par' dir='ltr' id='par_1_12' title="bbox 112 2807 1677 2970">
     <span class='ocr_line' id='line_1_41' title="bbox 113 2807 1671 2865; baseline 0 -15"><span class='ocrx_word' id='word_1_287' title='bbox 113 2810 217 2850; x_wconf 84' lang='grc' dir='ltr'><strong><em>τωνά</em></strong></span> <span class='ocrx_word' id='word_1_288' title='bbox 249 2825 288 2849; x_wconf 90' lang='grc' dir='ltr'><strong><em>τε</em></strong></span> <span class='ocrx_word' id='word_1_289' title='bbox 327 2807 449 2849; x_wconf 81' lang='grc' dir='ltr'><strong><em>αὐτὸν</em></strong></span> <span class='ocrx_word' id='word_1_290' title='bbox 486 2824 552 2849; x_wconf 88' lang='grc' dir='ltr'><strong><em>και</em></strong></span> <span class='ocrx_word' id='word_1_291' title='bbox 591 2825 671 2848; x_wconf 90' lang='grc' dir='ltr'><strong><em>των</em></strong></span> <span class='ocrx_word' id='word_1_292' title='bbox 706 2809 915 2861; x_wconf 79' lang='grc' dir='ltr'><strong><em>γνωρίμων</em></strong></span> <span class='ocrx_word' id='word_1_293' title='bbox 953 2808 1063 2856; x_wconf 82' lang='grc' dir='ltr'><strong><em>τινὰς</em></strong></span> <span class='ocrx_word' id='word_1_294' title='bbox 1101 2811 1392 2865; x_wconf 72' lang='grc' dir='ltr'><strong><em>κεκωμοὶδηκεν</em></strong></span> <span class='ocrx_word' id='word_1_295' title='bbox 1429 2808 1483 2859; x_wconf 83' lang='grc' dir='ltr'><strong><em>ὦς</em></strong></span> <span class='ocrx_word' id='word_1_296' title='bbox 1513 2810 1580 2850; x_wconf 77' lang='grc' dir='ltr'><strong><em>καὶ</em></strong></span> <span class='ocrx_word' id='word_1_297' title='bbox 1610 2807 1671 2850; x_wconf 77' lang='grc' dir='ltr'><strong><em>ἐπ’</em></strong></span> 
     </span>
     <span class='ocr_line' id='line_1_42' title="bbox 112 2861 1677 2923; baseline 0.001 -17"><span class='ocrx_word' id='word_1_298' title='bbox 112 2864 286 2923; x_wconf 72' lang='grc' dir='ltr'><strong><em>ἀργυρίῳ</em></strong></span> <span class='ocrx_word' id='word_1_299' title='bbox 316 2872 692 2917; x_wconf 83' lang='grc' dir='ltr'><strong><em>συκοφαντοῦντας,</em></strong></span> <span class='ocrx_word' id='word_1_300' title='bbox 723 2864 929 2917; x_wconf 83' lang='grc' dir='ltr'><strong><em>ἐμφαίνων</em></strong></span> <span class='ocrx_word' id='word_1_301' title='bbox 947 2861 1006 2905; x_wconf 88' lang='grc' dir='ltr'><strong><em>ότι</em></strong></span> <span class='ocrx_word' id='word_1_302' title='bbox 1037 2865 1104 2904; x_wconf 83' lang='grc' dir='ltr'><strong><em>καὶ</em></strong></span> <span class='ocrx_word' id='word_1_303' title='bbox 1131 2869 1351 2915; x_wconf 84' lang='grc' dir='ltr'><strong><em>πολυτελῶς</em></strong></span> <span class='ocrx_word' id='word_1_304' title='bbox 1380 2865 1580 2919; x_wconf 79' lang='grc' dir='ltr'><strong><em>ἠσκοῦντο</em></strong></span> <span class='ocrx_word' id='word_1_305' title='bbox 1609 2867 1677 2908; x_wconf 77' lang='grc' dir='ltr'><strong><em>καὶ</em></strong></span> 
     </span>
     <span class='ocr_line' id='line_1_43' title="bbox 182 2938 1403 2970; baseline 0.002 -5"><span class='ocrx_word' id='word_1_306' title='bbox 182 2940 223 2966; x_wconf 90' lang='lat' dir='ltr'><strong><em>Co</em></strong></span> <span class='ocrx_word' id='word_1_307' title='bbox 206 2939 285 2964; x_wconf 77' lang='lat' dir='ltr'><strong>omie</strong></span> <span class='ocrx_word' id='word_1_308' title='bbox 288 2939 390 2970; x_wconf 76' lang='lat' dir='ltr'><strong>iacgr</strong></span> <span class='ocrx_word' id='word_1_309' title='bbox 459 2938 505 2965; x_wconf 82' lang='lat' dir='ltr'><strong><em>e.d</em></strong></span> <span class='ocrx_word' id='word_1_310' title='bbox 527 2938 588 2965; x_wconf 76' lang='lat' dir='ltr'><strong><em>Th.</em></strong></span> <span class='ocrx_word' id='word_1_311' title='bbox 608 2939 661 2964; x_wconf 89' lang='grc' dir='ltr'><strong><em>Κο</em></strong></span> <span class='ocrx_word' id='word_1_312' title='bbox 671 2938 723 2964; x_wconf 83' lang='lat' dir='ltr'><strong><em>c.k</em></strong></span> <span class='ocrx_word' id='word_1_313' title='bbox 750 2938 790 2964; x_wconf 87' lang='lat'><strong><em>11.</em></strong></span> <span class='ocrx_word' id='word_1_314' title='bbox 1365 2938 1403 2967; x_wconf 75' lang='lat'><strong><em>17</em></strong></span> 
     </span>
    </p>
   </div>
  </div>
 </body>
</html>
