1890 3190
0 788 19 925 ἓ

0 928 8 999 ἓ

0 1023 8 1163 ὲ

0 1163 8 1260 ἱ

0 1267 6 1321 i

181 766 438 808 Comoediam
459 764 686 804 Atticorum
717 726 947 814 &partitam
979 753 1073 815 (τὴν
1094 758 1175 798 τῶν
1194 749 1378 797 πάλαιῶν
1397 759 1438 798 et
1464 754 1537 807 τὴν
1556 761 1637 794 τῶν

65 822 240 876 καινῶν)
279 822 521 863 Aristoteles
558 821 844 870 commemorat
881 819 1011 859 Ethic.
1043 818 1130 858 Nic.
1162 817 1208 867 4,
1233 816 1285 854 14
1315 829 1354 866 p.
1387 815 1497 853 1128
1512 827 1542 864 a,
1566 815 1634 852 22.

67 881 241 923 mediam
286 893 405 931 quam
450 879 591 918 dicunt
628 879 820 929 ignorant
855 877 1035 927 priorum
1074 874 1324 914 saeculorum
1362 871 1636 921 Alexandrini,

69 939 258 992 ignorant
286 936 555 983 Quintilianus
587 932 674 987 (10,
700 937 736 985 1,
760 932 964 984 65—72),
994 932 1173 972 Velleius
1203 927 1260 983 (1,
1289 931 1352 980 16,
1377 926 1440 983 3),
1480 929 1635 978 Harpo-

69 997 222 1037 cration
253 989 545 1046 (ὀρνιθευτής),
577 992 807 1031 Dorotheus
839 990 1068 1029 Ascalonita
1098 984 1263 1041 (Athen.
1284 988 1349 1036 14,
1367 987 1448 1026 662
1462 983 1514 1040 f),
1544 985 1639 1023 Plu-

69 1052 230 1093 tarchus
260 1048 476 1103 (Mor.712
489 1049 541 1101 a),
573 1045 762 1100 ignorant
791 1047 908 1087 latini
938 1047 1006 1097 qui
1035 1058 1162 1096 usque
1192 1045 1243 1084 ad
1275 1044 1438 1083 Traiani
1468 1044 1639 1082 mortem

67 1110 231 1150 fuerunt
259 1107 522 1159 grammatici,
554 1107 725 1157 ignorat·
746 1106 916 1154 denique
947 1104 1089 1143 incerti
1120 1102 1326 1152 scriptoris
1358 1101 1406 1139 de
1429 1099 1634 1140 comoedia

67 1165 352 1207 commentatio
385 1165 527 1214 quinta.
557 1161 746 1215 (Meinek.
777 1162 797 1201 I
828 1163 922 1200 539.
968 1160 1125 1201 Duebn.
1151 1159 1290 1199 Sohol.
1323 1158 1451 1197 Arist.
1481 1157 1638 1207 proleg.

67 1219 195 1276 XVI),
227 1234 328 1273 quae
358 1221 476 1260 initio
507 1233 614 1267 sane,
648 1233 695 1258 ex
724 1218 1037 1269 interpolatione
1069 1218 1154 1257 sine
1185 1216 1306 1260 dubio
1338 1215 1407 1267 (cf.
1440 1227 1540 1266 quae
1570 1213 1639 1252 ad-

68 1279 227 1320 notavit
247 1275 505 1329 Meinekius),
528 1277 778 1327 tripartitam
797 1275 1043 1316 comoediam
1063 1274 1360 1322 commemorat,
1382 1274 1524 1323 postea.
1546 1283 1639 1311 vero

12 1382 17 1386 ,
69 1349 215 1377 novam
245 1335 371 1375 solam
403 1347 494 1374 cum
524 1334 687 1384 antiqua
717 1334 934 1384 comparat.
985 1331 1138 1372 mediae
1167 1343 1312 1370 nomen
1342 1329 1539 1369 Hadriani
1568 1328 1639 1367 im·

69 1393 266 1445 peratoris
302 1393 434 1431 aetate
471 1392 682 1430 inventum
721 1392 844 1441 atque
882 1391 1121 1439 usurpatum
1159 1387 1282 1427 fuisse
1315 1386 1501 1426 omnibus
1531 1385 1641 1425 testi-

73 1451 220 1490 moniis
249 1451 453 1488 momento
483 1461 554 1488 suo
585 1449 770 1487 accurate
799 1447 1030 1498 ponderatis
1060 1446 1211 1496 primus
1242 1444 1448 1483 Fielitzius
1473 1442 1550 1496 (Dc
1571 1441 1642 1482 At-

70 1508 241 1547 ticorum
279 1505 482 1546 comoedia
511 1505 722 1556 bipartita,
761 1505 891 1543 Bonn.
925 1502 1052 1554 1866)
1092 1503 1148 1542 ita
1178 1502 1487 1551 demonstravit,
1519 1502 1566 1539 ut
1595 1500 1643 1538 de

72 1564 242 1605 veritate
279 1563 391 1602 nulla
427 1562 557 1612 possit
593 1575 680 1602 esse
719 1562 928 1601 dubitatio.
990 1573 1089 1611 quae
1127 1573 1189 1599 res
1232 1558 1414 1609 quamvis
1444 1558 1546 1597 mira
1577 1557 1642 1607 sit,

73 1623 208 1661 tamen
247 1621 303 1660 sic
340 1619 499 1659 videtur
536 1619 724 1669 explicari
760 1631 891 1669 posse.
949 1619 1165 1668 postquam
1204 1616 1442 1656 vetustiores
1483 1615 1645 1666 quidam

78 1678 257 1718 homines
294 1676 487 1726 litterati,
527 1676 654 1715 veluti
691 1676 751 1715 illi
791 1689 837 1714 ex
873 1688 1043 1726 quorum
1074 1674 1200 1724 copiis
1230 1674 1448 1713 hauserunt
1478 1673 1562 1712 eius
1594 1671 1641 1710 de

76 1747 156 1785 qua
193 1734 310 1774 modo
349 1733 520 1772 diximus
560 1732 908 1772 commentationis
947 1733 1085 1770 auctor
1122 1744 1166 1770 ac
1202 1731 1331 1781 magis
1370 1730 1560 1770 distincte
1590 1751 1646 1757 —

77 1791 260 1831 Suetonii
299 1792 344 1829 ut
381 1789 541 1829 videtur
571 1790 848 1829 auctoritatem
880 1790 1041 1828 secutus
1071 1810 1125 1817 —
1158 1788 1371 1826 Diomedes
1401 1783 1461 1840 (p.
1492 1787 1588 1825 488.
1621 1787 1644 1825 9

18 1880 20 1882 .
78 1845 201 1901 Keil.)
233 1849 274 1887 et
303 1847 464 1886 Tzetzes
494 1847 554 1886 De
585 1845 730 1889 divers,
761 1847 869 1897 poet.
905 1847 956 1884 76
974 1858 1049 1896 sq.,
1090 1845 1294 1895 antiquam
1325 1845 1463 1894 potius
1493 1855 1647 1883 comoe-

76 1905 185 1944 diam
215 1905 259 1943 in
290 1905 370 1943 duo
402 1904 515 1954 quasi
545 1916 691 1954 genera
720 1903 962 1951 diviserunt,
993 1902 1114 1953 idque
1134 1902 1192 1941 ita
1211 1903 1258 1940 ut
1278 1901 1534 1941 Susarionem
1556 1913 1645 1939 cum

74 1962 218 2001 ceteris
256 1961 324 2012 qui
354 1962 446 1999 ante
478 1959 685 2000 Cratinum
714 1960 879 1999 fuerunt
907 1959 1229 2010 antiquissimae,
1263 1958 1577 2008 Aristophanem
1607 1958 1648 1996 et

74 2018 250 2069 Eupolin
281 2030 370 2058 cum
403 2016 566 2057 Cratino
605 2017 800 2057 secundae
830 2017 987 2056 cuidam
1017 2016 1134 2056 classi
1165 2013 1256 2069 (τῆς
1287 2011 1490 2067 δευτέρας)
1522 2015 1646 2054 adnu-

74 2077 291 2114 merarent:
345 2073 560 2114 Hadrianei
599 2075 795 2125 temporis
831 2074 1105 2125 grammatici,
1150 2073 1258 2124 quod
1295 2085 1400 2112 nova
1441 2072 1648 2112 comoedia

75 2144 164 2172 cum
202 2132 344 2171 aetatis
384 2131 513 2181 spatio
551 2133 638 2170 tum
667 2134 875 2182 poetarum
905 2131 1211 2181 fabularumque
1239 2142 1407 2169 numero
1438 2129 1647 2180 antiquam

19 2231 22 2233 ,
75 2189 196 2240 longe
226 2199 419 2238 superare
452 2188 668 2239 videretur,
700 2201 782 2228 non
811 2188 1018 2238 antiquam
1047 2189 1094 2227 ut
1123 2189 1239 2227 antea
1269 2187 1418 2226 factum
1449 2189 1546 2236 erat,
1578 2186 1648 2225 sed

22 2263 27 2302 j
76 2258 222 2286 novam
263 2246 306 2284 in
351 2245 448 2284 duas
493 2247 627 2295 partes
671 2245 855 2285 dirimere
902 2257 1066 2295 eamque
1104 2258 1202 2295 quae
1242 2246 1423 2294 tempore
1461 2244 1647 2294 antiquae

77 2303 241 2353 propior
261 2304 366 2342 esset
385 2302 557 2341 mediam
588 2302 788 2352 adpellare
818 2303 1067 2352 inceperunt,
1098 2301 1398 2342 convenientiae
1429 2301 1646 2350 cuiusdam,

23 2381 49 2389 -Δ
79 2361 126 2405 ut
157 2359 354 2410 videntur,
387 2358 514 2410 magis
545 2361 586 2398 et
614 2359 910 2410 aequabilitatis
940 2359 1070 2409 specie
1101 2361 1265 2398 externa
1287 2371 1406 2408 quam
1426 2359 1484 2397 rei
1504 2360 1648 2397 natura

19 2457 22 2459 ,
79 2417 120 2455 et
156 2415 292 2455 indole
333 2416 457 2455 ducti.
516 2429 608 2455 nam
645 2416 798 2456 mediae
835 2428 1040 2466 novaeque
1076 2418 1183 2455 certa
1218 2415 1446 2455 discrimina
1483 2415 1648 2465 reperiri

81 2485 162 2512 non
191 2475 375 2523 possunt,
406 2469 604 2523 siquidem
634 2473 699 2513 vel
729 2474 778 2512 ab
810 2474 978 2523 antiqua
1007 2485 1113 2512 nova
1133 2485 1179 2512 eo
1200 2472 1479 2512 tantummodo
1502 2471 1647 2518 differt,

80 2529 186 2579 quod
224 2529 467 2569 carminibus
505 2530 671 2569 choricis
711 2533 820 2569 caret
855 2533 896 2569 et
933 2530 1131 2580 parabasi.
1193 2543 1294 2580 quae
1325 2530 1359 2569 si
1388 2531 1597 2579 praeterea
1626 2541 1650 2566 a

78 2585 200 2625 rebus
229 2586 402 2636 publicis
432 2586 481 2625 ad
511 2587 703 2637 privatas,
735 2587 786 2626 ab
816 2587 1006 2627 inrisione
1037 2587 1245 2626 hominum
1265 2586 1316 2626 ad
1339 2586 1647 2635 descriptionem

25 2672 30 2674 ἡ
79 2655 247 2694 morum,
280 2656 302 2681 a
332 2643 525 2682 sermonis
555 2656 701 2695 genere
732 2644 897 2683 elatiore
928 2646 969 2683 et
989 2644 1199 2695 grandiore
1221 2644 1270 2682 ad
1290 2643 1542 2682 humiliorem
1562 2655 1646 2681 ora-

25 2736 29 2737 ⁷
81 2699 232 2738 tionem
273 2699 482 2739 deflectere
518 2702 638 2750 atque
676 2700 890 2740 artificiosa
929 2701 1057 2752 magis
1096 2700 1323 2752 argumenti
1355 2702 1396 2739 et
1426 2699 1648 2739 conforma-

27 2804 31 2806 ,
80 2755 191 2795 tione
220 2759 262 2795 et
291 2756 552 2807 explicatione
583 2757 756 2807 gaudere
787 2757 952 2797 dicitur:
986 2758 1084 2798 istae
1106 2758 1347 2796 mutationes
1370 2769 1506 2796 omnes
1528 2757 1646 2795 aliae-

81 2825 157 2862 que
188 2813 230 2851 id
259 2826 386 2864 genus
416 2813 625 2863 paullatim
655 2815 980 2865 pedetentimque
1011 2817 1053 2854 et
1072 2817 1182 2854 ortae
1203 2816 1298 2853 sunt
1317 2816 1360 2853 et
1379 2814 1646 2862 increverunt,

29 2898 32 2903 .
81 2870 128 2908 ut
165 2871 206 2908 et
242 2870 490 2920 antiquiores
530 2872 668 2921 poetas
697 2871 833 2911 videas
863 2885 909 2910 ca
939 2872 1094 2911 ratione
1125 2884 1229 2922 usos,
1260 2884 1380 2922 quam
1411 2871 1650 2921 posteriores
