<?xml version="1.0" encoding="UTF-8"?>
<!DOCTYPE html PUBLIC "-//W3C//DTD XHTML 1.0 Transitional//EN"
    "http://www.w3.org/TR/xhtml1/DTD/xhtml1-transitional.dtd">
<html xmlns="http://www.w3.org/1999/xhtml" xml:lang="en" lang="en">
 <head>
  <title>
</title>
<meta http-equiv="Content-Type" content="text/html;charset=utf-8" />
  <meta name='ocr-system' content='tesseract 3.04.00' />
  <meta name='ocr-capabilities' content='ocr_page ocr_carea ocr_par ocr_line ocrx_word'/>
</head>
<body>
  <div class='ocr_page' id='page_1' title='image "./comicorumatticor02kockuoft_0427.png"; bbox 0 0 1864 3204; ppageno 0'>
   <div class='ocr_carea' id='block_1_1' title="bbox 533 162 1623 205">
    <p class='ocr_par' dir='ltr' id='par_1_1' title="bbox 533 162 1623 205">
     <span class='ocr_line' id='line_1_1' title="bbox 533 162 1623 205; baseline 0.008 -9"><span class='ocrx_word' id='word_1_1' title='bbox 533 162 788 198; x_wconf 69' lang='grc' dir='ltr'><strong>ΑΤΛΗΤΡῙΣ</strong></span> <span class='ocrx_word' id='word_1_2' title='bbox 835 163 1133 198; x_wconf 71' lang='grc' dir='ltr'><strong><em>ΕΠικΛΗΡοΣ</em></strong></span> <span class='ocrx_word' id='word_1_3' title='bbox 1534 162 1623 205; x_wconf 83' lang='grc'><strong><em>421·</em></strong></span> 
     </span>
    </p>
   </div>
   <div class='ocr_carea' id='block_1_2' title="bbox 174 261 1484 1954">
    <p class='ocr_par' dir='ltr' id='par_1_2' title="bbox 174 261 1484 1954">
     <span class='ocr_line' id='line_1_2' title="bbox 258 261 1322 320; baseline -0.002 -12"><span class='ocrx_word' id='word_1_4' title='bbox 258 264 472 319; x_wconf 81' lang='grc' dir='ltr'><strong><em>ἐμαυτόν,</em></strong></span> <span class='ocrx_word' id='word_1_5' title='bbox 504 262 618 307; x_wconf 74' lang='grc' dir='ltr'><strong><em>ὥστε</em></strong></span> <span class='ocrx_word' id='word_1_6' title='bbox 647 262 707 320; x_wconf 84' lang='grc' dir='ltr'><strong><em>μὴ</em></strong></span> <span class='ocrx_word' id='word_1_7' title='bbox 733 262 929 319; x_wconf 83' lang='grc' dir='ltr'><strong><em>’νοχλεῖν</em></strong></span> <span class='ocrx_word' id='word_1_8' title='bbox 958 261 1039 306; x_wconf 85' lang='grc' dir='ltr'><strong><em>τὸν</em></strong></span> <span class='ocrx_word' id='word_1_9' title='bbox 1069 264 1322 320; x_wconf 83' lang='grc' dir='ltr'><strong><em>συμπότην,</em></strong></span> 
     </span>
     <span class='ocr_line' id='line_1_3' title="bbox 258 330 1412 386; baseline -0.001 -11"><span class='ocrx_word' id='word_1_10' title='bbox 258 332 442 376; x_wconf 81' lang='grc' dir='ltr'><strong><em>πάντων</em></strong></span> <span class='ocrx_word' id='word_1_11' title='bbox 472 330 731 382; x_wconf 77' lang='grc' dir='ltr'><em>ἀπολαύσας</em></span> <span class='ocrx_word' id='word_1_12' title='bbox 758 334 852 375; x_wconf 80' lang='grc' dir='ltr'><strong><em>τῶν</em></strong></span> <span class='ocrx_word' id='word_1_13' title='bbox 881 332 1248 386; x_wconf 76' lang='grc' dir='ltr'><em>παρατεθέντων,</em></span> <span class='ocrx_word' id='word_1_14' title='bbox 1279 331 1412 386; x_wconf 76' lang='grc' dir='ltr'><strong><em>πιών,</em></strong></span> 
     </span>
     <span class='ocr_line' id='line_1_4' title="bbox 178 397 1268 457; baseline 0 -15"><span class='ocrx_word' id='word_1_15' title='bbox 178 410 224 442; x_wconf 79' lang='grc' dir='ltr'><strong><em>2ο</em></strong></span> <span class='ocrx_word' id='word_1_16' title='bbox 254 399 469 457; x_wconf 78' lang='grc' dir='ltr'><strong><em>ἀπέρχομ’</em></strong></span> <span class='ocrx_word' id='word_1_17' title='bbox 492 398 639 443; x_wconf 79' lang='grc' dir='ltr'><strong><em>οἴκαδ’</em></strong></span> <span class='ocrx_word' id='word_1_18' title='bbox 664 398 818 453; x_wconf 71' lang='grc' dir='ltr'><strong><em>ὥσπερ</em></strong></span> <span class='ocrx_word' id='word_1_19' title='bbox 850 398 874 441; x_wconf 88' lang='grc' dir='ltr'>ὁ</span> <span class='ocrx_word' id='word_1_20' title='bbox 906 397 1021 448; x_wconf 78' lang='grc' dir='ltr'><strong><em>Ζεὺς</em></strong></span> <span class='ocrx_word' id='word_1_21' title='bbox 1050 397 1074 442; x_wconf 93' lang='lat'><strong><em>6</em></strong></span> <span class='ocrx_word' id='word_1_22' title='bbox 1105 402 1268 454; x_wconf 82' lang='grc' dir='ltr'><strong><em>φίλιος.</em></strong></span> 
     </span>
     <span class='ocr_line' id='line_1_5' title="bbox 256 462 1364 525; baseline -0.001 -14"><span class='ocrx_word' id='word_1_23' title='bbox 256 467 325 511; x_wconf 80' lang='grc' dir='ltr'><strong><em>ὅτι</em></strong></span> <span class='ocrx_word' id='word_1_24' title='bbox 355 467 400 511; x_wconf 91' lang='grc' dir='ltr'><strong><em>δ’</em></strong></span> <span class='ocrx_word' id='word_1_25' title='bbox 419 462 480 525; x_wconf 79' lang='grc' dir='ltr'><strong><em>ἦν</em></strong></span> <span class='ocrx_word' id='word_1_26' title='bbox 510 465 560 510; x_wconf 88' lang='grc' dir='ltr'><strong><em>τὸ</em></strong></span> <span class='ocrx_word' id='word_1_27' title='bbox 590 466 760 524; x_wconf 83' lang='grc' dir='ltr'><strong><em>πρᾶγμ’</em></strong></span> <span class='ocrx_word' id='word_1_28' title='bbox 783 466 970 519; x_wconf 82' lang='grc' dir='ltr'><strong><em>ἔνδοξον</em></strong></span> <span class='ocrx_word' id='word_1_29' title='bbox 998 464 1069 510; x_wconf 81' lang='grc' dir='ltr'><strong><em>ἀεὶ</em></strong></span> <span class='ocrx_word' id='word_1_30' title='bbox 1101 467 1175 510; x_wconf 80' lang='grc' dir='ltr'><strong><em>καὶ</em></strong></span> <span class='ocrx_word' id='word_1_31' title='bbox 1206 468 1364 523; x_wconf 89' lang='grc' dir='ltr'><strong><em>καλόν,</em></strong></span> 
     </span>
     <span class='ocr_line' id='line_1_6' title="bbox 258 535 1206 591; baseline 0.001 -11"><span class='ocrx_word' id='word_1_32' title='bbox 258 536 441 580; x_wconf 78' lang='grc' dir='ltr'><strong><em>ἐκεῖθεν</em></strong></span> <span class='ocrx_word' id='word_1_33' title='bbox 470 535 530 580; x_wconf 76' lang='grc' dir='ltr'><strong><em>ἂν</em></strong></span> <span class='ocrx_word' id='word_1_34' title='bbox 558 537 690 591; x_wconf 88' lang='grc' dir='ltr'><strong><em>γνοίη</em></strong></span> <span class='ocrx_word' id='word_1_35' title='bbox 720 550 786 586; x_wconf 92' lang='grc' dir='ltr'><strong><em>τις</em></strong></span> <span class='ocrx_word' id='word_1_36' title='bbox 816 536 881 578; x_wconf 84' lang='grc' dir='ltr'><strong><em>ἔτι</em></strong></span> <span class='ocrx_word' id='word_1_37' title='bbox 911 535 1206 591; x_wconf 82' lang='grc' dir='ltr'><strong><em>σαφέστερον.</em></strong></span> 
     </span>
     <span class='ocr_line' id='line_1_7' title="bbox 256 600 1248 661; baseline -0.002 -13"><span class='ocrx_word' id='word_1_38' title='bbox 256 600 337 648; x_wconf 86' lang='grc' dir='ltr'><strong><em>τόν</em></strong></span> <span class='ocrx_word' id='word_1_39' title='bbox 361 603 581 661; x_wconf 78' lang='grc' dir='ltr'><strong><em>Ἡρακλέα</em></strong></span> <span class='ocrx_word' id='word_1_40' title='bbox 610 606 783 659; x_wconf 76' lang='grc' dir='ltr'><strong><em>τιμῶσα</em></strong></span> <span class='ocrx_word' id='word_1_41' title='bbox 814 605 1030 659; x_wconf 75' lang='grc' dir='ltr'><strong><em>λαμπροῖς</em></strong></span> <span class='ocrx_word' id='word_1_42' title='bbox 1056 601 1084 658; x_wconf 87' lang='grc' dir='ltr'><strong><em>ἡ</em></strong></span> <span class='ocrx_word' id='word_1_43' title='bbox 1117 603 1248 654; x_wconf 91' lang='grc' dir='ltr'><strong><em>πόλις</em></strong></span> 
     </span>
     <span class='ocr_line' id='line_1_8' title="bbox 256 670 1284 728; baseline -0.002 -12"><span class='ocrx_word' id='word_1_44' title='bbox 256 671 307 716; x_wconf 77' lang='grc' dir='ltr'><strong><em>ἐν</em></strong></span> <span class='ocrx_word' id='word_1_45' title='bbox 337 670 477 716; x_wconf 76' lang='grc' dir='ltr'><strong><em>ἅπασι</em></strong></span> <span class='ocrx_word' id='word_1_46' title='bbox 506 679 601 724; x_wconf 82' lang='grc' dir='ltr'><strong><em>τοῖς</em></strong></span> <span class='ocrx_word' id='word_1_47' title='bbox 630 671 788 728; x_wconf 80' lang='grc' dir='ltr'><strong><em>δήμοις</em></strong></span> <span class='ocrx_word' id='word_1_48' title='bbox 815 673 983 722; x_wconf 78' lang='grc' dir='ltr'><strong><em>θυσίας</em></strong></span> <span class='ocrx_word' id='word_1_49' title='bbox 1012 673 1284 728; x_wconf 82' lang='grc' dir='ltr'><strong><em>ποιουμένη,</em></strong></span> 
     </span>
     <span class='ocr_line' id='line_1_9' title="bbox 178 738 1333 797; baseline 0.001 -15"><span class='ocrx_word' id='word_1_50' title='bbox 178 751 221 782; x_wconf 80' lang='lat'><strong><em>‘25</em></strong></span> <span class='ocrx_word' id='word_1_51' title='bbox 255 742 317 792; x_wconf 86' lang='grc' dir='ltr'><strong><em>είς</em></strong></span> <span class='ocrx_word' id='word_1_52' title='bbox 346 738 424 792; x_wconf 76' lang='grc' dir='ltr'><strong><em>τὰς</em></strong></span> <span class='ocrx_word' id='word_1_53' title='bbox 451 742 620 791; x_wconf 86' lang='grc' dir='ltr'><strong><em>θυσίας</em></strong></span> <span class='ocrx_word' id='word_1_54' title='bbox 648 738 813 790; x_wconf 89' lang='grc' dir='ltr'><strong><em>ταύτας</em></strong></span> <span class='ocrx_word' id='word_1_55' title='bbox 841 741 1118 793; x_wconf 80' lang='grc' dir='ltr'><strong><em>παρασίτους</em></strong></span> <span class='ocrx_word' id='word_1_56' title='bbox 1148 742 1209 796; x_wconf 78' lang='grc' dir='ltr'><strong><em>τῷ</em></strong></span> <span class='ocrx_word' id='word_1_57' title='bbox 1238 744 1333 797; x_wconf 77' lang='grc' dir='ltr'><strong><em>,θεῷ</em></strong></span> 
     </span>
     <span class='ocr_line' id='line_1_10' title="bbox 253 805 1299 864; baseline -0.002 -12"><span class='ocrx_word' id='word_1_58' title='bbox 253 807 310 852; x_wconf 83' lang='grc' dir='ltr'><strong><em>οὐ</em></strong></span> <span class='ocrx_word' id='word_1_59' title='bbox 340 805 511 852; x_wconf 75' lang='grc' dir='ltr'><strong><em>πώποτ’</em></strong></span> <span class='ocrx_word' id='word_1_60' title='bbox 536 807 875 864; x_wconf 77' lang='grc' dir='ltr'><strong><em>ἀπεκλήρωσεν,</em></strong></span> <span class='ocrx_word' id='word_1_61' title='bbox 907 806 1014 852; x_wconf 78' lang='grc' dir='ltr'><strong><em>οὐδὲ</em></strong></span> <span class='ocrx_word' id='word_1_62' title='bbox 1044 808 1299 863; x_wconf 82' lang='grc' dir='ltr'><strong><em>παρέλαβεν</em></strong></span> 
     </span>
     <span class='ocr_line' id='line_1_11' title="bbox 254 873 1305 932; baseline -0.001 -12"><span class='ocrx_word' id='word_1_63' title='bbox 254 878 317 928; x_wconf 84' lang='grc' dir='ltr'><strong><em>εἰς</em></strong></span> <span class='ocrx_word' id='word_1_64' title='bbox 345 878 486 920; x_wconf 88' lang='grc' dir='ltr'><strong><em>ταῦτα</em></strong></span> <span class='ocrx_word' id='word_1_65' title='bbox 516 875 622 928; x_wconf 87' lang='grc' dir='ltr'><strong><em>τούς</em></strong></span> <span class='ocrx_word' id='word_1_66' title='bbox 650 875 891 932; x_wconf 84' lang='grc' dir='ltr'><strong><em>τυχόντας,</em></strong></span> <span class='ocrx_word' id='word_1_67' title='bbox 922 873 1036 919; x_wconf 79' lang='grc' dir='ltr'><strong><em>ἀλλὰ</em></strong></span> <span class='ocrx_word' id='word_1_68' title='bbox 1065 877 1305 931; x_wconf 76' lang='grc' dir='ltr'><strong><em>κατέλεγεν</em></strong></span> 
     </span>
     <span class='ocr_line' id='line_1_12' title="bbox 254 942 1300 999; baseline -0.002 -11"><span class='ocrx_word' id='word_1_69' title='bbox 254 946 305 989; x_wconf 81' lang='grc' dir='ltr'><strong><em>ἐκ</em></strong></span> <span class='ocrx_word' id='word_1_70' title='bbox 336 948 428 988; x_wconf 75' lang='grc' dir='ltr'><strong><em>τῶν</em></strong></span> <span class='ocrx_word' id='word_1_71' title='bbox 457 947 656 988; x_wconf 74' lang='grc' dir='ltr'><strong><em>πολιτῶν</em></strong></span> <span class='ocrx_word' id='word_1_72' title='bbox 686 942 850 988; x_wconf 79' lang='grc' dir='ltr'><strong><em>δώδεκ’</em></strong></span> <span class='ocrx_word' id='word_1_73' title='bbox 873 942 1044 999; x_wconf 79' lang='grc' dir='ltr'><strong><em>ἄνδρας</em></strong></span> <span class='ocrx_word' id='word_1_74' title='bbox 1077 944 1300 999; x_wconf 77' lang='grc' dir='ltr'><strong><em>ἐπιμελῶς</em></strong></span> 
     </span>
     <span class='ocr_line' id='line_1_13' title="bbox 255 1010 1321 1069; baseline -0.001 -13"><span class='ocrx_word' id='word_1_75' title='bbox 255 1012 524 1069; x_wconf 80' lang='grc' dir='ltr'><strong><em>ἐκλεξαμένη</em></strong></span> <span class='ocrx_word' id='word_1_76' title='bbox 555 1011 662 1064; x_wconf 83' lang='grc' dir='ltr'><strong><em>τούς</em></strong></span> <span class='ocrx_word' id='word_1_77' title='bbox 693 1014 744 1056; x_wconf 83' lang='grc' dir='ltr'><strong><em>ἐκ</em></strong></span> <span class='ocrx_word' id='word_1_78' title='bbox 776 1010 851 1055; x_wconf 88' lang='grc' dir='ltr'><strong><em>δύ’</em></strong></span> <span class='ocrx_word' id='word_1_79' title='bbox 874 1010 1027 1055; x_wconf 78' lang='grc' dir='ltr'><strong><em>α’στῶν</em></strong></span> <span class='ocrx_word' id='word_1_80' title='bbox 1056 1012 1321 1067; x_wconf 77' lang='grc' dir='ltr'><strong><em>γεγονότας,</em></strong></span> 
     </span>
     <span class='ocr_line' id='line_1_14' title="bbox 178 1078 1143 1137; baseline 0 -14"><span class='ocrx_word' id='word_1_81' title='bbox 178 1091 224 1123; x_wconf 87' lang='grc'><strong><em>30</em></strong></span> <span class='ocrx_word' id='word_1_82' title='bbox 255 1083 439 1137; x_wconf 84' lang='grc' dir='ltr'><strong><em>ἔχοντας</em></strong></span> <span class='ocrx_word' id='word_1_83' title='bbox 468 1080 649 1137; x_wconf 80' lang='grc' dir='ltr'><strong><em>οὐσίας,</em></strong></span> <span class='ocrx_word' id='word_1_84' title='bbox 680 1083 830 1131; x_wconf 76' lang='grc' dir='ltr'><strong><em>καλῶς</em></strong></span> <span class='ocrx_word' id='word_1_85' title='bbox 857 1078 1143 1136; x_wconf 84' lang='grc' dir='ltr'><strong><em>βεβιωκότας.</em></strong></span> 
     </span>
     <span class='ocr_line' id='line_1_15' title="bbox 253 1146 1215 1206; baseline -0.001 -13"><span class='ocrx_word' id='word_1_86' title='bbox 253 1146 344 1193; x_wconf 79' lang='grc' dir='ltr'><strong><em>εἶθ’</em></strong></span> <span class='ocrx_word' id='word_1_87' title='bbox 366 1147 559 1206; x_wconf 83' lang='grc' dir='ltr'><strong><em>ὕστερον</em></strong></span> <span class='ocrx_word' id='word_1_88' title='bbox 587 1147 670 1193; x_wconf 86' lang='grc' dir='ltr'><strong><em>τὸν</em></strong></span> <span class='ocrx_word' id='word_1_89' title='bbox 695 1147 914 1204; x_wconf 86' lang='grc' dir='ltr'><strong><em>Ἡρακλέα</em></strong></span> <span class='ocrx_word' id='word_1_90' title='bbox 946 1147 1215 1205; x_wconf 87' lang='grc' dir='ltr'><strong><em>μιμούμενοι</em></strong></span> 
     </span>
     <span class='ocr_line' id='line_1_16' title="bbox 251 1215 1272 1273; baseline 0 -13"><span class='ocrx_word' id='word_1_91' title='bbox 251 1219 342 1261; x_wconf 71' lang='grc' dir='ltr'><strong><em>τῶν</em></strong></span> <span class='ocrx_word' id='word_1_92' title='bbox 373 1216 582 1273; x_wconf 83' lang='grc' dir='ltr'><strong><em>εὐπόρων</em></strong></span> <span class='ocrx_word' id='word_1_93' title='bbox 611 1217 730 1269; x_wconf 82' lang='grc' dir='ltr'><strong><em>τινὲς</em></strong></span> <span class='ocrx_word' id='word_1_94' title='bbox 757 1217 1036 1271; x_wconf 87' lang='grc' dir='ltr'><strong><em>παρασίτους</em></strong></span> <span class='ocrx_word' id='word_1_95' title='bbox 1066 1215 1272 1272; x_wconf 85' lang='grc' dir='ltr'><strong><em>ἑλόμενοι</em></strong></span> 
     </span>
     <span class='ocr_line' id='line_1_17' title="bbox 250 1284 1370 1342; baseline -0.001 -13"><span class='ocrx_word' id='word_1_96' title='bbox 250 1285 433 1342; x_wconf 84' lang='grc' dir='ltr'><strong><em>τρέφειν</em></strong></span> <span class='ocrx_word' id='word_1_97' title='bbox 460 1286 752 1342; x_wconf 83' lang='grc' dir='ltr'><strong><em>παρεκάλουν</em></strong></span> <span class='ocrx_word' id='word_1_98' title='bbox 783 1284 883 1340; x_wconf 82' lang='grc' dir='ltr'><strong><em>οὐχὶ</em></strong></span> <span class='ocrx_word' id='word_1_99' title='bbox 912 1284 1020 1336; x_wconf 84' lang='grc' dir='ltr'><strong><em>τούς</em></strong></span> <span class='ocrx_word' id='word_1_100' title='bbox 1047 1284 1370 1340; x_wconf 79' lang='grc' dir='ltr'><strong><em>χαριεστάτους</em></strong></span> 
     </span>
     <span class='ocr_line' id='line_1_18' title="bbox 252 1351 1397 1411; baseline -0.001 -14"><span class='ocrx_word' id='word_1_101' title='bbox 252 1353 565 1411; x_wconf 79' lang='grc' dir='ltr'><strong><em>ἐκλεγόμενοι,</em></strong></span> <span class='ocrx_word' id='word_1_102' title='bbox 596 1351 702 1404; x_wconf 81' lang='grc' dir='ltr'><strong><em>τούς</em></strong></span> <span class='ocrx_word' id='word_1_103' title='bbox 731 1353 781 1396; x_wconf 78' lang='grc' dir='ltr'><strong><em>δὲ</em></strong></span> <span class='ocrx_word' id='word_1_104' title='bbox 812 1353 1082 1396; x_wconf 84' lang='grc' dir='ltr'><strong><em>κολακεύειν</em></strong></span> <span class='ocrx_word' id='word_1_105' title='bbox 1112 1353 1397 1410; x_wconf 81' lang='grc' dir='ltr'><strong><em>δυναμένους</em></strong></span> 
     </span>
     <span class='ocr_line' id='line_1_19' title="bbox 176 1416 1372 1479; baseline 0 -16"><span class='ocrx_word' id='word_1_106' title='bbox 176 1431 220 1463; x_wconf 87' lang='grc'><strong><em>35</em></strong></span> <span class='ocrx_word' id='word_1_107' title='bbox 251 1422 326 1465; x_wconf 84' lang='grc' dir='ltr'><strong><em>καὶ</em></strong></span> <span class='ocrx_word' id='word_1_108' title='bbox 355 1421 491 1467; x_wconf 88' lang='grc' dir='ltr'><strong><em>πάντ’</em></strong></span> <span class='ocrx_word' id='word_1_109' title='bbox 515 1424 739 1467; x_wconf 82' lang='grc' dir='ltr'><strong><em>ἐπαινεῖν·</em></strong></span> <span class='ocrx_word' id='word_1_110' title='bbox 772 1416 839 1473; x_wconf 84' lang='grc' dir='ltr'><strong><em>οἷς</em></strong></span> <span class='ocrx_word' id='word_1_111' title='bbox 869 1419 1057 1465; x_wconf 79' lang='grc' dir='ltr'><strong><em>ἐπειδάν</em></strong></span> <span class='ocrx_word' id='word_1_112' title='bbox 1087 1419 1372 1479; x_wconf 85' lang='grc' dir='ltr'><strong><em>προσερύγῃ,</em></strong></span> 
     </span>
     <span class='ocr_line' id='line_1_20' title="bbox 253 1486 1343 1548; baseline -0.002 -14"><span class='ocrx_word' id='word_1_113' title='bbox 253 1489 508 1546; x_wconf 79' lang='grc' dir='ltr'><strong><em>ῥαφανῖδας</em></strong></span> <span class='ocrx_word' id='word_1_114' title='bbox 537 1487 566 1548; x_wconf 79' lang='grc' dir='ltr'><strong><em>ἦ</em></strong></span> <span class='ocrx_word' id='word_1_115' title='bbox 596 1486 772 1546; x_wconf 86' lang='grc' dir='ltr'><strong><em>σαπρὸν</em></strong></span> <span class='ocrx_word' id='word_1_116' title='bbox 803 1492 1021 1545; x_wconf 84' lang='grc' dir='ltr'><strong><em>σίλουρον</em></strong></span> <span class='ocrx_word' id='word_1_117' title='bbox 1052 1488 1343 1545; x_wconf 75' lang='grc' dir='ltr'><strong><em>καταφαγών,</em></strong></span> 
     </span>
     <span class='ocr_line' id='line_1_21' title="bbox 255 1555 1226 1614; baseline -0.002 -13"><span class='ocrx_word' id='word_1_118' title='bbox 255 1562 300 1601; x_wconf 78' lang='grc' dir='ltr'><strong><em>ἴα</em></strong></span> <span class='ocrx_word' id='word_1_119' title='bbox 333 1558 408 1602; x_wconf 83' lang='grc' dir='ltr'><strong><em>καὶ</em></strong></span> <span class='ocrx_word' id='word_1_120' title='bbox 439 1558 551 1613; x_wconf 78' lang='grc' dir='ltr'><strong><em>ῥόδα</em></strong></span> <span class='ocrx_word' id='word_1_121' title='bbox 581 1557 724 1614; x_wconf 80' lang='grc' dir='ltr'><strong><em>φασὶν</em></strong></span> <span class='ocrx_word' id='word_1_122' title='bbox 754 1555 894 1601; x_wconf 85' lang='grc' dir='ltr'><strong><em>αὐτὸν</em></strong></span> <span class='ocrx_word' id='word_1_123' title='bbox 923 1555 1226 1614; x_wconf 79' lang='grc' dir='ltr'><strong><em>ἠριστηκέναι.</em></strong></span> 
     </span>
     <span class='ocr_line' id='line_1_22' title="bbox 253 1624 1352 1683; baseline -0.002 -13"><span class='ocrx_word' id='word_1_124' title='bbox 253 1625 368 1670; x_wconf 79' lang='grc' dir='ltr'><strong><em>ἐπὰν</em></strong></span> <span class='ocrx_word' id='word_1_125' title='bbox 399 1624 442 1669; x_wconf 83' lang='grc' dir='ltr'><strong><em>δ’</em></strong></span> <span class='ocrx_word' id='word_1_126' title='bbox 468 1624 708 1683; x_wconf 81' lang='grc' dir='ltr'><strong><em>ἀποπάρδῃ</em></strong></span> <span class='ocrx_word' id='word_1_127' title='bbox 739 1627 850 1682; x_wconf 85' lang='grc' dir='ltr'><strong><em>μετά</em></strong></span> <span class='ocrx_word' id='word_1_128' title='bbox 879 1641 1003 1675; x_wconf 89' lang='grc' dir='ltr'><strong><em>τινος</em></strong></span> <span class='ocrx_word' id='word_1_129' title='bbox 1032 1627 1352 1680; x_wconf 88' lang='grc' dir='ltr'><strong><em>κατακείμενος</em></strong></span> 
     </span>
     <span class='ocr_line' id='line_1_23' title="bbox 249 1691 1484 1750; baseline 0 -13"><span class='ocrx_word' id='word_1_130' title='bbox 249 1695 441 1750; x_wconf 85' lang='grc' dir='ltr'><strong><em>τούτων,</em></strong></span> <span class='ocrx_word' id='word_1_131' title='bbox 473 1694 715 1750; x_wconf 85' lang='grc' dir='ltr'><strong><em>προσάγων</em></strong></span> <span class='ocrx_word' id='word_1_132' title='bbox 745 1692 828 1750; x_wconf 84' lang='grc' dir='ltr'><strong><em>τὴν</em></strong></span> <span class='ocrx_word' id='word_1_133' title='bbox 858 1693 962 1750; x_wconf 82' lang='grc' dir='ltr'><strong><em>ῥῖνα</em></strong></span> <span class='ocrx_word' id='word_1_134' title='bbox 993 1692 1114 1737; x_wconf 80' lang='grc' dir='ltr'><strong><em>δεῖθ’</em></strong></span> <span class='ocrx_word' id='word_1_135' title='bbox 1137 1691 1258 1750; x_wconf 79' lang='grc' dir='ltr'><strong><em>αὐτῷ</em></strong></span> <span class='ocrx_word' id='word_1_136' title='bbox 1289 1693 1484 1750; x_wconf 87' lang='grc' dir='ltr'><strong><em>φράσαι,</em></strong></span> 
     </span>
     <span class='ocr_line' id='line_1_24' title="bbox 174 1760 1142 1818; baseline 0.002 -16"><span class='ocrx_word' id='word_1_137' title='bbox 174 1771 219 1803; x_wconf 86' lang='grc' dir='ltr'><strong><em>4ο</em></strong></span> <span class='ocrx_word' id='word_1_138' title='bbox 248 1761 397 1805; x_wconf 79' lang='grc' dir='ltr'><strong><em>πόθεν</em></strong></span> <span class='ocrx_word' id='word_1_139' title='bbox 426 1760 476 1805; x_wconf 86' lang='grc' dir='ltr'><strong><em>τὸ</em></strong></span> <span class='ocrx_word' id='word_1_140' title='bbox 505 1765 713 1818; x_wconf 84' lang='grc' dir='ltr'><strong><em>θυμίαμα</em></strong></span> <span class='ocrx_word' id='word_1_141' title='bbox 743 1764 879 1805; x_wconf 85' lang='grc' dir='ltr'><strong><em>τοῦτο</em></strong></span> <span class='ocrx_word' id='word_1_142' title='bbox 909 1762 1142 1818; x_wconf 86' lang='grc' dir='ltr'><strong><em>λαμβάνει.</em></strong></span> 
     </span>
     <span class='ocr_line' id='line_1_25' title="bbox 249 1827 1377 1905; baseline 0.001 -33"><span class='ocrx_word' id='word_1_143' title='bbox 249 1828 324 1873; x_wconf 81' lang='grc' dir='ltr'><strong><em>διοὶ</em></strong></span> <span class='ocrx_word' id='word_1_144' title='bbox 355 1830 463 1881; x_wconf 86' lang='grc' dir='ltr'><strong><em>τούς</em></strong></span> <span class='ocrx_word' id='word_1_145' title='bbox 491 1830 726 1905; x_wconf 82' lang='grc' dir='ltr'><strong><em>τοιούτους</em></strong></span> <span class='ocrx_word' id='word_1_146' title='bbox 754 1827 860 1881; x_wconf 82' lang='grc' dir='ltr'><strong><em>τούς</em></strong></span> <span class='ocrx_word' id='word_1_147' title='bbox 889 1829 1090 1884; x_wconf 76' lang='grc' dir='ltr'><strong><em>ἀσελγῶς</em></strong></span> <span class='ocrx_word' id='word_1_148' title='bbox 1119 1831 1377 1885; x_wconf 86' lang='grc' dir='ltr'><strong><em>χρωμένους</em></strong></span> 
     </span>
     <span class='ocr_line' id='line_1_26' title="bbox 251 1895 1310 1954; baseline 0 -13"><span class='ocrx_word' id='word_1_149' title='bbox 251 1895 301 1941; x_wconf 89' lang='grc' dir='ltr'>τό</span> <span class='ocrx_word' id='word_1_150' title='bbox 331 1899 479 1954; x_wconf 88' lang='grc' dir='ltr'><strong><em>τίμιον</em></strong></span> <span class='ocrx_word' id='word_1_151' title='bbox 510 1899 586 1942; x_wconf 82' lang='grc' dir='ltr'><strong><em>καὶ</em></strong></span> <span class='ocrx_word' id='word_1_152' title='bbox 614 1895 666 1942; x_wconf 91' lang='grc' dir='ltr'>τό</span> <span class='ocrx_word' id='word_1_153' title='bbox 695 1899 838 1942; x_wconf 83' lang='grc' dir='ltr'><strong><em>καλὸν</em></strong></span> <span class='ocrx_word' id='word_1_154' title='bbox 868 1897 1056 1953; x_wconf 82' lang='grc' dir='ltr'><strong><em>αἰσχρόν</em></strong></span> <span class='ocrx_word' id='word_1_155' title='bbox 1087 1897 1176 1941; x_wconf 83' lang='grc' dir='ltr'><strong><em>ἐστι</em></strong></span> <span class='ocrx_word' id='word_1_156' title='bbox 1208 1901 1310 1941; x_wconf 89' lang='grc' dir='ltr'><strong><em>νῦν.</em></strong></span> 
     </span>
    </p>
   </div>
   <div class='ocr_carea' id='block_1_3' title="bbox 45 1962 1613 2872">
    <p class='ocr_par' dir='ltr' id='par_1_3' title="bbox 45 1962 1613 2872">
     <span class='ocr_line' id='line_1_27' title="bbox 167 1962 1613 2039; baseline 0.001 -29"><span class='ocrx_word' id='word_1_157' title='bbox 167 1971 398 2011; x_wconf 79' lang='lat' dir='ltr'><strong>Athenaeus</strong></span> <span class='ocrx_word' id='word_1_158' title='bbox 431 1973 475 2022; x_wconf 87' lang='lat'><strong><em>6,</em></strong></span> <span class='ocrx_word' id='word_1_159' title='bbox 499 1972 580 2011; x_wconf 84' lang='lat'><strong><em>239</em></strong></span> <span class='ocrx_word' id='word_1_160' title='bbox 597 1971 622 2010; x_wconf 94' lang='lat' dir='ltr'>b</span> <span class='ocrx_word' id='word_1_161' title='bbox 662 1967 865 2039; x_wconf 84' lang='grc' dir='ltr'><strong><em>Διόδωρος</em></strong></span> <span class='ocrx_word' id='word_1_162' title='bbox 903 1966 924 2010; x_wconf 95' lang='lat'><strong><em>6</em></strong></span> <span class='ocrx_word' id='word_1_163' title='bbox 955 1962 1166 2017; x_wconf 77' lang='grc' dir='ltr'><strong><em>Σινωπεύς</em></strong></span> <span class='ocrx_word' id='word_1_164' title='bbox 1198 1967 1243 2008; x_wconf 81' lang='grc' dir='ltr'><strong><em>ἕν</em></strong></span> <span class='ocrx_word' id='word_1_165' title='bbox 1269 1966 1495 2024; x_wconf 84' lang='grc' dir='ltr'><strong><em>Ἐπικλήρῳ</em></strong></span> <span class='ocrx_word' id='word_1_166' title='bbox 1523 1970 1613 2023; x_wconf 87' lang='grc' dir='ltr'><strong><em>περὶ</em></strong></span> 
     </span>
     <span class='ocr_line' id='line_1_28' title="bbox 49 2020 1609 2080; baseline 0.001 -14"><span class='ocrx_word' id='word_1_167' title='bbox 49 2031 120 2067; x_wconf 87' lang='grc' dir='ltr'><strong><em>τοῦ</em></strong></span> <span class='ocrx_word' id='word_1_168' title='bbox 149 2030 387 2078; x_wconf 86' lang='grc' dir='ltr'><strong><em>παρασιτεῖν</em></strong></span> <span class='ocrx_word' id='word_1_169' title='bbox 415 2026 482 2067; x_wconf 84' lang='grc' dir='ltr'><strong><em>καὶ</em></strong></span> <span class='ocrx_word' id='word_1_170' title='bbox 510 2020 629 2075; x_wconf 81' lang='grc' dir='ltr'><strong><em>αὐτὸς</em></strong></span> <span class='ocrx_word' id='word_1_171' title='bbox 659 2024 733 2067; x_wconf 82' lang='grc' dir='ltr'><strong><em>οὐκ</em></strong></span> <span class='ocrx_word' id='word_1_172' title='bbox 761 2023 1003 2080; x_wconf 87' lang='grc' dir='ltr'><strong><em>ἀγλαφύρως</em></strong></span> <span class='ocrx_word' id='word_1_173' title='bbox 1034 2024 1126 2066; x_wconf 85' lang='grc' dir='ltr'><strong><em>τάδε</em></strong></span> <span class='ocrx_word' id='word_1_174' title='bbox 1146 2027 1273 2078; x_wconf 87' lang='grc' dir='ltr'><strong><em>φησίν</em></strong></span> <span class='ocrx_word' id='word_1_175' title='bbox 1292 2029 1375 2067; x_wconf 87' lang='grc' dir='ltr'><strong><em>κτλ.</em></strong></span> <span class='ocrx_word' id='word_1_176' title='bbox 1422 2042 1461 2068; x_wconf 86' lang='lat' dir='ltr'><strong><em>v.</em></strong></span> <span class='ocrx_word' id='word_1_177' title='bbox 1480 2030 1533 2068; x_wconf 85' lang='lat'><strong><em>28</em></strong></span> <span class='ocrx_word' id='word_1_178' title='bbox 1550 2042 1609 2079; x_wconf 82' lang='lat' dir='ltr'><strong>sq.</strong></span> 
     </span>
     <span class='ocr_line' id='line_1_29' title="bbox 49 2080 1612 2137; baseline -0.001 -13"><span class='ocrx_word' id='word_1_179' title='bbox 49 2086 279 2126; x_wconf 78' lang='lat' dir='ltr'><strong>Athenaeus</strong></span> <span class='ocrx_word' id='word_1_180' title='bbox 311 2086 350 2133; x_wconf 89' lang='grc'><strong><em>6,</em></strong></span> <span class='ocrx_word' id='word_1_181' title='bbox 373 2085 491 2124; x_wconf 83' lang='lat' dir='ltr'><strong>235d</strong></span> <span class='ocrx_word' id='word_1_182' title='bbox 522 2084 672 2137; x_wconf 86' lang='grc' dir='ltr'><strong><em>ιστορεῖ</em></strong></span> <span class='ocrx_word' id='word_1_183' title='bbox 698 2083 962 2136; x_wconf 82' lang='grc' dir='ltr'><strong><em>Φιλόχορος.</em></strong></span> <span class='ocrx_word' id='word_1_184' title='bbox 981 2080 1264 2135; x_wconf 81' lang='grc' dir='ltr'><strong><em>,μνημονεύων</em></strong></span> <span class='ocrx_word' id='word_1_185' title='bbox 1294 2089 1377 2125; x_wconf 81' lang='grc' dir='ltr'><strong><em>τῶν</em></strong></span> <span class='ocrx_word' id='word_1_186' title='bbox 1405 2087 1612 2136; x_wconf 83' lang='grc' dir='ltr'><strong><em>καταλεγο-</em></strong></span> 
     </span>
     <span class='ocr_line' id='line_1_30' title="bbox 45 2137 1611 2204; baseline 0 -24"><span class='ocrx_word' id='word_1_187' title='bbox 45 2139 179 2193; x_wconf 83' lang='grc' dir='ltr'><strong><em>μένων</em></strong></span> <span class='ocrx_word' id='word_1_188' title='bbox 208 2143 262 2194; x_wconf 78' lang='grc' dir='ltr'><strong><em>τῷ</em></strong></span> <span class='ocrx_word' id='word_1_189' title='bbox 287 2137 483 2204; x_wconf 83' lang='grc' dir='ltr'><strong><em>Ἡρακλεῖ</em></strong></span> <span class='ocrx_word' id='word_1_190' title='bbox 505 2141 750 2192; x_wconf 87' lang='grc' dir='ltr'><strong><em>παρασίτων,</em></strong></span> <span class='ocrx_word' id='word_1_191' title='bbox 780 2139 847 2180; x_wconf 83' lang='grc' dir='ltr'><strong><em>καὶ</em></strong></span> <span class='ocrx_word' id='word_1_192' title='bbox 880 2139 1083 2191; x_wconf 86' lang='grc' dir='ltr'><strong><em>Διόδωρος</em></strong></span> <span class='ocrx_word' id='word_1_193' title='bbox 1114 2137 1135 2180; x_wconf 89' lang='grc' dir='ltr'>ὁ</span> <span class='ocrx_word' id='word_1_194' title='bbox 1165 2139 1376 2188; x_wconf 83' lang='grc' dir='ltr'><strong><em>Σινωπεὺς</em></strong></span> <span class='ocrx_word' id='word_1_195' title='bbox 1406 2141 1611 2194; x_wconf 81' lang='grc' dir='ltr'><strong><em>κωμῳδιο-</em></strong></span> 
     </span>
     <span class='ocr_line' id='line_1_31' title="bbox 45 2192 1613 2267; baseline 0.001 -30"><span class='ocrx_word' id='word_1_196' title='bbox 45 2196 162 2245; x_wconf 80' lang='grc' dir='ltr'><strong><em>ποιὸς</em></strong></span> <span class='ocrx_word' id='word_1_197' title='bbox 194 2195 239 2237; x_wconf 79' lang='grc' dir='ltr'><strong><em>ἐν</em></strong></span> <span class='ocrx_word' id='word_1_198' title='bbox 257 2192 494 2251; x_wconf 77' lang='grc' dir='ltr'><strong><em>Ἐπικλήρῳ.</em></strong></span> <span class='ocrx_word' id='word_1_199' title='bbox 537 2199 586 2238; x_wconf 86' lang='lat' dir='ltr'><strong><em>cf.</em></strong></span> <span class='ocrx_word' id='word_1_200' title='bbox 619 2211 720 2267; x_wconf 79' lang='lat' dir='ltr'><strong>quae</strong></span> <span class='ocrx_word' id='word_1_201' title='bbox 749 2199 1026 2238; x_wconf 74' lang='lat' dir='ltr'><strong>adnotavimus</strong></span> <span class='ocrx_word' id='word_1_202' title='bbox 1055 2198 1107 2238; x_wconf 80' lang='lat' dir='ltr'><strong><em>ad</em></strong></span> <span class='ocrx_word' id='word_1_203' title='bbox 1137 2198 1302 2238; x_wconf 77' lang='lat' dir='ltr'><strong>titulum</strong></span> <span class='ocrx_word' id='word_1_204' title='bbox 1333 2199 1613 2249; x_wconf 78' lang='lat' dir='ltr'><strong>Aristophanis</strong></span> 
     </span>
     <span class='ocr_line' id='line_1_32' title="bbox 48 2249 1611 2306; baseline 0 -11"><span class='ocrx_word' id='word_1_205' title='bbox 48 2254 364 2295; x_wconf 76' lang='lat' dir='ltr'><strong>Daetalensium.</strong></span> <span class='ocrx_word' id='word_1_206' title='bbox 398 2274 454 2283; x_wconf 92' lang='lat'><strong><em>—·</em></strong></span> <span class='ocrx_word' id='word_1_207' title='bbox 486 2255 525 2294; x_wconf 90' lang='lat'><strong><em>2.</em></strong></span> <span class='ocrx_word' id='word_1_208' title='bbox 556 2251 663 2294; x_wconf 85' lang='grc' dir='ltr'><strong><em>τοῦτ’</em></strong></span> <span class='ocrx_word' id='word_1_209' title='bbox 687 2249 749 2295; x_wconf 83' lang='grc' dir='ltr'><strong><em>ἀεὶ</em></strong></span> <span class='ocrx_word' id='word_1_210' title='bbox 779 2254 825 2294; x_wconf 88' lang='lat' dir='ltr'><strong><em>G.</em></strong></span> <span class='ocrx_word' id='word_1_211' title='bbox 848 2256 899 2294; x_wconf 88' lang='lat' dir='ltr'><strong><em>A.</em></strong></span> <span class='ocrx_word' id='word_1_212' title='bbox 922 2254 1122 2306; x_wconf 84' lang='lat' dir='ltr'><strong>Hirschig.</strong></span> <span class='ocrx_word' id='word_1_213' title='bbox 1154 2255 1258 2294; x_wconf 89' lang='lat' dir='ltr'><strong>Ann.</strong></span> <span class='ocrx_word' id='word_1_214' title='bbox 1288 2256 1377 2295; x_wconf 82' lang='lat' dir='ltr'><strong>crit.</strong></span> <span class='ocrx_word' id='word_1_215' title='bbox 1412 2257 1478 2304; x_wconf 87' lang='lat'><strong>16,</strong></span> <span class='ocrx_word' id='word_1_216' title='bbox 1510 2256 1611 2295; x_wconf 87' lang='lat' dir='ltr'><strong>conl.</strong></span> 
     </span>
     <span class='ocr_line' id='line_1_33' title="bbox 52 2307 1613 2363; baseline -0.001 -12"><span class='ocrx_word' id='word_1_217' title='bbox 52 2313 181 2351; x_wconf 90' lang='lat' dir='ltr'><strong>v.21.</strong></span> <span class='ocrx_word' id='word_1_218' title='bbox 290 2311 357 2350; x_wconf 91' lang='grc'><strong><em>10.</em></strong></span> <span class='ocrx_word' id='word_1_219' title='bbox 388 2307 462 2361; x_wconf 85' lang='grc' dir='ltr'><strong><em>τὴν</em></strong></span> <span class='ocrx_word' id='word_1_220' title='bbox 491 2311 582 2350; x_wconf 79' lang='lat' dir='ltr'><strong>add.</strong></span> <span class='ocrx_word' id='word_1_221' title='bbox 614 2311 782 2351; x_wconf 77' lang='lat' dir='ltr'><strong>Casaub.</strong></span> <span class='ocrx_word' id='word_1_222' title='bbox 832 2312 883 2351; x_wconf 83' lang='lat' dir='ltr'><strong>cf.</strong></span> <span class='ocrx_word' id='word_1_223' title='bbox 917 2312 981 2350; x_wconf 75' lang='lat'><strong>14.</strong></span> <span class='ocrx_word' id='word_1_224' title='bbox 1015 2312 1080 2352; x_wconf 87' lang='lat'><strong><em>15.</em></strong></span> <span class='ocrx_word' id='word_1_225' title='bbox 1186 2314 1250 2350; x_wconf 90' lang='lat'><strong>11.</strong></span> <span class='ocrx_word' id='word_1_226' title='bbox 1282 2310 1613 2363; x_wconf 76' lang='grc' dir='ltr'><strong><em>συγκατακλιθεὶς</em></strong></span> 
     </span>
     <span class='ocr_line' id='line_1_34' title="bbox 50 2364 1611 2420; baseline -0.001 -11"><span class='ocrx_word' id='word_1_227' title='bbox 50 2369 177 2408; x_wconf 86' lang='lat' dir='ltr'><strong>Dobr.</strong></span> <span class='ocrx_word' id='word_1_228' title='bbox 195 2367 300 2407; x_wconf 81' lang='lat' dir='ltr'><strong>Adv.</strong></span> <span class='ocrx_word' id='word_1_229' title='bbox 327 2367 366 2406; x_wconf 90' lang='lat'><strong><em>11</em></strong></span> <span class='ocrx_word' id='word_1_230' title='bbox 389 2364 490 2420; x_wconf 90' lang='lat'><strong>310]</strong></span> <span class='ocrx_word' id='word_1_231' title='bbox 520 2365 777 2414; x_wconf 85' lang='grc' dir='ltr'><strong><em>κατακλιθεὶς</em></strong></span> <span class='ocrx_word' id='word_1_232' title='bbox 797 2367 847 2407; x_wconf 87' lang='grc' dir='ltr'><strong><em>Α.</em></strong></span> <span class='ocrx_word' id='word_1_233' title='bbox 877 2364 1132 2414; x_wconf 80' lang='grc' dir='ltr'><strong><em>κατακλιθεὶς</em></strong></span> <span class='ocrx_word' id='word_1_234' title='bbox 1153 2365 1219 2406; x_wconf 81' lang='grc' dir='ltr'><strong><em>καὶ</em></strong></span> <span class='ocrx_word' id='word_1_235' title='bbox 1241 2367 1461 2419; x_wconf 81' lang='lat' dir='ltr'><strong>Schweigh.</strong></span> <span class='ocrx_word' id='word_1_236' title='bbox 1492 2383 1611 2407; x_wconf 82' lang='grc' dir='ltr'><strong><em>κατα-</em></strong></span> 
     </span>
     <span class='ocr_line' id='line_1_35' title="bbox 53 2421 1611 2475; baseline 0.001 -12"><span class='ocrx_word' id='word_1_237' title='bbox 53 2422 208 2471; x_wconf 78' lang='grc' dir='ltr'><strong><em>κλιθεὶς</em></strong></span> <span class='ocrx_word' id='word_1_238' title='bbox 238 2422 341 2475; x_wconf 82' lang='grc' dir='ltr'><strong><em>μάλα</em></strong></span> <span class='ocrx_word' id='word_1_239' title='bbox 373 2425 492 2463; x_wconf 86' lang='lat' dir='ltr'><strong>Mein.</strong></span> <span class='ocrx_word' id='word_1_240' title='bbox 514 2424 631 2463; x_wconf 78' lang='lat' dir='ltr'><strong>Anal.</strong></span> <span class='ocrx_word' id='word_1_241' title='bbox 654 2425 748 2464; x_wconf 76' lang='lat' dir='ltr'><strong>Ath.</strong></span> <span class='ocrx_word' id='word_1_242' title='bbox 777 2425 870 2463; x_wconf 88' lang='grc'><strong><em>104.</em></strong></span> <span class='ocrx_word' id='word_1_243' title='bbox 901 2421 1147 2470; x_wconf 77' lang='grc' dir='ltr'><strong><em>κατακλινεὶς</em></strong></span> <span class='ocrx_word' id='word_1_244' title='bbox 1175 2424 1379 2464; x_wconf 82' lang='lat' dir='ltr'><strong>Herwerd.</strong></span> <span class='ocrx_word' id='word_1_245' title='bbox 1402 2425 1498 2465; x_wconf 81' lang='lat' dir='ltr'><strong>Obs.</strong></span> <span class='ocrx_word' id='word_1_246' title='bbox 1522 2427 1611 2465; x_wconf 79' lang='lat' dir='ltr'><strong>orit.</strong></span> 
     </span>
     <span class='ocr_line' id='line_1_36' title="bbox 55 2475 1610 2548; baseline 0 -27"><span class='ocrx_word' id='word_1_247' title='bbox 55 2483 120 2521; x_wconf 88' lang='grc'><strong><em>81.</em></strong></span> <span class='ocrx_word' id='word_1_248' title='bbox 214 2482 276 2518; x_wconf 88' lang='grc'><strong><em>12.</em></strong></span> <span class='ocrx_word' id='word_1_249' title='bbox 307 2475 509 2530; x_wconf 76' lang='grc' dir='ltr'><strong><em>ἀριστίσας</em></strong></span> <span class='ocrx_word' id='word_1_250' title='bbox 539 2478 590 2533; x_wconf 91' lang='lat' dir='ltr'><strong><em>V]</em></strong></span> <span class='ocrx_word' id='word_1_251' title='bbox 620 2476 835 2532; x_wconf 73' lang='grc' dir='ltr'><strong><em>ἀριστήσας</em></strong></span> <span class='ocrx_word' id='word_1_252' title='bbox 865 2481 916 2520; x_wconf 88' lang='lat' dir='ltr'><strong><em>A.</em></strong></span> <span class='ocrx_word' id='word_1_253' title='bbox 1010 2493 1116 2519; x_wconf 87' lang='grc' dir='ltr'><strong><em>πιων</em></strong></span> <span class='ocrx_word' id='word_1_254' title='bbox 1144 2480 1256 2520; x_wconf 80' lang='lat' dir='ltr'><strong>Grot.</strong></span> <span class='ocrx_word' id='word_1_255' title='bbox 1289 2481 1475 2532; x_wconf 81' lang='lat' dir='ltr'><strong>Excerpt.</strong></span> <span class='ocrx_word' id='word_1_256' title='bbox 1507 2479 1610 2548; x_wconf 82' lang='lat'>837]</span> 
     </span>
     <span class='ocr_line' id='line_1_37' title="bbox 54 2532 1607 2589; baseline 0.001 -13"><span class='ocrx_word' id='word_1_257' title='bbox 54 2535 207 2587; x_wconf 81' lang='grc' dir='ltr'><strong><em>ε’μπιών</em></strong></span> <span class='ocrx_word' id='word_1_258' title='bbox 235 2537 282 2575; x_wconf 90' lang='grc' dir='ltr'><strong><em>Α.</em></strong></span> <span class='ocrx_word' id='word_1_259' title='bbox 374 2538 438 2576; x_wconf 92' lang='grc'><strong><em>14.</em></strong></span> <span class='ocrx_word' id='word_1_260' title='bbox 468 2540 556 2575; x_wconf 75' lang='grc' dir='ltr'><strong><em>ποῶ</em></strong></span> <span class='ocrx_word' id='word_1_261' title='bbox 585 2541 664 2576; x_wconf 74' lang='grc' dir='ltr'><strong><em>νῦν</em></strong></span> <span class='ocrx_word' id='word_1_262' title='bbox 695 2541 810 2576; x_wconf 85' lang='grc' dir='ltr'><strong><em>τοῦτο</em></strong></span> <span class='ocrx_word' id='word_1_263' title='bbox 839 2537 888 2576; x_wconf 92' lang='lat' dir='ltr'><strong><em>A.</em></strong></span> <span class='ocrx_word' id='word_1_264' title='bbox 962 2539 1035 2577; x_wconf 89' lang='lat'><strong><em>16.</em></strong></span> <span class='ocrx_word' id='word_1_265' title='bbox 1066 2532 1322 2589; x_wconf 84' lang='grc' dir='ltr'><strong><em>ἀνεωγμένην</em></strong></span> <span class='ocrx_word' id='word_1_266' title='bbox 1351 2534 1536 2588; x_wconf 81' lang='grc' dir='ltr'><strong><em>εἰσέρχομ’</em></strong></span> <span class='ocrx_word' id='word_1_267' title='bbox 1560 2539 1607 2579; x_wconf 91' lang='lat' dir='ltr'><strong><em>A.</em></strong></span> 
     </span>
     <span class='ocr_line' id='line_1_38' title="bbox 58 2590 1611 2656; baseline 0 -23"><span class='ocrx_word' id='word_1_268' title='bbox 58 2597 124 2635; x_wconf 89' lang='lat'><strong><em>18.</em></strong></span> <span class='ocrx_word' id='word_1_269' title='bbox 151 2590 321 2644; x_wconf 87' lang='grc' dir='ltr'><strong><em>’νοχλεῖν</em></strong></span> <span class='ocrx_word' id='word_1_270' title='bbox 350 2590 399 2646; x_wconf 93' lang='grc' dir='ltr'><strong><em>Ρ]</em></strong></span> <span class='ocrx_word' id='word_1_271' title='bbox 430 2591 606 2643; x_wconf 58' lang='grc' dir='ltr'><strong><em>ἐνοχλεῖν</em></strong></span> <span class='ocrx_word' id='word_1_272' title='bbox 624 2594 674 2632; x_wconf 90' lang='grc' dir='ltr'><strong><em>Α.</em></strong></span> <span class='ocrx_word' id='word_1_273' title='bbox 765 2596 830 2633; x_wconf 86' lang='grc'><strong><em>19.</em></strong></span> <span class='ocrx_word' id='word_1_274' title='bbox 860 2607 911 2633; x_wconf 78' lang='lat' dir='ltr'><strong><em>an</em></strong></span> <span class='ocrx_word' id='word_1_275' title='bbox 931 2590 1088 2645; x_wconf 79' lang='grc' dir='ltr'><strong><em>φαγών,</em></strong></span> <span class='ocrx_word' id='word_1_276' title='bbox 1116 2592 1121 2644; x_wconf 79' lang='grc' dir='ltr'>Ι</span> <span class='ocrx_word' id='word_1_277' title='bbox 1147 2591 1252 2632; x_wconf 84' lang='grc' dir='ltr'><strong><em>πιὼν</em></strong></span> <span class='ocrx_word' id='word_1_278' title='bbox 1271 2590 1461 2656; x_wconf 77' lang='grc' dir='ltr'><strong><em>ἀπέρχομ’</em></strong></span> <span class='ocrx_word' id='word_1_279' title='bbox 1479 2591 1611 2644; x_wconf 78' lang='grc' dir='ltr'><strong><em>ὥσπερ</em></strong></span> 
     </span>
     <span class='ocr_line' id='line_1_39' title="bbox 51 2644 1607 2719; baseline 0 -29"><span class='ocrx_word' id='word_1_280' title='bbox 51 2651 166 2690; x_wconf 53' lang='lat' dir='ltr'><strong><em>mk?</em></strong></span> <span class='ocrx_word' id='word_1_281' title='bbox 275 2651 341 2689; x_wconf 79' lang='lat'><strong>21.</strong></span> <span class='ocrx_word' id='word_1_282' title='bbox 373 2654 532 2700; x_wconf 79' lang='grc' dir='ltr'><strong><em>πρᾶγμα</em></strong></span> <span class='ocrx_word' id='word_1_283' title='bbox 562 2649 613 2689; x_wconf 90' lang='lat' dir='ltr'><strong><em>A.</em></strong></span> <span class='ocrx_word' id='word_1_284' title='bbox 719 2647 785 2688; x_wconf 77' lang='grc' dir='ltr'><strong><em>καὶ</em></strong></span> <span class='ocrx_word' id='word_1_285' title='bbox 817 2662 894 2690; x_wconf 89' lang='lat' dir='ltr'><strong><em>om.</em></strong></span> <span class='ocrx_word' id='word_1_286' title='bbox 923 2650 1044 2692; x_wconf 86' lang='lat' dir='ltr'><strong>idem.</strong></span> <span class='ocrx_word' id='word_1_287' title='bbox 1153 2651 1220 2689; x_wconf 87' lang='lat'><strong>24.</strong></span> <span class='ocrx_word' id='word_1_288' title='bbox 1252 2644 1391 2700; x_wconf 86' lang='grc' dir='ltr'><strong><em>δήμοις</em></strong></span> <span class='ocrx_word' id='word_1_289' title='bbox 1422 2649 1607 2719; x_wconf 54' lang='lat' dir='ltr'>Casanb]</span> 
     </span>
     <span class='ocr_line' id='line_1_40' title="bbox 51 2702 1586 2758; baseline -0.001 -12"><span class='ocrx_word' id='word_1_290' title='bbox 51 2706 212 2758; x_wconf 83' lang='grc' dir='ltr'><strong><em>δήμοισι</em></strong></span> <span class='ocrx_word' id='word_1_291' title='bbox 242 2708 291 2745; x_wconf 90' lang='grc' dir='ltr'><strong><em>Α.</em></strong></span> <span class='ocrx_word' id='word_1_292' title='bbox 396 2706 538 2745; x_wconf 79' lang='lat' dir='ltr'>deinde</span> <span class='ocrx_word' id='word_1_293' title='bbox 568 2704 807 2757; x_wconf 80' lang='grc' dir='ltr'><strong><em>ποιουμένης</em></strong></span> <span class='ocrx_word' id='word_1_294' title='bbox 838 2707 887 2746; x_wconf 91' lang='grc' dir='ltr'><strong><em>Α.</em></strong></span> <span class='ocrx_word' id='word_1_295' title='bbox 984 2708 1051 2746; x_wconf 87' lang='grc'><strong><em>27.</em></strong></span> <span class='ocrx_word' id='word_1_296' title='bbox 1083 2702 1255 2757; x_wconf 84' lang='grc' dir='ltr'><strong><em>κατέλεγ’</em></strong></span> <span class='ocrx_word' id='word_1_297' title='bbox 1290 2708 1339 2745; x_wconf 90' lang='lat' dir='ltr'><strong>A.</strong></span> <span class='ocrx_word' id='word_1_298' title='bbox 1436 2708 1502 2746; x_wconf 90' lang='grc'><strong><em>29.</em></strong></span> <span class='ocrx_word' id='word_1_299' title='bbox 1535 2703 1586 2745; x_wconf 87' lang='grc' dir='ltr'><strong><em>δύ</em></strong></span> 
     </span>
     <span class='ocr_line' id='line_1_41' title="bbox 50 2759 1607 2815; baseline 0 -13"><span class='ocrx_word' id='word_1_300' title='bbox 50 2760 180 2802; x_wconf 75' lang='grc' dir='ltr'><strong><em>ἀστῶν</em></strong></span> <span class='ocrx_word' id='word_1_301' title='bbox 218 2762 357 2802; x_wconf 81' lang='lat' dir='ltr'><strong>Cobet.</strong></span> <span class='ocrx_word' id='word_1_302' title='bbox 390 2762 499 2803; x_wconf 77' lang='lat' dir='ltr'><strong>Orat.</strong></span> <span class='ocrx_word' id='word_1_303' title='bbox 530 2763 582 2801; x_wconf 87' lang='grc'><strong><em>61</em></strong></span> <span class='ocrx_word' id='word_1_304' title='bbox 620 2765 660 2802; x_wconf 79' lang='lat' dir='ltr'><strong><em>et</em></strong></span> <span class='ocrx_word' id='word_1_305' title='bbox 697 2764 747 2803; x_wconf 87' lang='lat' dir='ltr'><strong><em>N.</em></strong></span> <span class='ocrx_word' id='word_1_306' title='bbox 778 2764 804 2803; x_wconf 88' lang='lat' dir='ltr'><strong><em>l.</em></strong></span> <span class='ocrx_word' id='word_1_307' title='bbox 841 2760 940 2815; x_wconf 84' lang='lat'><strong><em>121]</em></strong></span> <span class='ocrx_word' id='word_1_308' title='bbox 979 2762 1164 2801; x_wconf 76' lang='grc' dir='ltr'><strong><em>δυαστοδν</em></strong></span> <span class='ocrx_word' id='word_1_309' title='bbox 1201 2765 1251 2801; x_wconf 94' lang='lat' dir='ltr'><strong><em>A.</em></strong></span> <span class='ocrx_word' id='word_1_310' title='bbox 1362 2764 1430 2802; x_wconf 90' lang='grc'><strong><em>30.</em></strong></span> <span class='ocrx_word' id='word_1_311' title='bbox 1468 2759 1607 2810; x_wconf 79' lang='grc' dir='ltr'><strong><em>οὐσίας</em></strong></span> 
     </span>
     <span class='ocr_line' id='line_1_42' title="bbox 50 2814 1606 2872; baseline 0.001 -13"><span class='ocrx_word' id='word_1_312' title='bbox 50 2833 176 2871; x_wconf 80' lang='lat' dir='ltr'><strong>marg.</strong></span> <span class='ocrx_word' id='word_1_313' title='bbox 210 2820 242 2867; x_wconf 83' lang='lat' dir='ltr'>Q</span> <span class='ocrx_word' id='word_1_314' title='bbox 272 2816 462 2872; x_wconf 88' lang='lat' dir='ltr'><strong>Villebr.]</strong></span> <span class='ocrx_word' id='word_1_315' title='bbox 493 2817 640 2867; x_wconf 85' lang='grc' dir='ltr'><strong><em>θυσίας</em></strong></span> <span class='ocrx_word' id='word_1_316' title='bbox 669 2820 719 2860; x_wconf 92' lang='lat' dir='ltr'><strong><em>A.</em></strong></span> <span class='ocrx_word' id='word_1_317' title='bbox 808 2821 875 2859; x_wconf 88' lang='lat'><strong><em>32.</em></strong></span> <span class='ocrx_word' id='word_1_318' title='bbox 908 2816 1012 2866; x_wconf 85' lang='grc' dir='ltr'><strong><em>τινὲς</em></strong></span> <span class='ocrx_word' id='word_1_319' title='bbox 1043 2817 1232 2872; x_wconf 63' lang='lat' dir='ltr'>Casaub]</span> <span class='ocrx_word' id='word_1_320' title='bbox 1262 2814 1370 2866; x_wconf 80' lang='grc' dir='ltr'><strong><em>τινὰς</em></strong></span> <span class='ocrx_word' id='word_1_321' title='bbox 1401 2820 1451 2859; x_wconf 92' lang='lat' dir='ltr'><strong><em>A.</em></strong></span> <span class='ocrx_word' id='word_1_322' title='bbox 1539 2822 1606 2862; x_wconf 88' lang='lat'><strong><em>35.</em></strong></span> 
     </span>
    </p>
   </div>
  </div>
 </body>
</html>
