1864 3204
242 161 326 202 492
868 155 1165 190 ΦΙΛΗΜΟΝΟΣ

242 278 310 310 τις.
351 259 446 300 ἀλλὰ
477 260 544 299 καὶ
574 259 616 299 τὸ
647 257 722 312 (sic
751 259 910 310 FP)-
933 256 1284 310 συλλαμβάνεσθαι
1314 257 1426 312 ῥᾷον.
1522 259 1561 296 4.
1593 255 1795 310 συλλαβά-

245 323 387 358 νεσθαι
424 320 541 357 Fam.
647 319 766 354 πονεῖ
795 313 1011 367 Wachsm]
1050 318 1165 354 ποιεῖ.
1273 315 1310 353 5.
1343 314 1410 353 καὶ
1441 312 1512 353 ἐὰν
1540 314 1629 354 Par.
1658 312 1728 353 καὶ
1754 315 1799 354 in.

240 389 362 425 marg.
395 375 483 412 add.
514 375 653 423 Farn.,
692 373 796 411 unde
826 368 880 410 οἲν
910 369 976 409 καὶ
1010 372 1207 411 Wachsm.

447 551 609 599 δοῦλος
639 548 727 604 πρὸ
757 550 942 604 δούλου,
975 548 1193 605 δεσπότης
1223 546 1310 603 πρὸ
1341 547 1576 592 δεσπότου.

353 634 522 671 Bekker.
547 633 696 671 Anecd.
723 634 815 679 112,
837 635 873 679 5,
905 632 1070 671 Photius
1101 634 1142 670 et
1173 632 1315 670 Suidas
1344 629 1442 682 πρό·
1474 627 1563 669 ἀντὶ
1593 635 1662 669 τοῦ
1692 626 1793 670 ἄντί.

245 687 440 739 Φιλήμων
472 690 781 741 Παγκρατιαστῇ
811 691 892 726 κτλ.
956 689 1127 730 Aristot.
1159 689 1279 727 Polit.
1314 690 1349 736 1,
1374 690 1396 726 7
1428 684 1527 725 κατὰ
1557 681 1629 736 τὴν
1657 700 1798 739 παροι-

241 746 338 797 μίαν
367 745 508 791 δοῦλος
539 747 619 783 κτλ.
686 742 780 797 πρὸ]
812 742 911 796 πρὸς
942 745 1003 784 bis
1034 745 1118 784 cod.
1151 745 1276 783 Bekk.
1308 745 1463 782 Anecd.
1486 767 1541 771 -
1562 744 1612 786 cf.
1642 743 1797 786 Erasm.

244 804 375 853 Adag.
406 803 445 840 ΙΙ
478 803 522 849 3,
547 803 628 840 445
661 797 832 855 (Mem).
879 802 997 851 apud
1028 801 1400 851 paroemiographos
1431 801 1578 839 frustra
1606 801 1796 851 quaesivi.

886 923 1155 957 ΠΑΙΔΑΡΙΟΝ

502 1055 669 1111 ”Ἐλλην
697 1055 815 1111 γυνή
991 1001 1046 1043 55

364 1134 554 1190 Φιλήμων
584 1138 803 1192 Παιδαρίῳ.
854 1140 1019 1181 Bekker.
1053 1141 1202 1180 Anecd.
1236 1142 1300 1188 97,
1324 1141 1362 1178 3.

930 1262 1112 1295 ΠΑΙΔΕΣ

992 1339 1047 1381 56

461 1416 604 1460 κακόν
638 1418 731 1460 ἐστι
763 1418 911 1474 δούλῳ
944 1418 1162 1472 δεσπότης
1191 1418 1399 1470 πράττων
1429 1421 1596 1467 κακῶς·

461 1486 659 1540 μετέχειν
690 1484 863 1541 ἀνάγκη
895 1485 984 1528 τῶν
1015 1489 1170 1528 κακῶν
1199 1481 1285 1539 γάρ
1314 1488 1498 1540 γίνεται.

362 1579 556 1618 Stobaeus
586 1580 722 1619 Floril.
756 1581 820 1629 62,
845 1581 896 1618 ⁴29
929 1578 1153 1630 Φιλήμονος
1187 1578 1354 1618 Παίδων
1383 1580 1432 1618 Α.
1472 1580 1663 1619 ‘fortasse
1694 1580 1797 1618 Παι-

247 1634 319 1688 δίῳ
349 1637 411 1674 vel
443 1634 678 1689 Παιδαρίῳ,’
710 1637 831 1677 Mein.
923 1638 958 1675 1.
989 1633 1173 1683 πράττων
1204 1634 1340 1688 Mein]
1371 1632 1574 1688 πράσσων.

863 1758 1178 1791 ΠΑΛΑΜΗΔΗΣ

992 1838 1044 1878 57

512 1917 592 1955 τοῦ
622 1913 709 1970 γάρ
741 1916 920 1957 δικαίου
951 1913 1037 1957 κάν
1065 1916 1266 1969 βροτοῖσι
1296 1914 1382 1957 κᾶν
1412 1919 1540 1965 θεοῖς

509 1980 737 2032 ἀθάνατος
767 1981 834 2025 ἀεὶ
866 1981 971 2033 δόξα
1002 1982 1198 2025 διατελεῖ
1223 1983 1381 2038 μόνου.

357 2063 551 2102 stobaeus
581 2065 717 2103 Floril.
751 2067 794 2116 9,
818 2067 868 2103 21
912 2063 1137 2115 Φιλήμονος
1175 2061 1216 2103 ἕν
1246 2063 1491 2115 Παλαμήδει,
1550 2036 1712 2113 παλαιῗῆ
1742 2065 1794 2104 A.

248 2117 472 2170 Φιλήμονος
503 2118 545 2157 ἐκ
577 2118 845 2172 Παλαμήδους
876 2122 995 2164 Vind.
1046 2123 1256 2161 ‘Philiscus
1284 2122 1492 2161 Palamede
1523 2120 1696 2171 Grotius,
1728 2122 1796 2172 qui

244 2177 285 2214 in
315 2179 451 2214 annot.
486 2190 556 2217 ms.
586 2179 749 2228 corrigit
778 2179 1013 2218 Philemon?
1045 2178 1168 2218 Gaisf.
1240 2179 1274 2215 1.
1307 2174 1384 2216 κᾶν
1412 2180 1525 2224 θεοῖς
1555 2175 1696 2229 Mein.]
1728 2174 1797 2216 καὶ

244 2234 370 2278 θεοῖς.
460 2233 643 2271 ‘videtur
673 2248 718 2273 ex
749 2235 953 2285 Euripidis
984 2235 1192 2274 Pala-mede
1224 2237 1341 2273 esse.'
1380 2235 1499 2272 Mein.
1533 2235 1647 2273 Stob.
1680 2234 1700 2272 I
1728 2248 1795 2274 xx.

246 2290 297 2327 cf.
318 2288 470 2328 Nauck.
494 2289 560 2327 Tr.
585 2290 630 2330 fr.
653 2291 746 2329 637.
798 2303 886 2330 cum
915 2293 978 2330 tot
1007 2293 1241 2342 argumenta
1270 2291 1512 2341 tragicorum
1543 2291 1795 2330 comicorum-

242 2358 317 2395 que
348 2346 572 2384 communia
602 2347 700 2397 sint,
732 2348 882 2386 nullam
914 2349 1028 2388 video
1060 2361 1236 2398 oausam,
1281 2360 1350 2386 our
1378 2347 1427 2385 de
1456 2347 1694 2387 Philemonis
1722 2347 1795 2386 Pa-

247 2402 401 2440 lamede
432 2402 650 2441 dubitetur.

872 2458 1160 2493 ΠΑΝΗΓΤΡΙΣ

946 2591 1027 2647 τήν
1057 2595 1274 2635 πλατεῖαν
1303 2590 1374 2635 σοὶ
1403 2591 1527 2648 μόνῳ

513 2659 681 2716 ταύτην
711 2662 954 2716 πεποίηκεν
986 2658 1009 2702 ὁ
1040 2659 1275 2714 βασιλεύςς

355 2743 497 2782 Pollux
527 2745 574 2791 9,
597 2744 649 2781 38
688 2740 785 2792 τάχα
813 2737 854 2780 δ’
877 2739 930 2780 ἂν
959 2740 1088 2793 εὕροις
1107 2743 1115 2781 .’
1137 2773 1145 2781 .
1165 2738 1376 2792 εἰρημένην
1405 2738 1471 2779 καὶ
1502 2742 1705 2790 πλατεῖαν,
1742 2736 1797 2785 ὡς

243 2799 283 2837 οἱ
310 2798 387 2837 νῦν
418 2797 587 2850 λέγουσι,
622 2796 843 2850 Φιλήμονος
875 2796 919 2837 ἐν
942 2797 1174 2849 Πανηγύρει
1203 2796 1382 2844 εἰπόντος
1402 2799 1484 2836 κτλ.
1554 2799 1588 2839 1.
1607 2798 1798 2835 πλατεῖαν
