1806 3216
201 205 284 247 556
872 199 1084 234 AI<1>1AOT

406 306 448 344 εἴ
473 318 514 343 τι
544 301 648 343 νέον
677 297 706 354 ἢ
736 297 974 342 ποθεινόν·
1009 296 1207 353 ὀστρέων
1236 298 1343 353 γένη

403 367 684 422 παντοδαπά,
716 366 928 409 λοπάδων
958 365 1324 421 παρατεταγμένη
1357 367 1549 421 φάλαγξ,

402 435 552 478 ὀπτῶν
585 436 743 491 ἐπῇττε
773 433 917 489 σωρὸς
946 432 1034 476 ἀπὸ
1064 436 1145 476 τοῦ
1175 435 1398 489 τηγάνου,

355 513 374 544 5
406 503 641 558 τριμμάτια
671 502 846 552 τούτοις
878 501 927 544 ἐν
957 503 1110 552 θυΐαις
1140 499 1369 556 ἀργυραῖς.

312 598 538 636 Athenaeus
570 598 606 646 6,
630 597 741 635 230f
770 594 937 644 Δίφιλος
982 593 1024 633 ἐν
1056 593 1262 647 Ζωγράφῳ
1306 597 1386 634 κτλ.
1503 597 1540 637 2.
1569 591 1756 647 ὀστρείων

201 655 320 693 Mein.
437 657 476 691 4.
511 651 648 705 ἐπῇττε
685 650 750 704 K]
802 650 918 703 ε’πῆγε
957 652 1006 690 A.
1056 653 1104 690 cf.
1138 652 1280 690 Eubul.
1313 654 1376 690 37
1429 649 1546 704 ε’πῇξε
1576 652 1754 693 Erfurdt.

202 711 293 750 Obs.
324 711 419 748 457.
471 710 538 748 sed
579 709 749 748 amistus
788 710 835 747 de
867 709 1051 758 partibus
1088 709 1246 758 p1andii
1284 703 1418 762 (v.1)
1457 709 1587 747 minus
1624 712 1754 759 aptus.

202 768 240 805 5
273 765 703 872 θῖῗαιὲςκλίἳεγΐέμον
692 821 810 870 quod
838 822 912 861 sibi
943 822 1050 870 eleyit
1079 822 1266 869 quidquid
1284 823 1375 860 novi
1393 822 1453 860 vel
1479 822 1578 861 lauti
1595 823 1758 871 reperiri

191 880 372 928 poterat&
396 879 512 917 Mein.
593 880 632 917 5.
666 874 872 929 τριμμάτια
895 878 1060 916 ‘iuscula
1080 891 1126 915 ex
1147 878 1250 926 allio,
1283 880 1411 926 aceto,
1441 890 1560 927 porro
1583 878 1752 929 aliisque

202 936 463 975 condimentis
486 935 715 985 composita,
740 935 882 984 quibus
901 947 1036 973 carnes
1058 937 1212 973 assatae
1233 935 1454 973 inbuendae
1469 935 1611 974 erant'.
1636 935 1755 974 Mein.

950 1045 1007 1085 45

470 1120 810 1178 ἀπροσδόκητον
842 1121 978 1166 οὐδὲν
1008 1121 1271 1176 ἀνθρώποις
1299 1121 1464 1173 πάθος·

471 1189 723 1246 ἐφημέρους
752 1189 837 1246 γάρ
867 1189 947 1241 τοὶς
975 1189 1112 1245 τύχας
1142 1190 1407 1245 κεκτήμεθα.

1688 1259 1756 1288 ους

202 1342 238 1380 V
313 1286 506 1330 Stobaeus
527 1286 662 1324 Floril.
688 1286 781 1332 105,
806 1285 829 1322 5
863 1283 1035 1332 Διφίλου
1067 1283 1109 1323 ἐκ
1140 1282 1362 1336 Ζωγράφου
1390 1284 1439 1323 A.
1530 1286 1566 1325 1.
1597 1281 1731 1329 πάθος

241 1355 315 1381 oss.

861 1419 1097 1452 ΗΡΑΚΛΗΣ

943 1508 999 1550 46

741 1587 818 1640 ἐμὲ
847 1587 929 1640 μὲν
960 1585 1042 1641 οὐχ
1072 1585 1180 1643 ὁρᾷς
1210 1585 1447 1629 πεπωκότα

402 1653 488 1710 ἤδη
519 1653 560 1696 τ’
593 1653 879 1708 ἀκροθώρακ’
914 1653 1021 1696 ὄντα
1052 1655 1126 1696 καὶ
1155 1653 1468 1708 θυμούμενον,

403 1722 529 1764 τονδὶ
560 1723 609 1764 δὲ
640 1722 822 1776 ναστόν,
851 1720 1082 1772 Ἀστίωνος
1111 1724 1311 1777 μείζονα,

402 1789 489 1845 ἤδη
521 1787 683 1845 σχεδὸν
714 1790 970 1832 δωδέκατον
998 1788 1290 1846 ἠριστηκότα;

313 1885 542 1923 Athenaeus
575 1885 649 1931 10,
682 1885 799 1923 4219
847 1883 1012 1933 Δίφιλος
1057 1881 1100 1922 ἐν
1148 1880 1339 1935 “Ηρακλεῖ
1383 1882 1478 1932 περί
1524 1897 1628 1930 τινος
1673 1887 1755 1922 τῶν

200 1934 343 1989 ὁμοίων
375 1937 655 1994 (πολυφάγων)
677 1937 950 1992 διαλεγόμενος
980 1938 1167 1989 διέξεισιν
1187 1942 1266 1978 κτλ.
1355 1942 1392 1978 2.
1424 1936 1754 1991 κεύθυμούμενον

200 1998 334 2044 Mein,
367 1998 470 2047 quod
491 1998 707 2036 admodum
736 1998 909 2047 languet.
940 2011 1012 2037 scr.
1035 1994 1452 2047 κάμφυσώμενον.
1484 1997 1533 2036 ef.
1556 1997 1750 2036 Henioch.

199 2055 238 2103 4,
261 2054 300 2093 8.
330 2054 508 2103 Xenoph.
531 2055 643 2103 Reip.
667 2055 760 2093 Lac.
782 2054 819 2103 5,
838 2055 862 2093 8
885 2053 925 2092 οἱ
949 2052 1093 2092 ἄπονοι
1121 2050 1391 2104 πεφυσημένοι
1420 2067 1460 2092 τε
1489 2050 1555 2091 καὶ
1586 2052 1752 2104 αἰσχροί.

199 2111 344 2149 Athen.
379 2112 420 2158 6,
454 2111 569 2149 255d
607 2108 905 2160 ἐμφυσωμένων
943 2116 1008 2177 τῇ
1025 2109 1220 2163 κολακεία.
1319 2111 1356 2148 3.
1387 2107 1494 2148 τονδὶ
1523 2106 1569 2147 δὲ
1602 2107 1753 2148 ναστόν

197 2167 377 2234 ⁷Heringa
408 2167 571 2206 Observ.
595 2166 694 2217 279]
728 2162 836 2205 τονδ’
870 2165 958 2205 ι’δεν
986 2161 1108 2205 ἀστὸν
1131 2168 1178 2205 Α.
1207 2162 1352 2216 μείζον’
1385 2166 1434 2204 A.
1519 2162 1751 2234 Ἀστίωνος]

197 2218 448 2274 Ἀστερίωνος
490 2224 691 2262 Herwerd.
723 2224 824 2263 Nov.
855 2223 944 2265 add.
976 2224 1063 2262 crit.
1095 2224 1148 2262 43
1180 2223 1280 2262 conl.
1312 2223 1427 2261 Paus.
1463 2225 1504 2272 1,
1529 2222 1595 2273 35,
1617 2223 1642 2262 5
1673 2219 1752 2260 εστι

200 2276 243 2318 δὲ
280 2278 495 2330 Μιλησίοις
538 2277 614 2345 πρὸ
651 2284 723 2329 τῆς
761 2277 910 2326 πόλεως
947 2278 1068 2330 Λάδη
1113 2284 1254 2342 νῆσος,
1299 2275 1562 2347 ἀπερρώγασι
1595 2274 1637 2317 δ’
1675 2273 1750 2315 ἀπ’

198 2332 322 2386 αὐτῆς
353 2335 527 2386 νησῖδες.
563 2329 816 2388 Ἀστερίου
847 2334 919 2387 τὴν
949 2333 1087 2387 ἑτέραν
1117 2329 1356 2386 ὀνομάζουσι
1379 2334 1444 2373 καὶ
1464 2332 1534 2373 τὸν
1552 2330 1753 2385 Ἀστέριον

199 2390 243 2431 ἐν
279 2388 380 2445 αὐτῇ
417 2397 594 2442 ταφῆναι
631 2390 862 2443 λέγουσιν..
883 2390 980 2443 ,ἔχει
1018 2389 1058 2431 δ’
1091 2393 1165 2430 οὐν
1201 2389 1222 2431 ὁ
1253 2389 1390 2442 νεκρὸς
1429 2386 1549 2430 οὐδέν
1577 2405 1613 2430 τι
1640 2393 1753 2441 μεῖον

198 2454 338 2499 πηχῶν
367 2446 476 2488 δέκα.
538 2449 586 2488 ef.
619 2449 782 2489 Preller.
813 2450 942 2499 Myth.
973 2447 1054 2500 g1.²
1082 2448 1123 2488 H
1157 2450 1249 2490 135.
1309 2449 1376 2487 sed
1407 2449 1539 2498 potius
1567 2447 1753 2487 Asterion

200 2505 283 2558 (vel
302 2503 499 2574 Asterius)
526 2508 638 2556 yiyas
666 2506 956 2556 intellegendus
977 2508 1050 2545 est.
1089 2507 1252 2546 Aristot.
1277 2505 1408 2543 Sehoh
1431 2504 1596 2544 Aiistid.
1619 2505 1713 2555 323,
1725 2506 1750 2544 9

199 2562 318 2601 Dind.
341 2560 386 2599 τὰ
412 2558 640 2601 Ἐλευσίνια
669 2558 734 2599 διὰ
764 2561 833 2601 τὸν
851 2559 1005 2612 καρπὸν
1025 2567 1094 2612 τῆς
1117 2560 1356 2612 Δήμητρος.
1375 2558 1450 2600 ,τὰ
1475 2557 1751 2610 Παναθήναια

201 2615 264 2656 ἐπὶ
281 2614 462 2670 Ἀστερίῳ
493 2623 545 2672 τῷ
574 2619 725 2669 γίγαντι
757 2615 850 2657 ὑπὸ
877 2615 1093 2668 Ἀθηνᾶς
1123 2613 1452 2669 ἀναιρεθέντι
1474 2613 1612 2670 (Mein.
1632 2617 1749 2656 Anal.

199 2675 292 2713 Ath.
316 2671 430 2728 354).
483 2676 568 2714 sine
599 2675 718 2714 dubio
737 2675 890 2726 effigies
919 2676 1002 2714 eius
1032 2676 1074 2714 in
1095 2674 1509 2725 Gigantomachiarum
1531 2673 1749 2712 simulacris

198 2731 355 2780 publice
385 2732 630 2770 cernebatur.
679 2732 850 2781 Hesych.
872 2727 1091 2782 Ἀστόριον·
1123 2729 1249 2783 μέγαν
1274 2727 1354 2784 (sie
1383 2730 1502 2768 Mein.
1530 2742 1603 2780 pro
1632 2725 1750 2780 μέγα)

199 2801 265 2825 και
295 2785 580 2838 διακεχυμένον
610 2785 753 2839 (ἕκκεχ.
785 2787 938 2840 Mein.).
972 2810 1024 2815 -
1063 2787 1263 2827 sententia
1292 2799 1364 2837 per
1394 2786 1750 2836 interrogationem

202 2844 396 2882 efferenda
426 2847 522 2883 erat.
