1806 3216
193 211 275 252 552
849 201 1060 236 ΔΙΦΙΛΟΤ

194 314 387 351 iationem
418 308 618 359 proverbii
648 308 828 346 accurate
860 305 1030 356 explicat
1059 303 1259 342 Plutarch.
1290 303 1428 342 Pericl.
1453 304 1517 342 27.
1561 303 1612 341 of.
1638 302 1742 341 Ana-

196 371 341 408 creont.
368 367 417 404 21
450 366 597 415 Bergk.
650 365 773 402 Arist.
806 363 906 401 Ach.
938 362 1020 400 850
1051 373 1140 399 cum
1169 360 1287 399 schol.
1320 359 1466 398 Athen.
1503 360 1566 407 12,
1590 358 1744 398 533ef.

195 424 375 474 Append
407 435 517 472 p10v.
551 422 590 471 4,
610 421 675 461 32.

943 472 995 513 37

309 558 569 607 Harpocratio
590 570 648 594 να
658 551 682 593 ύ
693 570 715 593 κ
726 557 840 605 ληρο
850 569 889 600 ς.
937 551 1022 592 ,καὶ
1043 550 1105 590 ἐπὶ
1122 557 1191 590 τοῦ
1211 548 1519 602 μεμισθωμένον
1545 549 1607 590 ἐπὶ
1627 555 1680 605 τῷ
1701 564 1746 588 τα

197 612 341 653 ἐνοίκια
355 609 556 664 ἐκλέγειν
538 628 562 663 η
577 611 702 658 οἰκίας
719 608 746 661 ἢ
761 585 977 656 συνοικίας
989 606 1061 655 ὡς.
1082 608 1296 656 ..Δίφιλος
1304 604 1497 662 Ἐμπόρῳ.
1519 609 1568 649 cf.
1580 607 1747 657 Sannyr.

198 675 234 710 6.
265 671 421 710 Alexid.
444 671 533 709 138.

818 732 1130 766 ENAPIZMATA

310 807 486 854 Inferiae
517 802 804 856 significantur.
855 804 904 842 of.
936 802 1138 852 Aristoph.
1169 802 1216 842 fr.
1247 801 1342 851 488,
1367 802 1432 839 12.
1474 801 1592 840 Mein.
1612 800 1633 839 I
1654 800 1750 842 454,

949 901 1004 942 38

430 976 474 1014 εἴ
497 987 572 1025 μοι
603 972 828 1025 συνήθης,
861 967 1064 1022 Φαίδιμ’,
1097 966 1162 1008 ὠν
1194 968 1439 1022 ἐτύγχανεν

427 1037 449 1081 ὁ
480 1033 684 1093 Χαβρίου
714 1038 996 1092 Κτήσιππος,
1031 1031 1337 1091 εἰσηγησάμην

431 1108 574 1161 νόμον
604 1103 660 1147 ἄν
690 1104 776 1147 τιν’
800 1103 882 1146 οὐκ
913 1102 1150 1159 ἄχρηστον,
1184 1101 1245 1152 (ὃς
1277 1102 1375 1157 ἐμοὶ
1406 1103 1545 1158 δοκεῖ,

433 1171 541 1217 ὥστ’
567 1172 915 1226 ἐπιτελεσθῆναί
943 1169 1043 1213 ποτ’
1068 1169 1190 1226 αὐτῷ
1219 1174 1300 1212 τοῦ
1334 1168 1500 1226 πατρὸς

380 1253 400 1283 5
431 1240 480 1283 τὸ
511 1244 687 1295 μνῆμα,
719 1238 818 1282 κατ’
842 1230 1051 1281 ἐνιαυτὸν
1081 1237 1160 1280 ἕνα
1190 1240 1324 1280 λίθον

432 1304 688 1365 ἁμαξιαῖον·
721 1306 796 1350 καὶ
827 1305 989 1361 σφόδρ’
1013 1304 1187 1355 εὐτελὲς
1218 1307 1343 1360 λέγω.

317 1394 545 1432 Athenaeus
567 1391 727 1439 4,165f
754 1388 821 1428 καὶ
841 1385 1067 1440 Κτήσιππος
1098 1385 1135 1426 δ’
1161 1384 1181 1426 ὁ
1204 1388 1385 1440 Χαβριου
1415 1386 1501 1435 υίὸς
1533 1387 1587 1434 εἰς
1619 1394 1755 1426 τοσαῦ-

203 1464 273 1489 τον
300 1444 428 1500 ἦλθεν
458 1445 648 1497 ἀσωτίας,
687 1443 740 1493 ὠς
770 1443 837 1484 καὶ
876 1451 962 1484 τοῦ
997 1442 1247 1496 μνήματος
1285 1450 1369 1483 τοῦ
1398 1441 1604 1495 πατρός,
1635 1443 1705 1491 εἰς
1736 1441 1760 1482 ὃ

203 1507 251 1546 οἵ
272 1503 535 1556 Ἀθηναῖοι
566 1502 729 1554 χιλίας
759 1499 1024 1542 ἀνάλωσαν
1053 1499 1296 1552 δραχμας,
1328 1498 1436 1549 τούς
1466 1501 1644 1548 λίθους
1672 1513 1758 1539 πω-

205 1566 353 1614 λῆσαι
385 1562 439 1609 εἰς
470 1559 539 1608 τὰς
570 1558 835 1611 ηόυπαθείας.
875 1559 1043 1613 Δίφιλος
1071 1563 1173 1610 γουν
1203 1555 1244 1596 ἐν
1265 1561 1344 1605 τοῖς
1361 1554 1610 1610 Ἐναγίζουσί
1634 1569 1761 1608 φησιν

204 1622 285 1659 κτλ.
335 1631 344 1636 ·
386 1621 420 1658 1.
454 1617 502 1656 εἴ
526 1631 606 1668 μοι
635 1616 703 1667 Κ.]
737 1616 772 1656 εἰ
799 1614 852 1666 μὴ
882 1616 930 1657 A.
1024 1611 1187 1665 Φαίδιμ’
1211 1629 1270 1654 ων
1298 1615 1422 1654 Dobr.
1453 1615 1557 1653 Adv.
1587 1614 1628 1652 H
1657 1612 1759 1666 307]

207 1675 381 1727 φαιδίμῳ
412 1670 451 1726 γ’
484 1676 533 1713 A.
632 1675 668 1712 2.
700 1669 739 1726 ὁ]
773 1670 858 1718 υἱὸς
890 1673 1012 1711 Dobr.
1060 1668 1119 1709 ὧν
1148 1667 1168 1709 ὃ
1202 1671 1247 1710 Gr.
1280 1672 1417 1710 Herm.
1463 1667 1483 1709 ὁ
1514 1675 1583 1709 τοῦ
1613 1670 1759 1720 Bergk.

207 1736 244 1772 3.
276 1730 337 1770 ἄν
367 1746 442 1770 τιν
491 1728 561 1782 Κ.]
595 1725 683 1768 τιν’.
758 1731 797 1768 4.
828 1726 928 1767 ὥστε
959 1727 1258 1778 ἐπιτελεσθῆναι
1289 1724 1440 1823 Α]ἕς
1469 1725 1530 1779 μὴ
1563 1725 1757 1766 κατεδε-

207 1788 395 1839 σθῆναι
425 1788 473 1826 Κ.
571 1788 610 1825 5.
643 1783 730 1838 ἕνα]
765 1783 833 1824 ἕνα
865 1788 1010 1836 φαγεῖν
1041 1785 1218 1824 Eifurdt.
1251 1784 1334 1828 Obs
1412 1786 1475 1823 53.
1522 1780 1582 1822 ἐν’
1607 1781 1762 1836 ε’ρυγεῖν

207 1847 327 1884 Mein.
360 1845 395 1882 V
430 1846 522 1883 111.
574 1844 736 1882 frustra.
789 1843 905 1882 scrib.
939 1839 1008 1880 ἕνα
1037 1844 1220 1880 θεῖναι.

325 1902 373 1940 cf.
405 1901 570 1941 Timool.
594 1902 628 1938 5.
660 1900 843 1938 Menand.
867 1899 947 1937 352
969 1899 1088 1937 Mein.
1120 1921 1176 1925 —
1204 1899 1278 1937 hoc
1308 1898 1422 1937 dicit:
1452 1910 1502 1936 ne
1532 1909 1761 1936 monumen-

210 1963 293 1998 tum
335 1959 382 1996 ab
414 1957 726 1996 Atheniensibus
758 1956 950 1995 Chabriae
985 1956 1157 2005 positum
1187 1968 1209 1993 a
1239 1954 1423 2004 Ctesippo
1453 1956 1591 2004 posset
1621 1967 1763 1992 venum

210 2016 294 2054 dari
332 2017 372 2054 et
411 2014 608 2063 consumi,
650 2008 755 2065 (tum
786 2026 874 2051 cum
906 2007 1203 2065 exstruebatur)
1244 2012 1371 2061 legem
1401 2011 1580 2049 tulissem
1611 2012 1657 2048 ut
1687 2010 1763 2048 sin-

212 2073 316 2122 gulis
347 2072 462 2110 annis
494 2083 595 2109 unus
625 2070 727 2119 lapis
756 2071 983 2119 poneretur,
1017 2068 1085 2106 sed
1115 2069 1149 2106 is
1169 2068 1342 2115 molaris,
1372 2080 1422 2105 ne
1442 2069 1578 2116 posset
1597 2067 1761 2105 moveri.

960 2178 1016 2220 39

326 2264 492 2301 Photius
523 2264 564 2301 et
594 2261 734 2300 Suidas
765 2257 834 2314 (cf.
865 2259 1049 2310 Append.
1080 2273 1191 2310 prov.
1214 2261 1251 2309 5,
1274 2260 1342 2300 41.
1371 2259 1552 2308 Apostol.
1576 2259 1640 2309 18,
1663 2255 1764 2326 562.)

211 2317 350 2369 ψωλὸν
363 2317 554 2387 γενέσθαι
578 2316 642 2356 δεῖ
651 2329 692 2356 σε
708 2315 819 2368 μέχρι
834 2321 904 2355 τοῦ
918 2315 1131 2367 μυρρίνου·
1157 2312 1181 2366 ἡ
1203 2314 1391 2366 παροιμία
1413 2313 1519 2383 παρὰ
1531 2289 1764 2366 Ἀριστοφά-

212 2390 271 2415 νει
301 2374 344 2414 ἐν
374 2378 453 2421 τοῖς
478 2371 684 2414 Ἱππεῦσιν
713 2371 827 2426 (964,
859 2374 927 2412 ubi
958 2373 1101 2412 similia
1131 2373 1249 2412 schol.
1266 2371 1391 2423 Ald.).
1431 2368 1660 2422 ἕλέχθη’ἒπὶ
1690 2376 1768 2410 τῶν

211 2431 322 2484 μέχρι
363 2434 508 2470 πολλοῦ
554 2427 847 2479 διελκυσμένων
896 2426 1219 2483 (διεσκυλμένων
1261 2428 1355 2467 Ald.
1426 2415 1767 2478 διεσκολυμμένων

213 2490 368 2528 Kuster.
399 2484 477 2526 απὸ
498 2488 566 2525 τοῦ
591 2482 839 2535 ε’σκολυφθαι
872 2486 994 2525 schol.
1018 2487 1086 2524 Ar.
1111 2485 1222 2535 RV).
1254 2482 1360 2535 παρὰ
1391 2483 1435 2522 δὲ
1457 2483 1610 2536 Διφίλῳ
1627 2482 1672 2523 ἐν
1686 2486 1766 2531 τοῖς

209 2543 472 2596 Ἐναγίσμασι
502 2542 817 2593 παραπεποίηται
847 2540 938 2593 ἄχρι
967 2542 1034 2580 τοῦ
1064 2538 1264 2593 λαρυγγος.
1309 2542 1444 2591 itaque
1464 2540 1647 2590 Diphilus
1668 2540 1769 2579 dixit

214 2601 378 2650 ψωλὸς
408 2598 550 2669 με’,χρι
579 2597 664 2638 τοῦ
692 2598 936 2651 λάρυγγος
968 2599 1031 2637 vel
1059 2595 1294 2652 (secundum
1325 2598 1375 2636 H.
1406 2597 1607 2637 Iacobium
1639 2597 1757 2636 Mein.

214 2659 250 2696 V
284 2654 423 2711 cccvl)
453 2655 566 2708 ἄχρι
595 2660 682 2695 τοῦ
712 2654 973 2707 λαρυγγος,
1003 2655 1102 2693 nihil
1133 2654 1312 2704 amplius.

771 2777 1213 2811 ΕΠΙΔῙΚΑΖΟΜΕΝΟΣ
1276 2769 1278 2771 ’

330 2850 390 2889 Of.
422 2862 521 2900 quae
551 2849 600 2888 ad
631 2848 872 2888 Philemonis
898 2838 1246 2896 Ἐπιδικαζόμενον
1275 2846 1527 2885 adnotantur.
