1890 3190
598 172 883 208 ΖΔΚΤΝΘῙΟΣ
913 189 956 197 ·-
990 172 1143 208 unm<
1585 170 1642 214 53

73 291 197 331 ματος
225 271 348 331 ἦσαν,
377 276 503 329 φησὶν
534 274 579 317 ἐν
599 275 767 331 Θαμύρᾳ
794 271 1036 328 Ἀντιφάνης
1065 278 1148 316 κτλ.
1237 277 1275 316 2.
1311 274 1471 330 Θρῄκης
1503 276 1641 328 ‘tragi-

71 347 211 377 corum
239 347 462 375 sermonem
493 335 689 375 imitatur’
721 334 841 375 Mein.
976 329 1279 387 ὠνομασμένος]
1310 346 1384 372 scr.
1415 326 1641 383 εὖνόμου

76 388 163 432 ndo
172 404 240 432 ον.
296 392 348 432 of.
379 392 521 433 Aeseh.
553 392 601 431 fr.
629 392 707 430 192
728 391 779 431 N.
831 391 1002 442 Hesyoh.
1034 385 1247 442 κατάρδειν
1265 421 1274 430 .
1294 421 1303 430 .
1321 389 1506 438 ποτίζειν.
1558 391 1636 430 Ar-

71 449 292 492 obestmus
322 450 469 489 Athen.
502 450 540 499 7,
564 447 677 487 298f
703 446 954 499 Strymonius
984 448 1182 499 anguillas
1212 460 1302 487 cum
1332 446 1498 498 Copaeis
1529 460 1634 487 com·

42 522 45 523 ⁷
69 508 279 548 memorat.
348 506 518 546 Aristot.
550 505 602 544 H.
632 518 698 544 an.
729 505 775 552 8,
798 505 846 555 4,
869 506 894 543 5
932 501 977 543 ἕν
1015 508 1070 558 τῷ
1098 499 1300 555 Στρυμόνι
1345 501 1413 557 (αῖ
1448 501 1635 560 ἐγχέλεις)

69 560 161 614 περὶ
188 560 378 610 πλειάδας
405 558 646 601 ἁλίσκονται.
678 557 839 615 (Mein.)
889 561 1077 601 videntur
1106 562 1201 601 haec
1231 573 1279 600 ex
1309 563 1469 602 oraculo
1500 574 1634 602 excer-

68 621 140 672 pta
167 631 253 660 esse
281 619 325 659 in
353 620 522 671 prologo
553 618 615 658 vel
644 618 687 659 in
716 618 842 658 exodo
873 618 1030 657 fabulae
1061 618 1333 668 pronuntiato.
1622 616 1624 618 ’

716 761 1001 808 [ΘΕοΓοΝιΑ]

635 834 755 874 Mein.
786 834 807 874 1
837 834 1076 874 318—320.

546 981 775 1016 ΘΟΡῙΚῙΟΙ
806 981 844 1014 Η
875 979 1164 1015 ΔῙΟΡΤΤΤΩΝ

184 1063 244 1103 De
267 1064 438 1104 Thorico
467 1076 572 1114 pago
604 1063 734 1104 tribus
763 1062 1038 1103 Acamantidis
1068 1059 1175 1116 (Iud.
1196 1061 1258 1101 111
1279 1062 1443 1103 Kirehh.
1465 1063 1496 1104 I.
1517 1061 1638 1117 Att.)‚

68 1121 377 1172 argentifodinis
419 1120 668 1160 Laureoticis
711 1120 882 1171 insigni,
922 1119 972 1159 of.
1003 1119 1188 1159 Bursian.
1223 1118 1368 1170 Geogr.
1400 1133 1459 1171 gr.
1491 1121 1510 1159 I
1541 1122 1638 1161 353.

67 1177 119 1218 ad
148 1178 240 1218 illas
270 1177 587 1228 argentifodinas
617 1177 740 1216 etiam
769 1177 934 1217 titulum
970 1175 1129 1216 fabulae
1162 1177 1364 1227 pertinere
1384 1177 1634 1218 crediderim.

35 1255 37 1258 ·
71 1234 142 1276 sed
171 1234 222 1274 of.
253 1233 374 1276 Mein.
403 1234 425 1274 I
455 1235 553 1274 331.

807 1309 889 1353 106

642 1391 801 1432 λοῦται
831 1385 874 1431 δ’
899 1384 1104 1444 άληθῶςς
1156 1387 1270 1432 ἀλλὰ
1299 1390 1363 1441 τί;

347 1459 397 1503 ἐκ
428 1457 796 1514 χρυσοκολλήτου
825 1471 879 1512 γε
907 1457 1126 1508 κάλπιδος
1154 1455 1285 1513 μύρῳ

343 1528 578 1583 Αἰγυπτίῳ
606 1525 691 1581 μὲν
719 1522 826 1576 τοὺς
854 1523 997 1575 πόδας
1026 1524 1101 1567 καὶ
1131 1523 1184 1568 τὰ
1216 1527 1373 1582 σκέλη,

343 1595 585 1652 φοινικίνῳ
615 1593 666 1636 δὲ
695 1592 776 1644 τὰς
803 1592 1008 1648 γνάθους
1037 1592 1113 1636 καὶ
1142 1595 1315 1649 τιτθία,

290 1672 311 1705 5
342 1664 626 1719 σισυμβρίνῳ
657 1661 707 1706 δὲ
736 1658 818 1704 τὸν
847 1660 1003 1717 ἕτερον
1031 1663 1275 1717 βραχίονα,

341 1728 608 1788 α’μαρακίνῳ
638 1726 687 1772 δὲ
718 1727 796 1781 τὰς
826 1727 973 1786 ὀφρῦς
1002 1727 1078 1772 καὶ
1107 1726 1191 1785 τὴν
1221 1731 1382 1787 κόμην,
1436 1782 1446 1792 ⁰

342 1798 599 1856 ἑρπυλλίνῳ
628 1793 679 1842 δὲ
708 1796 760 1841 τὸ
789 1797 906 1853 γόνυ
935 1797 1011 1840 καὶ
1040 1797 1122 1840 τὸν
1152 1794 1332 1853 αὐχένα.

182 1895 416 1934 Athenaeus
441 1895 505 1943 12,
519 1892 636 1932 553d
663 1888 928 1943 Ἀντιφάνης.
948 1922 957 1932 .
977 1889 1042 1932 .ἒν
1062 1890 1262 1943 Θορικίοις
1291 1894 1372 1933 κτλ.
1439 1896 1501 1944 15,
1523 1895 1638 1935 6890

65 1946 126 1991 ’ὅτι
154 1948 200 1991 δὲ
229 1945 297 1990 διά
328 1949 507 2002 σπουδῆς
536 1943 588 2000 ἦν
619 1951 702 1996 τοῖς
731 1946 1003 1998 παλαιοτέροις
1032 1944 1058 2000 ἡ
1089 1953 1171 1988 τῶν
1190 1946 1330 2002 μύρων
1349 1950 1490 2002 χρῆσις
1511 1951 1639 2002 δῆλον

66 2006 110 2048 ἐκ
139 2012 210 2048 τοῦ
239 2006 309 2048 καὶ
338 2005 577 2047 ἐπίστασθαι
605 2003 724 2045 ποῖόν
753 2019 789 2044 τι
819 2002 971 2060 ἑκάστῳ
1001 2010 1083 2045 τῶν
1111 2007 1246 2057 μελῶν
1273 2003 1390 2057 ἡμῶν
1419 2005 1526 2047 ἐστιν
1556 2006 1637 2047 ἔπι·

66 2064 235 2118 τήδειον.
281 2059 524 2115 Ἀντιφάνης
552 2067 654 2115 γοῦν
683 2059 728 2102 ἒν
760 2061 960 2115 Θορικίοις
990 2060 1018 2114 ἢ
1050 2061 1310 2114 Διορύττοντί
1336 2075 1437 2116 φησι
1467 2068 1547 2105 κτλ.

67 2125 104 2165 1.
134 2124 271 2162 λοῦται
300 2118 340 2161 δ’
365 2123 401 2161 A
423 2117 526 2174 553]
559 2115 669 2159 λουτ’
693 2119 811 2159 αιδου
842 2133 863 2159 ο
892 2121 930 2159 A
962 2122 1056 2160 689.
1145 2117 1243 2159 ἄλλα
1274 2134 1310 2159 τι
1339 2122 1378 2160 Α
1408 2123 1505 2161 553.
1595 2125 1632 2162 2.

66 2176 310 2232 χρυσοκόλλη
340 2192 380 2218 τε
409 2179 447 2217 A
478 2178 574 2217 553.
673 2178 711 2219 3.
745 2169 790 2215 τὰ
822 2174 941 2228 σκέλη
971 2177 1008 2216 A
1040 2173 1143 2231 689]
1176 2175 1247 2225 τοὶς
1277 2181 1410 2230 χεῖρας
1439 2181 1477 2218 A
1508 2180 1603 2218 553.

38 2263 40 2265 -
67 2236 107 2276 4.
139 2234 328 2290 φοινικίῳ
358 2236 394 2274 A
425 2235 521 2274 689.
609 2230 697 2287 καὶ]
727 2230 777 2272 τά
807 2247 847 2273 τε
875 2234 1082 2274 Herwerd.
1114 2233 1210 2274 Obs.
1232 2235 1319 2275 orit.
1343 2236 1411 2274 48.
1500 2238 1538 2275 5.
1571 2247 1631 2274 σι-

33 2298 35 2303 ’
70 2291 267 2346 σιμβρίνω
297 2293 335 2331 A
365 2293 462 2332 553.
550 2293 589 2330 7.
621 2289 823 2341 ἓρπυλενω
851 2294 894 2330 et
921 2287 1026 2342 γύνυ
1055 2292 1092 2330 Α
1122 2292 1219 2331 553.

186 2352 279 2400 post
306 2363 346 2392 V.
369 2350 393 2387 5
424 2348 647 2387 Meinekiue
677 2347 719 2387 in
747 2347 847 2387 Ath.
879 2349 940 2388 ed.
971 2348 1075 2387 hunc
1105 2361 1264 2388 versum
1302 2349 1446 2388 adiecit
1473 2351 1636 2400 μελιλω-

35 2410 36 2414 ’
70 2404 164 2460 τίνῳ
201 2403 246 2445 δὲ
285 2398 355 2445 τὸν
384 2402 516 2457 ἕτερον
545 2402 613 2443 καὶ
642 2402 688 2442 τὰ
720 2401 868 2454 σφυρά.
928 2417 1010 2444 non
1041 2405 1156 2444 credo
1187 2406 1312 2444 ullam
1341 2406 1546 2445 mulierem
1577 2407 1634 2446 di-

72 2463 198 2503 versis
235 2463 452 2514 unguentis
490 2461 652 2501 brachia
682 2462 853 2501 unxisse.
904 2461 1155 2501 scribendum
1185 2466 1248 2502 est
1284 2458 1370 2502 τὸν
1405 2459 1632 2514 βραχίον’

69 2516 316 2572 ἑκάτερον.
366 2519 484 2559 initio
514 2522 555 2557 et
584 2519 719 2565 inepta
748 2521 809 2557 est.
838 2519 1100 2569 interrogatio
1130 2514 1234 2557 άλλᾶ
1268 2517 1307 2557 τί
1333 2521 1374 2558 et
1404 2519 1514 2558 deest
1543 2532 1634 2558 ver-

67 2576 163 2616 bum
192 2577 295 2615 unde
326 2576 527 2626 pendeant
556 2587 657 2625 quae
686 2577 918 2625 sequuntur.
956 2575 1107 2615 conicio
1129 2576 1399 2626 Antiphanem
1421 2576 1646 2626 scripsisse·

70 2629 352 2684 λουσαμένη
382 2627 422 2670 δ’
443 2628 718 2681 ἀλείφεται.
816 2632 854 2671 3.
888 2629 947 2671 τώ
978 2628 1127 2683 σκέληῗ

771 2728 924 2789 uzon

642 2836 761 2877 Mein.
792 2836 812 2875 I
842 2837 937 2877 314.
968 2837 1061 2878 316.
