1864 3204
230 153 313 193 314
884 148 1134 188 ΑΛΕΞΙΔΟΣ

230 253 414 319 θήσαντα
445 252 489 294 δὲ
510 256 701 295 Valcken.
723 256 914 294 Herodot.
945 257 981 305 9,
1005 254 1076 306 31]
1109 250 1384 306 ἆποινησαντα
1413 252 1457 295 δὲ
1485 256 1638 296 codices
1669 255 1782 295 Stob.

228 305 465 363 ἀπανθῆσαι
486 306 729 366 (ἀπανθίσαι
749 312 792 360 Ο,
822 308 1070 350 ἆπαντοῦσαι
1090 309 1143 365 Ε)
1173 309 1293 351 πάλιν
1313 313 1406 351 Ath.
1487 315 1526 352 7.
1559 307 1641 352 τότε
1671 312 1784 352 Bois-

231 382 315 408 son.
347 382 409 419 ap.
440 368 678 420 Schweigh.]
710 366 815 407 ποτὲ.

343 426 544 465 Plutarch.
566 427 667 465 Mor.
697 426 812 464 6563,
842 423 909 463 τὸν
938 437 1013 476 γαρ
1044 418 1154 463 οἶνον
1183 423 1227 463 ἕν
1256 422 1355 479 ἀρχῇ
1385 423 1458 476 μὲν
1487 419 1589 465 εἶναι
1617 411 1796 478 γλυκύν,Δ

231 481 416 534 γίνεσθαι
446 478 489 520 δὲ
519 478 639 533 ἡδύν,
669 479 766 521 ὅταν
797 481 851 528 εἰς
883 478 925 520 τὸ
956 477 1158 534 αὐστηρὸν
1187 487 1234 535 τῇ
1263 480 1383 529 πέψει
1412 481 1613 536 μεταβάλῃ
1641 483 1783 521 παλαι-

230 536 411 590 ούμενος.
449 538 698 578 Demetrium
727 539 844 578 amici
874 540 1034 589 peccata
1064 541 1316 607 excusantem
1346 539 1479 579 audire
1508 539 1607 578 mihi
1635 538 1782 579 videor.

231 597 268 635 3.
318 595 565 635 ‘confitentis
609 598 649 635 et
694 595 945 635 concedentis
987 593 1109 645 πολλή
1146 592 1185 647 γ’
1223 591 1401 647 ἀνάγκη,
1444 594 1687 635 adfirmantis
1723 597 1786 635 est

233 653 393 691 omissio
437 653 658 702 particulae
700 652 963 692 restiictivae.
970 652 982 670 '
1033 650 1079 691 G.
1111 652 1327 691 Hermann.
1361 652 1480 702 Soph.
1514 652 1654 692 Trach.
1684 645 1781 694 295.

235 710 274 748 5.
314 722 394 748 non
425 709 540 748 credo
572 709 649 748 dici
679 721 796 758 posse
827 704 848 747 ὁ
878 707 1095 759 ἄνθρωπος
1126 704 1370 766 παρακμάζει
1398 708 1550 747 τούτων
1577 705 1783 749 ἁπάντων.

232 765 505 816 coniungenda
534 768 627 805 sunt
655 762 729 815 τὴν
756 762 901 804 α’νοιαν
932 760 1080 815 ταύτην
1110 760 1260 804 τούτων
1289 766 1348 804 ὥν
1374 763 1473 817 λέγω
1493 760 1695 816 ἁπάντων,
1724 765 1784 805 in·

231 822 495 873 prudentiam·
514 822 623 861 illam
654 823 830 861 omnium
860 822 1153 862 adulescentiae
1183 822 1420 862 vanitatum.

453 1007 676 1067 πρότερον
705 1011 788 1066 μὲν
819 1011 860 1053 εἰ
886 1010 1096 1054 πνεύσειε
1125 1013 1293 1066 βορρᾶς
1322 1009 1351 1066 ἢ
1381 1008 1511 1060 νότος

455 1078 505 1121 ἐν
535 1082 588 1135 τῇ
618 1078 819 1135 θαλάττῃ
850 1078 1072 1134 λαμπρός,
1104 1079 1235 1133 ἰχθῦς
1265 1075 1348 1120 οὐκ
1380 1077 1501 1133 ἐνῆν

454 1145 608 1189 οὐδενὶ
640 1154 824 1202 φαγεῖν·
856 1145 963 1189 νυνὶ
993 1146 1042 1188 δὲ
1072 1141 1183 1201 πρὸς
1211 1152 1301 1196 τοῖς
1331 1146 1585 1202 πνεύμασιν

453 1214 628 1266 τούτοις
659 1216 870 1265 Φάυλλος
899 1215 1175 1270 προσγέγονε
1205 1212 1370 1270 χειμών
1399 1215 1567 1269 τρίτος·

402 1293 422 1323 5
455 1278 569 1326 ἐπὰν
599 1282 684 1338 γὰρ
719 1283 930 1338 ἐκνεφίας
960 1283 1222 1336 καταιγίσας
1250 1280 1360 1338 τύχῃ

456 1350 501 1400 ἐς
530 1350 612 1406 τὴν
643 1350 829 1405 ἀγοράν,
862 1348 1035 1402 τοῦψον
1065 1349 1308 1405 πριάμενος
1338 1353 1503 1404 οἴχεται

454 1419 607 1473 φέρων
637 1417 757 1461 ἅπαν
786 1416 836 1460 τὸ
865 1418 1058 1474 ληφθέν,
1090 1414 1203 1460 ὥστε
1231 1419 1403 1472 γίνεται

456 1487 507 1529 ἐν
536 1493 628 1536 τοῖς
657 1488 868 1541 λαχάνοις
897 1484 947 1528 τὸ
978 1483 1139 1529 λοιπὸν
1167 1483 1276 1541 ἡμῖν
1300 1483 1327 1542 ἡ
1358 1486 1486 1541 μάχη.

345 1582 575 1620 Athenaeus
606 1582 644 1631 8,
668 1582 748 1621 338
767 1581 791 1619 d
822 1578 974 1629 ’Ἀλεξις
1006 1578 1049 1619 ἐν
1080 1579 1290 1634 Δημητρίῳ
1320 1577 1547 1618 Φάυλλόν
1586 1593 1672 1618 τινα
1708 1593 1786 1618 κω-

232 1638 358 1691 μῳδεῖ
392 1634 452 1684 ὥς
492 1611 741 1688 φίλιχῖθυν
778 1635 821 1676 ἐν
857 1636 1010 1685 τούτοις
1040 1639 1120 1677 κτλ.
1191 1637 1394 1688 Turpilius
1423 1638 1474 1676 fr.
1507 1638 1530 1675 5
1562 1638 1725 1677 antehac
1751 1638 1788 1676 si

232 1696 353 1743 flabat
384 1696 513 1744 aquilo
543 1698 613 1734 aut
642 1698 785 1740 auster,
814 1696 951 1744 inopia
978 1698 1061 1734 tum
1091 1698 1172 1734 erat
1194 1696 1350 1744 piscati.
1440 1694 1477 1735 2.
1510 1690 1621 1746 ἐνῆν]
1652 1707 1708 1731 αν
1734 1687 1788 1743 ἦν

231 1752 393 1792 Porson.
428 1747 559 1789 οὐκέτ’
582 1744 634 1802 ἦν
665 1752 783 1790 Mein.
806 1751 922 1790 Anal.
944 1751 1040 1790 Ath.
1066 1751 1160 1790 150.
1191 1754 1232 1790 at
1262 1752 1310 1791 cf.
1335 1750 1402 1802 25,
1423 1750 1462 1789 5.
1491 1749 1647 1789 Anaxil.
1671 1751 1723 1789 22
1727 1751 1802 1805 ‚7.

233 1809 271 1847 3.
306 1806 397 1847 νυνὶ
428 1804 667 1860 Schweigh]
699 1811 776 1846 νῦν
805 1809 856 1846 Α.
946 1810 983 1847 6.
1015 1801 1169 1854 τοῦψον
1197 1810 1237 1847 et
1267 1810 1303 1846 7.
1334 1805 1507 1858 γίγνεται
1534 1806 1587 1845 A.

348 1867 387 1909 8
418 1861 460 1902 ἕν
490 1866 570 1910 τοῖς
600 1859 808 1915 λαχάνοις,
838 1865 882 1903 in
910 1865 994 1912 foro
1025 1866 1187 1904 olitorio.
1238 1865 1473 1914 cf.15,11.
1499 1864 1564 1901 12.

981 1974 1035 2015 47

1043 2050 1143 2093 ἀλλ’
1165 2050 1432 2106 αἰσχύνομαι

504 2119 582 2162 τὸν
612 2120 842 2174 Κόρυδον,
875 2120 917 2161 εί
945 2118 1058 2171 δόξω
1089 2122 1368 2175 συναριστᾶν
1398 2128 1515 2161 τισιν

504 2186 624 2230 οὕτω
656 2189 923 2243 προχείρως·
958 2186 1043 2230 οὐκ
1074 2184 1362 2242 ἀπαρνοῦμαι
1392 2185 1434 2228 δ’
1458 2184 1595 2241 ὅμως·

505 2253 612 2298 οὐδὲ
643 2271 730 2310 γαρ
763 2254 957 2311 ἐκεινος,
990 2254 1047 2299 ἂν
1078 2258 1192 2311 καλῇ
1223 2270 1288 2305 τις
1318 2253 1375 2297 ἄν
1403 2269 1450 2296 τε
1479 2254 1553 2310 μή.

346 2351 577 2389 Athenaeus
611 2352 648 2401 6,
672 2351 748 2389 241
770 2351 829 2390 ab
868 2344 921 2401 ἦν
957 2346 1001 2388 δε
1039 2347 1105 2388 καὶ
1135 2345 1155 2387 ὁ
1187 2346 1369 2401 Κόρυδος
1401 2352 1479 2387 τῶν
1508 2341 1563 2386 δι’
1594 2344 1785 2398 ὀνόματος

235 2406 519 2458 παρασίτων
539 2403 702 2454 ἶἈλεξις
735 2405 947 2460 Δημητρίῳ
977 2402 1004 2457 ἢ
1033 2406 1248 2458 Φιλεταίρῳ
1277 2406 1357 2444 κτλ.
1473 2405 1514 2444 4.
1544 2395 1596 2443 ἂν
1625 2404 1762 2443 Dindf.
1766 2402 1783 2456 ]

234 2462 314 2560 geg}
333 2464 384 2502 A.
452 2461 510 2518 α’ν
539 2477 578 2502 τε
606 2461 661 2514 μή
692 2465 733 2502 in
763 2463 841 2502 fine
871 2463 959 2502 add.
990 2462 1043 2502 A.
1066 2462 1216 2501 Nauck.
1249 2461 1435 2501 Bulletin.
1467 2460 1644 2500 Petersb.
1666 2460 1786 2500 VIIII

982 2583 1037 2626 48

439 2665 590 2706 ἔπειτα
620 2662 795 2717 νάρκην
825 2663 1004 2718 ἔλαβον,
1037 2660 1377 2717 ἐνθυμούμενος

439 2731 507 2773 ὅτι
535 2731 608 2773 δεῖ
632 2728 849 2784 γυναικὸς
879 2729 1181 2785 ἐπιφερούσης
1210 2729 1460 2779 δακτύλους

440 2796 663 2854 ἁπαλούς,
695 2796 776 2841 ὑπ’
799 2796 1003 2854 ἀκάνθης
1031 2797 1142 2854 μηδὲ
1173 2798 1222 2840 ἓν
1251 2797 1438 2848 τούτους
1467 2800 1644 2839 παθεῖν.
