1864 3204
0 0 243 128 π’(

0 129 11 187 br:

598 226 911 263 ΘΗΡΔΜΕΝΗΣ
935 244 978 252 -
1004 226 1190 261 ΧΕῙΡΩΝ
1588 223 1671 266 291

883 329 908 371 7

283 410 390 458 ἔθος
421 409 546 451 ἐστὶν
575 406 750 462 αὐτοῖς,
782 406 841 450 ἄν
871 406 964 451 τιν’
996 407 1181 463 ἰδιώτην
1210 407 1358 450 ποθὲν
1429 421 1431 424 ’

282 475 483 531 λάβωσιν
514 475 804 530 εἰσελθόντα,
836 476 1199 531 διαπειρώμενον

281 545 359 600 τῆς
387 547 481 587 τῶν
511 543 659 599 λόγων
688 543 840 600 ῥώμης
869 543 1104 600 ταράττειν
1135 542 1210 586 καὶ
1240 546 1389 587 κυκᾶν

280 618 373 662 τοῖς
402 610 676 666 ἀντιθέτοις,
708 618 802 663 τοῖς
831 610 1015 669 πέρασι,
1046 618 1141 662 τοῖς
1170 611 1503 667 παρισώμασιν,

235 690 256 721 6
286 687 379 731 τοῖς
408 677 709 735 ἀποπλάνοις,
739 686 832 732 τοῖς
860 677 1101 736 μεγέθεσιν
1131 681 1456 736 νουβυστικῶς.

226 764 423 815 Diogenes
451 764 589 803 Laert.
621 765 666 814 8,
690 765 742 803 37
779 759 878 802 ἀλλὰ
919 759 985 802 καὶ
1025 760 1070 802 ἐν
1103 761 1363 815 Ταραντίνοις
1395 761 1521 814 φησὶν
1549 760 1676 811 οὕτως

112 823 193 860 κτλ.
245 821 386 860 Suidas
416 818 712 871 Ξενοφάνης.
731 818 824 861 ,καὶ
854 818 899 860 ἐν
932 818 1192 872 Ταραντίνοις
1212 821 1294 860 κτλ.
1355 818 1427 873 αν]
1460 817 1533 859 ἐάν
1563 820 1675 859 Suid.

112 880 151 917 2.
183 875 505 929 διαπειρωμένοις
537 877 727 929 Scaliger.
772 881 937 929 proptor
961 891 1000 918 v.
1030 878 1070 916 4.
1103 879 1128 916 5
1159 877 1294 916 malim
1326 874 1677 943 διαπειρωμένους.

226 935 265 974 3.
296 932 455 985 ῥώμης,
493 937 539 974 ut
569 934 674 974 Plat.
705 933 870 986 Protag.
903 935 980 974 311
995 935 1020 974 Ι)
1051 931 1118 973 καὶ
1148 930 1224 986 ἐγώ
1253 929 1576 985 ἀποπειρώμενος
1607 933 1678 973 τοῦ

104 987 392 1044 Ἱπποκράτους
422 990 491 1042 τῆς
512 989 646 1043 ῥώμης
667 989 910 1030 διεσκόπουν
934 986 1071 1033 αὐτόν.
1116 994 1293 1031 ceterum
1315 1004 1415 1042 quae
1446 991 1511 1031 hio
1541 992 1676 1031 dicun-

112 1051 179 1088 tur
199 1049 327 1088 multo
347 1049 482 1088 minus
501 1048 767 1100 Pythagoreis
787 1062 907 1100 quam
926 1049 1118 1098 sophistis
1139 1050 1394 1091 conveniunt.
1482 1049 1521 1088 4.
1554 1045 1677 1100 πέρας

111 1106 216 1145 idem
247 1105 359 1170 quod
385 1100 568 1156 ὁρισμός,
606 1106 792 1154 definitio,
823 1104 1033 1156 παρίσωμα
1064 1106 1239 1154 aequalis
1269 1110 1349 1144 τῶν
1378 1101 1519 1144 κώλων
1547 1107 1677 1145 termi-

109 1164 243 1212 natio,
280 1157 510 1210 ἆπόπλανος
540 1163 748 1213 ἀίρτεεεὼ,
785 1159 954 1215 μέγεθος
992 1163 1284 1213 maynificentia
1315 1163 1520 1202 orationis.
1637 1163 1677 1202 5.

114 1218 389 1269 νουβυστικῶς
419 1221 465 1259 ut
493 1219 618 1259 Arist.
649 1218 769 1270 Vesp
805 1220 928 1259 1294.
971 1219 1022 1262 cf.
1053 1219 1162 1259 Ecol.
1192 1219 1290 1259 441.

787 1331 1004 1366 TITANEZ

228 1401 293 1441 Cf.
323 1413 426 1452 quae
455 1401 504 1440 ad
536 1400 726 1452 (Hyante-s·
753 1401 1046 1444 adnotavimus.

883 1501 910 1543 8

519 1579 732 1634 Κόρυδον
762 1577 844 1622 τόν
873 1579 1160 1635 χαλκοτύπον
1189 1579 1444 1636 πεφύλαξο,

227 1643 286 1705 ἦν
314 1643 478 1704 μήσοι
508 1654 678 1703 νομιεῖς
708 1644 850 1691 αὐτὸν
879 1648 1022 1705 μηδὲν
1052 1650 1356 1702 καταλείψειν,

225 1715 331 1772 μηδ’
364 1716 482 1767 ὄψον
512 1717 645 1772 κοινῇ
673 1714 782 1772 μετὰ
815 1715 982 1760 τούτου
1011 1716 1193 1780 πώποτε
1223 1716 1356 1773 δαίσῃ

225 1785 308 1827 τοῦ
338 1783 573 1839 Κορύδου·
605 1783 809 1838 προλέγω
841 1795 932 1827 σοι·
963 1785 1053 1839 ἔχει
1082 1786 1170 1839 γὰρ
1201 1791 1327 1841 χεῖρα
1358 1786 1592 1845 κραταιάν,

181 1862 202 1893 5
231 1853 420 1908 χαλκῆν,
452 1849 698 1906 ἀκάματον,
731 1849 848 1894 πολὺ
879 1853 1066 1907 κρείττω
1097 1855 1180 1894 τοῦ
1210 1850 1355 1908 πυρὸς
1385 1850 1542 1899 αὐτοῦ.

225 1935 456 1974 Athenaeus
479 1936 515 1984 6,
539 1935 682 1975 24180
711 1927 764 1985 ἦν
785 1931 829 1973 δὲ
858 1932 925 1973 καὶ
954 1931 975 1973 6
1007 1932 1191 1986 Κόρυδος
1223 1940 1318 1974 τῶν
1342 1933 1404 1973 δι’
1435 1932 1677 1988 ὀνόματος

111 1990 420 2044 παρασίτων.
469 1989 711 2042 μνημονεύει
740 1987 785 2029 δ’
816 1988 970 2031 αὐτοῦ.
1017 1993 1242 2063 ,Κρατῖνος
1272 1988 1294 2030 6
1325 1990 1512 2045 νεώτερος
1543 1991 1588 2032 ἕν
1611 1996 1677 2032 Τι-

113 2053 203 2087 τᾶσι
222 2050 304 2088 κτλ.
395 2049 432 2088 2.
464 2061 517 2097 ην
545 2061 600 2098 μη
619 2045 675 2100 A]
708 2047 744 2087 εἰ
770 2046 823 2099 μὴ
853 2044 1106 2088 Porson.01'›
1134 2046 1188 2100 μὴ
1218 2049 1391 2091 Lobook.
1412 2050 1559 2101 Phryn.
1581 2052 1677 2101 458,

114 2106 313 2145 refutatus
343 2118 367 2144 a
398 2105 596 2144 Meinekio
625 2105 668 2144 in
697 2101 759 2146 ed.
791 2107 882 2145 mai.
913 2109 1019 2145 reete
1039 2106 1252 2156 Emperius
1282 2106 1574 2147 Mus-Rhen.1
1595 2109 1679 2148 460

114 2159 143 2213 ἢ
171 2160 226 2214 μή
258 2171 320 2200 σοι
353 2159 538 2215 νομίσῃς,
579 2165 649 2201 aut
671 2173 910 2211 persuasum
937 2163 1073 2203 habeto
1102 2174 1191 2202 eum
1219 2164 1320 2203 nihil
1354 2164 1425 2203 tibi
1452 2165 1679 2204 reliam-um

113 2230 211 2267 esse,
241 2219 460 2268 anticipata
489 2218 702 2269 negatione
733 2220 774 2258 ot
803 2231 892 2258 cum
925 2219 1046 2258 verbo
1077 2221 1240 2270 regente
1270 2221 1493 2261 coniuncta.
1551 2218 1677 2272 μηδὲν

117 2274 169 2327 Β]
200 2271 335 2326 μηθὲν
365 2276 413 2315 Α.
503 2277 542 2314 3.
574 2270 686 2313 τοῦδ’
721 2269 768 2313 οὐ
796 2274 955 2315 πώποτε
986 2275 1155 2317 Lobeok.
1202 2274 1290 2323 δαὶς
1318 2273 1344 2328 ἡ
1375 2277 1423 2316 Α.

229 2345 276 2371 ex
313 2332 471 2371 oraculo
509 2332 656 2371 comice
685 2331 777 2371 ficto
807 2333 903 2371 haee
932 2335 1118 2383 excerpta
1148 2334 1262 2382 sunt,
1301 2335 1434 2384 qualia
1464 2335 1590 2374 multa
1620 2336 1678 2375 in-

119 2389 334 2427 veniuntur
362 2389 403 2428 in
434 2388 661 2439 Equitibus.
707 2388 758 2431 cf,
790 2388 930 2428 Horat.
964 2388 1047 2429 Sat.
1082 2393 1118 2440 1,
1141 2391 1179 2440 9,
1202 2391 1252 2429 31
1271 2403 1331 2440 sq.
1383 2404 1420 2433 v.
1455 2394 1476 2430 1
1509 2392 1679 2432 fortasse

116 2446 256 2484 melius
285 2458 375 2484 cum
397 2445 516 2485 Mein.
546 2442 814 2496 χαλκότυπον,
846 2457 891 2485 ex
919 2458 1008 2486 aere
1036 2458 1188 2497 cusum,
1220 2447 1246 2486 i.
1269 2460 1303 2486 e.
1336 2447 1493 2487 firmum
1516 2452 1556 2488 et
1576 2450 1677 2487 insa-

114 2502 305 2541 tiabilem.
351 2502 401 2541 of.
434 2501 576 2552 Eupol.
603 2502 696 2541 162.

808 2568 991 2603 ΧΕῙΡΩΝ

185 2633 189 2638 ⁴
228 2638 319 2678 Non
340 2638 617 2678 confundenda
636 2651 725 2677 cum
746 2637 902 2678 Cratini
922 2639 1085 2679 maioris
1110 2637 1318 2689 Χείρωσιν.
1352 2640 1521 2682 Meinek.
1544 2640 1564 2680 I
1579 2641 1675 2680 412.

886 2737 914 2780 9

794 2818 1027 2874 πολλοστῷ
1058 2816 1102 2859 δ’
1135 2818 1221 2859 ἔτει

272 2919 274 2922 .
322 2884 371 2927 ἐκ
402 2885 495 2925 τῶν
523 2874 751 2940 πολεμίων
782 2882 926 2927 οἴκαδ’
959 2883 1102 2939 ἥκων,
1135 2885 1365 2939 ξυγγενεῖς

1338 2953 1404 2988 19⁸
