1890 3190
567 242 823 278 ΠΡΟΓΟΝΟῘ
846 260 890 268 -
916 241 1089 277 nuos).
1553 239 1608 281 95

782 342 863 386 196

214 422 267 466 Σ.
298 422 392 466 ἔστι
424 422 562 479 φύσις
590 422 755 478 θήλεια
784 422 931 478 βρέφη
962 419 1150 479 σῴζουσ’
1174 419 1264 464 ὑπὸ
1294 417 1480 472 κόλποις

211 486 370 546 αὐτῆς,
402 489 512 534 ὄντα
543 488 584 533 δ’
607 488 770 546 ἄφωνα
799 489 916 545 βοήν
943 489 1093 546 ἵστησι
1123 488 1328 546 γεγωνὸν

211 557 286 602 καὶ
316 554 392 602 διὰ
422 559 610 603 πόντιον
642 554 775 613 οἶδμα
806 557 882 600 καὶ
910 555 1102 612 ἠπείρου
1132 556 1207 601 διὰ
1238 555 1383 614 πάσης

50 669 55 672 ,
210 621 280 678 οἷς
309 627 457 670 ε’θέλει
485 629 686 683 θνητῶν,
718 633 811 676 τοῖς
841 623 883 668 δ’
906 624 1014 669 οὐδὲ
1043 628 1273 681 παροῦσιν
1302 624 1491 670 α’κούειν

45 702 47 707 ’
159 694 398 750 δῐέξεστιν,
429 693 590 750 κωφὴν
619 692 662 736 δ’
686 691 824 749 ἀκοῆς
854 696 1070 750 αἴσθησιν
1099 696 1282 750 ἔχουσιν
1322 728 1331 738 .
1379 729 1387 737 .
1435 729 1444 738 .
1493 729 1500 737 .

81 754 84 758 ”
209 765 259 806 Β.
289 760 317 818 ἦ
347 762 432 818 μὲν
462 763 597 819 φύσις
625 759 711 818 γὰρ
741 759 800 817 ἣν
830 761 975 817 λέγεις
1005 762 1130 806 ἐστὶν
1159 762 1312 817 πόλις,

209 830 357 887 βρέφη
388 828 429 874 δ’
455 831 506 875 ἐν
536 828 653 887 αὐτῇ
684 830 913 886 διατρέφει
942 827 1048 881 τούς
1078 829 1282 888 ῥήτορας.

210 891 338 941 οὗτοι
367 899 637 955 κεκραγότες
667 898 717 942 δὲ
747 895 802 941 τὰ
832 898 1072 942 διαπόντια

209 965 292 1010 τάκ
322 969 400 1023 τῆς
426 965 573 1018 Ἀσίας
602 965 677 1010 καὶ
706 964 821 1009 τάπὸ
853 963 1035 1024 Θρᾴκης
1065 967 1270 1024 λήμματα

141 1044 185 1076 10
216 1032 401 1078 ἕλκουσι
431 1036 593 1091 δεῦρο,
625 1035 886 1091 νεμομένων
916 1034 966 1078 δὲ
996 1037 1191 1092 πλησίον

210 1101 363 1146 αὐτῶν
391 1102 585 1160 κάθηται
616 1103 981 1159 λοιδορουμένων
1009 1102 1052 1146 τ’
1074 1101 1144 1147 ἀεὶ
1177 1127 1179 1131 v

211 1168 235 1214 ὁ
266 1171 406 1228 δῆμος
435 1169 573 1214 οὐδὲν
605 1169 705 1215 οὔτ’
727 1170 912 1214 ἀκούων
942 1168 1050 1214 οὔθ’
1073 1169 1207 1227 ὁρῶν.
1239 1210 1242 1212 .

210 1242 264 1283 Σ.
298 1241 392 1291 πῶς
420 1238 509 1295 γὰρ
539 1238 705 1295 γένοιτ’
727 1238 800 1295 ἅν,
832 1234 870 1282 ὦ
899 1237 1055 1295 πάτερ,
1096 1274 1104 1283 .
1153 1274 1162 1283 .
1210 1275 1218 1284 .
1267 1275 1275 1284 .

211 1307 359 1364 ῥήτωρ
390 1307 596 1364 ἄφωνος,
626 1308 687 1364 ἢν
715 1306 774 1364 μή
806 1305 901 1365 ἁλῷ
930 1308 1026 1363 τρὶς
1054 1308 1353 1364 παρανόμων;

144 1385 185 1418 15
215 1380 266 1420 Β.
300 1378 376 1420 καὶ
405 1374 498 1432 μὴν
527 1375 726 1434 ἀκριβῶς
757 1374 907 1434 ᾠόμην
939 1376 1186 1431 ἐγνωκέναι

210 1443 261 1487 τὸ
291 1443 434 1502 ῥηθέν
474 1480 483 1489 .
531 1479 539 1488 .
587 1479 596 1488 .
645 1479 653 1488 .
694 1442 809 1487 ἄλλα
841 1444 895 1500 δὴ
929 1445 1043 1500 λέγε.

215 1515 269 1556 Σ.
298 1513 461 1569 θήλεια
490 1513 573 1567 μέν
603 1513 693 1556 νύν
724 1512 818 1556 ἐστι
849 1512 987 1569 φύσις
1017 1513 1254 1570 ἐπιστολή,

209 1581 356 1637 βρέφη
387 1579 430 1623 δ’
455 1580 507 1625 ἐν
538 1578 652 1638 αὐτῇ
683 1582 917 1638 περιφέρει
946 1579 1002 1624 τὰ
1030 1582 1289 1638 γράμματα·

210 1647 376 1705 ἄφωνα
405 1647 448 1691 δ’
474 1647 584 1692 ὄντα
612 1652 754 1692 ταῦτα
784 1656 877 1700 τοῖς
906 1651 1062 1706 πόρρω
1093 1651 1224 1694 λαλεῖ

139 1726 193 1758 204
213 1710 281 1768 οἷς
308 1715 516 1800 βούλεθ’,
547 1717 697 1774 ἕτερος
727 1715 768 1760 δ’
793 1717 851 1761 ἂν
880 1718 993 1775 τύχῃ
1023 1733 1090 1769 τις
1119 1719 1314 1774 πλησίον

211 1783 349 1836 ἕστως
378 1783 793 1841 ἀναγινώσκοντος,
825 1784 910 1829 οὐκ
940 1784 1167 1829 ἀκούεται.

152 1879 382 1920 Athenaeus
406 1882 470 1931 10,
487 1881 601 1920 450e
632 1877 673 1919 ἐν
695 1882 864 1931 Σαπφοῖ
879 1876 1169 1948 (Ἀντιφάνους
1220 1876 1246 1932 ἡ
1275 1877 1350 1932 μὲν
1379 1877 1602 1936 (ποιήτρια)

20 1936 167 1987 φησίν
195 1932 252 2006 (v.
277 1936 418 1987 1—5).
478 1932 603 1976 ταῦτα
632 1951 689 1984 τις
719 1932 973 1989 ἐπιλυόμενός
1003 1948 1129 1989 φησιν
1178 1937 1314 1978 v.-6
1315 1934 1410 1992 16).
1471 1935 1605 2034 ἐπειτΙα

26 1995 148 2033 ποιεῖ
171 2007 246 2044 την
274 1989 435 2044 Σαπφώ
466 1991 730 2045 διαλυομένην
759 1992 828 2034 τὸν
831 1997 1003 2060 γρῖφον
1033 1991 1159 2041 οὕτως
1193 1990 1250 2048 (v.
1275 1995 1381 2034 17—
1335 1992 1474 2049 -21).

29 2046 226 2098 Ῐσοᾶιζουσ’
257 2051 306 2092 A.
410 2052 448 2091 2.
479 2047 605 2103 αὐτῆς
636 2054 678 2091 et
710 2052 761 2091 18
792 2045 895 2106 αὐτῇ
924 2049 1082 2120 Dindf.]
1112 2047 1259 2102 αὐτῆς,
1290 2048 1406 2107 αὐτῇ.
1508 2048 1605 2091 όντα

33 2104 223 2160 Person]
253 2121 327 2158 ητα
347 2108 396 2148 A.
476 2109 512 2148 3.
545 2104 714 2159 ἠπείρου
744 2106 811 2147 δια
831 2107 982 2162 πασης]
1014 2104 1226 2160 ἠπείρους
1256 2106 1324 2147 διὰ
1354 2107 1511 2156 πάσας
1541 2110 1603 2160 K„

25 2165 197 2216 syntaxi
216 2163 440 2215 Homerica,
471 2167 517 2204 ut
546 2166 588 2204 in
618 2177 735 2205 versu
766 2166 889 2216 epieo.
969 2166 1008 2205 4.
1041 2163 1228 2217 θνητῶν]
1250 2164 1386 2217 νήσων
1406 2167 1605 2206 invenisse

28 2221 199 2262 videtur
227 2222 269 2260 in
299 2234 369 2262 suo
399 2222 502 2262 libro
532 2221 706 2262 Basilius
726 2222 907 2262 Boisson.
927 2222 1077 2262 Aneod.
1100 2235 1160 2273 gr.
1182 2222 1244 2261 III
1265 2223 1361 2265 450.
1452 2219 1493 2261 δ’
1510 2219 1605 2262 οὐδὲ

39 2281 240 2330 παροῦσιν
267 2277 390 2318 Dobr.
419 2278 523 2318 Adv.
554 2279 596 2318 II
626 2277 728 2331 328]
761 2276 802 2318 δὲ
832 2275 928 2318 οὐδὲ
956 2283 1173 2331 παρεοῦσιν
1200 2279 1249 2318 Α.
1342 2282 1406 2319 10.
1439 2277 1602 2331 νεμομέ-

31 2331 143 2387 νων]
173 2332 537 2387 φθεγγομένων
566 2336 613 2376 K.
704 2337 770 2375 11.
801 2333 879 2376 αἰεὶ
906 2336 957 2376 A.
1047 2338 1141 2376 ante
1170 2349 1208 2376 v.
1232 2338 1283 2376 13
1314 2337 1510 2377 nonnulla
1539 2350 1605 2376 ex·

0 2389 1 2437 j
42 2390 239 2458 ciderunt,
271 2393 416 2443 quibus
439 2391 600 2443 Sappho
631 2405 711 2432 non
741 2395 848 2432 reete
878 2393 1053 2432 solutum
1074 2405 1159 2433 esse
1180 2394 1367 2445 griphum
1387 2394 1602 2433 indicabat.

0 2453 1 2456 ’
27 2442 163 2488 οὐδὲν
190 2445 313 2500 λέγεις
343 2449 458 2489 initio
488 2449 630 2489 inserit
660 2449 810 2490 Iacobs.
843 2449 981 2489 Addit.
1012 2449 1110 2489 Ath.
1143 2450 1239 2489 242.
1370 2451 1436 2490 14.
1467 2446 1521 2501 ἢν
1549 2448 1603 2502 μὴ

1 2499 127 2559 αλῷ
156 2501 258 2558 τρὶς]
287 2519 341 2556 ην
369 2501 473 2544 ἄλλω
503 2519 583 2558 τρις
612 2506 661 2545 A.
708 2519 762 2556 ην
790 2502 879 2560 ἅλῳ
907 2505 1046 2546 Cobet.
1078 2506 1129 2545 Ν.
1159 2507 1187 2546 l.
1219 2507 1257 2546 5.
1283 2509 1320 2556 6,
1351 2519 1542 2558 personae
1575 2507 1607 2544 B

2 2563 5 2612 ξ
41 2573 90 2600 ea
118 2562 244 2601 verba
282 2563 475 2603 tribuens.
535 2563 788 2603 scribendum
817 2565 878 2603 est
914 2561 1031 2630 πρὶν
1059 2577 1120 2601 αν
1148 2558 1231 2617 ἁλῷ
1260 2565 1342 2603 κτλ.
1393 2565 1443 2603 ef.
1475 2564 1603 2603 Arist.

43 2617 144 2657 Ean.
179 2618 301 2658 1380.
352 2620 536 2659 Μθιιιιιιᾶ.
569 2621 650 2659 609
681 2619 802 2659 Mein.
901 2620 966 2662 15.
997 2615 1134 2674 ᾠόμην
1164 2618 1323 2672 Dindf.]
1354 2618 1468 2688 ᾤ’μην
1496 2621 1546 2663 Α.

2 2693 6 2724 «,
30 2672 92 2714 Σ.
119 2673 274 2722 παίζεις
305 2673 420 2726 ἔχων.
453 2676 497 2715 Β.
527 2674 594 2714 καὶ
623 2673 705 2727 μὴν
733 2672 908 2729 ἀκριβῶς
938 2659 1077 2731 ᾠόμην
1101 2674 1108 2730 Ι
1136 2673 1351 2728 ἐγνωκέναι
1380 2673 1423 2714 τὸ
1427 2690 1491 2746 ρ.
1520 2672 1603 2715 αλλ’

3 2746 6 2760 1
43 2727 123 2782 ἤδη
152 2728 238 2783 λέγε
269 2731 407 2774 Cobet.
513 2734 579 2771 17.
609 2730 683 2783 μέν
711 2747 790 2772 νυν
818 2734 998 2773 Erfurdt.
1031 2733 1125 2773 obs.
1156 2733 1259 2784 466]
1292 2730 1364 2783 μὲν
1394 2726 1470 2772 ουν
1498 2733 1546 2772 A.

4 2807 5 2810 =
34 2783 152 2826 ἐστιν
180 2789 230 2830 A.
325 2790 391 2830 19.
422 2793 546 2827 ταῦτα
575 2789 664 2828 add.
697 2788 859 2830 Grotius
877 2790 1068 2840 Exeerpt.
1090 2791 1185 2829 627.
1274 2791 1340 2830 21.
1369 2785 1604 2829 ἀκούεται

3 2818 6 2916 Ξ
32 2840 116 2898 (se.
148 2842 195 2883 τὰ
225 2840 451 2900 γράμματα)
483 2842 550 2898 Κ.]
579 2840 799 2885 ἀκούσεται.

41 2931 45 2933 -
157 2901 195 2940 2.
234 2901 407 2953 Hesyeh.
445 2900 690 2954 γεγωνόν·
721 2900 764 2942 τὸ
794 2900 1050 2954 ἐξάκουστον,
1079 2900 1376 2955 μεγαλόφωνον.
1436 2904 1607 2943 contulit
