1864 3204
613 217 878 252 Θι-ιοφιΛοΤ
904 218 1106 252 ssom'mz
1561 214 1644 257 473

703 319 862 354 ΣΤΡΑΤ
868 317 950 355 ῙΩΤ
955 320 988 354 Η
993 320 1022 353 Σ

834 398 885 441 13
923 454 1119 509 φιλύρας
1149 450 1238 510 εἶχε
1268 453 1354 510 γὰρ
1384 514 1388 518 ἡ

353 522 377 566 ὁ
408 530 512 574 παῖς
541 521 751 578 ἄφυλλον
781 523 1009 578 στέφανον
1039 521 1377 579 ἀμφικείμενον.

193 617 421 658 Athenaeus
446 617 510 668 15,
523 618 635 657 6790
665 614 865 668 Ξέναρχος
897 616 1127 671 Στρατιώτῃ
1157 619 1239 656 κτλ.
1318 618 1357 656 2.
1389 613 1573 666 ἀφύλλου
1595 617 1644 657 Α.

17 683 21 687 ’
80 675 131 716 cf.
163 673 303 734 Horat.
336 673 381 715 Ο.
418 676 453 725 1,
475 675 544 723 38,
566 676 603 716 2.

775 751 950 787 ΤΠΝΟΣ

840 830 893 872 14

351 907 431 953 εἶτ’
455 909 571 952 εἰσὶν
601 908 648 951 οἱ
674 909 866 964 τέττιγες
894 906 979 952 οὐκ
1011 908 1300 966 εὐδαίμονες,

351 993 418 1021 ων
447 984 543 1028 ταῖς
568 976 778 1032 γυναιξὶν
810 974 912 1019 οὐδ’
936 974 1091 1021 ὁτιοῦν
1122 981 1278 1035 φωνῆς
1307 980 1396 1030 ἔνι;

195 1072 422 1112 Athenaeus
446 1072 511 1121 13,
529 1072 644 1111 559a
666 1068 867 1122 Ξέναρχος
898 1068 943 1110 ἐν
960 1068 1110 1126 ’Ὺπνῳ
1140 1072 1267 1123 φησίν
1296 1074 1378 1112 κτλ.
1410 1073 1644 1113 Eustathius

85 1129 208 1181 1423,
229 1130 281 1169 28
313 1124 518 1180 Ξενάρχου
549 1124 592 1167 τὸ
624 1130 720 1179 κτλ.,
752 1124 807 1175 ὦς
839 1125 990 1180 δηλαδὴ
1022 1134 1102 1168 τῶν
1131 1127 1290 1180 θηλέωι
1321 1128 1506 1181 τεττίγων
1535 1125 1646 1178 ἀφώ-

83 1199 164 1225 νων
193 1183 336 1226 ὄντων.
427 1188 463 1225 1.
495 1183 532 1225 εἰ
560 1196 664 1224 τισιν
693 1187 744 1224 A.
775 1185 933 1224 Aelian.
956 1185 1007 1225 H.
1031 1199 1094 1226 an.
1119 1189 1155 1236 1,
1172 1189 1226 1227 20
1255 1185 1322 1226 καὶ
1352 1191 1471 1226 τοῦτο
1499 1183 1574 1237 μὲν
1603 1184 1645 1225 τὸ

78 1239 322 1294 φιλόμουσον
356 1240 479 1282 ἔδωκε
517 1245 598 1290 τοῖς
637 1239 801 1295 αρρεσιν
835 1238 861 1294 ἡ
901 1240 1043 1292 φύσις·
1083 1240 1205 1293 τέττιξ
1236 1241 1281 1283 δὲ
1311 1238 1453 1295 θήλεια
1483 1239 1647 1294 ἄφωνός

79 1296 170 1339 ἐστι.
218 1300 270 1341 cf.
304 1300 437 1341 strab.
469 1301 507 1349 6,
532 1300 628 1340 260.

674 1524 1044 1576 ΘΕΟΦΙΛΟΣ

645 1619 817 1658 Meinek.
851 1619 871 1658 1
905 1619 1001 1661 434.
1042 1621 1081 1658 5.

728 1730 995 1765 ΔΠΟΔΗΜΟΙ

857 1798 877 1839 l

315 1867 395 1908 καί
419 1881 488 1908 τοι
519 1867 566 1908 τί
590 1881 706 1921 φημι
737 1865 810 1908 καὶ
841 1867 888 1908 τί
913 1865 1029 1921 δρᾶν
1057 1865 1356 1922 βουλεύομαι;

312 1933 511 1988 προδοὺς
541 1931 721 1977 ἀπιέναι
751 1932 830 1976 τὸν
861 1931 1091 1989 ἀγαπητὸν
1122 1934 1361 1991 δεσπότην,

311 1999 390 2044 τὸν
419 2000 612 2057 τροφέα,
643 2000 722 2044 τὸν
753 2004 956 2058 σωτῆρα,
989 1997 1046 2045 δι’
1072 1998 1125 2044 ὃν
1156 1999 1280 2045 εἶδον
1311 2002 1481 2058 νόμους

299 2069 542 2125 ”Ελληνας,
575 2071 748 2125 ἔμαθον
777 2069 1018 2126 γράμματ’,
1053 2069 1260 2127 ἐμυήθην
1290 2074 1436 2122 θεοῖς;

190 2163 359 2203 Bekker.
390 2163 540 2204 Aneod.
574 2165 675 2213 724,
700 2165 752 2204 26
783 2160 805 2203 ὁ
834 2163 934 2216 γοῦν
963 2178 1069 2217 παρα
1100 2169 1153 2219 τῷ
1187 2164 1366 2219 Θεοφίλῳ
1397 2170 1450 2219 τῷ
1481 2171 1642 2231 κωμικῶ

77 2217 270 2271 θεράπων
300 2217 345 2259 ἐν
377 2223 458 2267 τοῖς
484 2217 720 2272 Ἀποδήμοις
751 2218 852 2273 λέγει
882 2223 963 2260 κτλ.
1046 2224 1082 2261 1.
1114 2220 1355 2273 βουλεύομαι
1385 2220 1515 2275 Basta]
1546 2206 1644 2273 βου-

83 2277 211 2329 λομαι.
259 2275 405 2328 δρᾶσαι
434 2275 626 2328 βούλομαι
658 2278 779 2317 Mein.
869 2280 904 2318 3.
938 2275 1094 2330 τροφέᾶ.
1145 2279 1194 2317 cf.
1226 2279 1390 2318 Philem.
1420 2280 1487 2319 80.
1538 2274 1647 2318 εἶδον

81 2335 252 2384 cognovi,
282 2336 328 2372 ut
357 2346 489 2385 saepe.
531 2335 580 2374 cf.
615 2334 808 2374 Fritzsch.
841 2334 964 2374 Arist.
997 2335 1096 2374 Rau.
1121 2335 1203 2374 714
1234 2349 1271 2386 p.
1295 2337 1391 2375 270.
1481 2338 1521 2374 4.
1555 2334 1645 2386 ἐμυ-

78 2388 205 2442 viem.
238 2390 413 2430 Lobeck.
443 2391 639 2442 Aglaoph.
677 2393 739 2431 16.
791 2392 989 2430 Meinekio
1020 2391 1190 2430 libertus
1220 2392 1331 2442 loqui
1362 2392 1543 2443 videtur,
1575 2393 1644 2443 qui

82 2450 215 2486 tamen
247 2447 287 2486 in
318 2446 435 2487 domo
465 2450 507 2487 et
536 2447 721 2487 clientela
751 2448 900 2487 domini
931 2448 1179 2487 remanserit.

760 2570 965 2605 13012'1'12

194 2639 258 2679 Cf.
287 2652 388 2690 quae
418 2640 467 2678 ad
498 2639 738 2690 Antiphanis
771 2639 964 2679 Βοιωτίδα
994 2640 1286 2680 adnotavimus.

851 2728 879 2770 2

353 2804 681 2861 τετρακότυλον
711 2806 761 2849 δὲ
793 2808 958 2849 κύλικα
989 2809 1214 2861 κεραμεᾶν
1244 2822 1344 2849 τινα

354 2874 446 2916 τῶν
478 2875 774 2930 Θηρικλείων,
806 2876 899 2925 πῶς
929 2876 1099 2925 densim
1132 2874 1372 2930 κεραννύει
