1806 3216
188 205 271 247 518
811 202 1112 237 ΦιΛΗΜοΝοΣ

192 309 394 348 Clemente
425 310 526 345 teste
557 308 604 345 de
633 307 876 354 famularum
905 306 1065 345 licentia
1094 306 1228 356 loqui3
1268 306 1434 345 verbum
1463 303 1624 356 βλέπειν
1653 319 1744 348 eon-

190 366 300 413 iungi
330 377 407 402 non
438 376 551 412 posse
583 375 669 400 cum
708 362 925 411 infinitivo3
964 375 1080 402 voces
1118 359 1287 400 κατόπιν
1318 359 1431 416 (post
1469 359 1676 418 ἐξόπισθε)
1706 366 1747 404 et

191 418 232 457 ἐκ
263 425 333 457 τοῦ
364 420 609 457 Πλαταιικοῦ
640 421 846 468 corruptas
877 431 975 458 esse.
1032 419 1168 469 itaque
1206 420 1376 458 fortasse
1406 420 1657 459 scribendum
1687 423 1748 460 est

188 474 315 524 μόνην
344 474 601 525 θεράπαιναν
637 471 755 512 καθ’
790 472 908 514 ὁδὸν
937 470 1081 528 (Arist.
1111 475 1268 514 Thesm
1302 473 1430 529 1173)
1459 471 1750 516 ἀκόλουθον

187 533 313 581 καλὴν
346 532 351 579 Ι
387 530 428 569 ἐκ
473 537 544 569 τοῦ
590 530 759 582 πλαγίου
803 546 884 570 των
920 530 1375 583 παρακολουθούντων
1412 531 1510 572 τινὶ
1544 531 1550 586 Ι
1585 538 1749 586 κρυφῇ

190 584 627 639 γκατιλλώπτουσαν.
952 641 1007 683 25
1079 637 1081 639 ¹

397 708 549 763 Σύρα,
583 705 725 762 Σύρα.
775 712 826 750 Β.
859 710 906 751 τί
933 709 1047 760 ἐστι;
1101 713 1153 751 Α.
1186 712 1279 760 πῶς
1307 707 1413 766 ἡμῖν
1443 712 1576 766 ἔχεις;

397 780 447 821 Β.
478 775 689 832 μηδέποτ’
715 776 860 831 ἐρώτα
891 775 1031 831 τοῦτ’,
1066 777 1180 820 ἐπὰν
1209 777 1384 832 γέροντ’
1407 779 1505 834 ἴδῃς

395 841 425 899 ἦ
453 847 603 899 γραῦν
632 842 743 887 τιν’·
775 848 873 886 ἴσθι
904 843 947 886 δ’
970 843 1111 895 εὐθὺς
1141 844 1209 888 ὅτι
1239 849 1388 896 κακῶς
1417 847 1515 901 ἔχει.

308 927 503 966 Stobaeus
535 927 856 977 Floril.116,17
886 925 1111 978 Φιλήμονος
1132 930 1180 967 A.
1221 929 1419 968 Antonius
1450 930 1545 969 Mel.
1567 930 1662 982 240,
1678 931 1744 969 48.

195 985 232 1025 2.
263 983 356 1034 μηδ.
380 1007 435 1012 -
460 980 567 1022 τοῦτ’
601 996 678 1023 om.
711 984 843 1024 Trinc.
875 1007 930 1012 -—
961 986 1009 1025 of.
1044 986 1136 1023 128.

925 1094 1005 1136 126

391 1163 478 1214 μῦς
510 1161 691 1215 λευκός,
725 1160 834 1203 ὅταν
864 1159 1005 1216 αὐτήν
1035 1178 1100 1211 τις
1130 1157 1253 1219 (ἀλλ’
1275 1160 1543 1226 αἰσχύνομαι

398 1228 581 1285 λέγειν),
613 1229 802 1283 κέκραγε
832 1231 1100 1284 τηλικοῦτον
1132 1228 1272 1281 εὐθὺς
1300 1230 1327 1285 ἡ

394 1295 662 1351 κατάρατος,
695 1295 802 1339 ὥστ’
826 1296 910 1340 οὐκ
941 1299 1035 1340 ἔστι
1065 1298 1280 1349 πολλάκις
1309 1301 1482 1341 λαθεῖν.

305 1379 498 1418 Aelianus
520 1380 612 1418 Nat.
633 1380 752 1418 anim.
778 1381 842 1430 12,
865 1381 915 1418 10
936 1377 990 1418 ἔτι
1018 1382 1169 1431 μᾶλλον
1198 1377 1269 1419 τὸν
1298 1384 1435 1432 θῆλυν
1465 1379 1587 1437 (μῦν)
1618 1381 1750 1436 ἔλεγον

190 1449 246 1481 εις
268 1450 313 1472 τα
334 1431 550 1486 ἀφροδίσια
573 1429 673 1475 εἶναι
694 1432 972 1486 λυπητικόν..
993 1434 1201 1488 ,Φιλήμων
1221 1440 1300 1476 κτλ.
1341 1439 1391 1477 cf.
1413 1439 1595 1489 Apostol.
1619 1439 1656 1490 9,
1679 1442 1746 1480 28.

197 1494 232 1532 1.
262 1489 360 1530 ὅταν
391 1506 447 1538 τις
478 1487 605 1543 αὐτὴν
627 1494 765 1542 Apost
832 1494 870 1531 3
901 1492 1119 1558 κατάρατος
1150 1494 1304 1545 Bentl]
1337 1494 1554 1547 κατάρατος
1583 1508 1749 1550 μαστρο-

194 1546 297 1598 πός,
337 1562 438 1598 quae
477 1562 551 1587 vox
591 1550 715 1588 inlata
751 1551 812 1588 est
850 1563 896 1588 ex
932 1552 1112 1600 proximo
1152 1553 1256 1601 apud
1288 1553 1497 1592 Aelianum
1528 1553 1749 1605 fragmento

195 1603 389 1654 (Epicrat.
421 1604 478 1654 9).
530 1606 694 1644 Photius
731 1610 808 1656 μῦς
845 1605 1002 1653 λευκός·
1049 1607 1090 1646 οἵ
1119 1607 1351 1647 κατοικίδιοι
1386 1604 1480 1660 μύες
1515 1606 1624 1661 οἵγαν
1651 1608 1749 1663 πρὸς

193 1659 266 1711 τὴν
296 1657 428 1711 ὀχείαν
457 1661 697 1710 κεκίνηνται,
727 1661 894 1712 μάλιστα
925 1663 967 1702 οι
991 1663 1140 1702 λευκοί·
1173 1658 1284 1703 οὗτοι
1314 1662 1358 1703 δέ
1387 1665 1461 1705 εἰσι
1490 1664 1641 1717 θήλεις.
1683 1665 1746 1706 ἐπὶ

194 1722 272 1755 τῶν
301 1713 490 1786 ακρατῶν
518 1717 608 1768 περὶ
639 1733 684 1756 τα
714 1715 927 1767 ἀφροδίσια
958 1715 982 1769 ἡ
1015 1721 1203 1773 παροιμία
1233 1720 1398 1773 είρηται.
1437 1723 1486 1762 cf.
1510 1723 1661 1764 Cratin.
1677 1725 1746 1763 53.

190 1797 245 1801 -
280 1777 314 1813 1.
347 1771 448 1812 ὅταν
478 1788 530 1814 sc.
566 1775 756 1829 (σποδῇζ
787 1777 917 1815 Bentl.

304 1832 513 1871 referenda
542 1833 637 1871 haec
670 1833 808 1884 ecloga
838 1835 900 1872 est
930 1834 978 1872 ad
1011 1820 1215 1886 Ποῖροινον
1244 1831 1358 1889 (62),
1397 1836 1475 1875 nisi
1506 1837 1610 1877 forte
1639 1838 1746 1878 idem

192 1889 442 1937 proverbium
474 1890 515 1928 in
545 1890 699 1928 duabus
730 1890 875 1929 fabulis
906 1893 1243 1932 commemoravit.

937 2001 1014 2042 127

425 2066 505 2109 ἐὰν
533 2067 679 2121 γέρων
708 2067 888 2123 γένηται
919 2070 1136 2119 πλούσιος
1164 2070 1327 2124 γεγώς,

423 2134 566 2178 καλὸν
594 2134 644 2178 τὸ
675 2136 816 2190 γῆράς
847 2137 970 2179 ἐστιν
1002 2136 1075 2179 ἐπὶ
1105 2136 1248 2194 τούτῳ
1277 2134 1433 2193 μόνον,

429 2205 517 2258 ἔχει
546 2201 633 2258 γὰρ
665 2202 941 2259 χειραγωγὸν
971 2203 1052 2246 τὸν
1083 2206 1281 2247 πλοῦτον
1312 2203 1335 2247 ὁ
1364 2208 1522 2263 γέρων.

290 2285 487 2354 Compar.
519 2287 623 2325 Men.
656 2288 696 2325 et
725 2286 828 2324 Phil.
859 2300 896 2336 p.
920 2288 1016 2326 358.
1106 2290 1144 2326 3.
1175 2287 1344 2326 πλοῦτον
1372 2287 1448 2341 γὰρ
1477 2283 1592 2337 ουτος
1622 2304 1747 2342 χειρα-

192 2337 519 2392 γωγήσο1τ’ἐ’χει
549 2343 810 2384 Bent1.v.1
845 2343 950 2382 delet
979 2346 1019 2382 et
1039 2358 1075 2384 v.
1098 2345 1122 2382 3
1154 2342 1224 2383 τὸν
1252 2347 1424 2384 πλοῦτον
1453 2343 1505 2397 ἤν
1535 2360 1591 2393 τις
1621 2360 1748 2398 χειρα-

192 2394 412 2449 γωγήσοντ’
445 2396 512 2452 ἔχῃ
543 2400 681 2438 scribit
712 2399 913 2439 Dobraeus
933 2399 1370 2444 Adv.11291.v.1
1396 2405 1437 2442 et
1466 2404 1491 2441 2
1522 2405 1749 2454 transponit

192 2455 427 2495 Meinekius.
477 2468 551 2506 ego
579 2453 714 2506 ἐπέχω,
744 2457 822 2495 nisi
848 2457 954 2506 quod
974 2471 1010 2498 v.
1037 2459 1072 2508 1,
1104 2458 1136 2496 si
1158 2458 1401 2498 Philemonis
1421 2461 1496 2508 est,
1526 2461 1654 2500 scribo
1675 2457 1748 2499 ἐὰν

191 2508 272 2562 γέν.
295 2514 358 2551 πλ.
379 2525 459 2564 γεγ.
481 2508 618 2564 γέρων.
650 2513 698 2551 cf.
720 2514 814 2563 213,
831 2514 868 2552 4.
936 2566 1015 2609 128

424 2648 458 2674 ω
490 2633 640 2688 γέρον,
674 2631 790 2675 ἐπαν
821 2634 919 2689 ἴδῃς
947 2635 1137 2690 γέροντα
1167 2635 1241 2677 καὶ
1271 2635 1429 2691 μόνον,

425 2700 567 2756 μηδὲν
598 2701 818 2753 ἐπερῶτα·
849 2703 997 2744 πάντα
1025 2700 1113 2756 γοὶρ
1145 2705 1292 2753 κακῶς
1322 2705 1423 2758 ἔχει.

425 2768 566 2811 καλὸν
596 2766 646 2811 τὸ
675 2768 896 2825 θνῄσκειν
928 2771 1050 2812 ἔστιν
1081 2769 1154 2813 ἐπὶ
1185 2769 1328 2828 τούτῳ
1359 2771 1518 2825 λέγειν.

309 2849 494 2900 Compar.
527 2852 630 2891 Men.
662 2854 702 2891 et
731 2852 831 2894 Phil.
861 2866 898 2902 p.
921 2853 1016 2892 358.
1067 2853 1117 2892 cf.
1155 2853 1254 2904 125,
1285 2853 1355 2892 ubi
1384 2854 1490 2903 quod
1519 2856 1656 2905 aptum
1686 2857 1748 2895 est
