1890 3190
458 217 491 249 M
499 215 824 250 ΗΤΡΑῙὛΡΤΗΣ
849 234 891 240 -
916 215 1285 252 ΜιΣοΠοΝΗΡοΣ
1595 217 1650 259 75

786 318 945 353 mmm<

200 398 350 440 Μίδων
378 396 406 451 ἢ
438 395 681 451 ἱπποτρόφος
712 400 856 440 titulus
887 403 948 440 est
969 390 1117 452 dialogi
1138 402 1298 442 Platoni
1320 402 1509 452 adscripti
1531 401 1646 452 Diog.

82 457 202 510 Ιιμθ,
223 458 293 499 62.
340 458 478 497 eodem
510 456 671 496 nomine
700 457 876 496 fabulam
909 458 1043 498 docuit
1072 459 1224 499 Alexis.
1276 459 1446 498 Meinek.
1476 459 1497 498 I
1525 459 1621 497 401.

358 610 685 669 ἀργυροθήκην
827 555 904 598 157
1633 615 1653 638 ⁶

194 691 436 746 Ἀντιφάνης
466 692 512 734 ἐν
542 693 707 734 Μίδωνι
739 693 910 747 εἴρηκεν.
962 695 1104 735 Pollux
1138 698 1202 746 10,
1225 698 1318 736 152.

785 818 945 852 ΜΙΝΩΣ

196 901 335 942 Cretae
375 914 442 940 rex
481 900 696 952 significari
737 901 904 940 videtur.
971 901 1049 941 fuit
1094 901 1262 942 fortasse
1308 903 1428 942 otiam
1464 902 1646 943 Alexidis

75 959 230 1038 ,Minoa
823 1011 919 1054 158⁷

355 1089 605 1146 τρώγοντες
634 1090 825 1146 μολόχης
854 1090 980 1145 ῥίζαν

197 1186 428 1225 Athenaeus
460 1187 497 1235 2,
516 1185 604 1224 58d
634 1183 855 1236 μαλάχαι..
874 1182 940 1225 ,ἕν
967 1187 1126 1232 πολλοῖς
1155 1182 1415 1238 ἀντιγράφοις
1438 1181 1556 1239 εὗρον
1579 1193 1650 1227 τοῦ

62 1271 64 1275 ,
77 1237 343 1291 Ἀντιφάνους
374 1241 542 1289 Μίνωος
572 1240 640 1280 διὰ
673 1247 746 1281 τοῦ
774 1256 795 1281 ο
824 1241 1104 1294 γεγραμμένον.
1156 1244 1205 1283 cf.
1238 1244 1425 1283 Eustath.
1451 1246 1571 1293 1406,
1595 1247 1646 1284 57

83 1294 358 1353 (τρώγοντας).
424 1299 611 1350 dactylici
657 1300 719 1339 vel
764 1300 870 1350 quod
909 1300 1157 1350 probabilius
1202 1301 1362 1340 videtur
1404 1303 1648 1352 anapaestici

55 1375 58 1378 ·
82 1369 222 1397 versus
250 1356 446 1408 particula
476 1352 578 1409 (καὶ
607 1370 664 1408 τρ.
695 1353 811 1409 κτλ.).
1089 1376 1091 1380 ·

677 1479 1047 1514 ΜΙΣΟΠΟΝΗΡΟΣ

825 1558 905 1601 159

287 1633 366 1680 εἶτ’
389 1636 446 1679 οὐ
476 1635 612 1691 σοφοὶ
643 1635 743 1692 δῆτ’
767 1637 883 1680 εἰσὶν
913 1637 960 1680 οἱ
989 1638 1174 1681 Σκύθαι
1205 1639 1407 1694 σφόὸρα,

288 1706 336 1747 οἳ
361 1705 676 1760 γενομένοισιν
707 1703 879 1755 εὐθέως
907 1713 1001 1756 τοῖς
1030 1707 1227 1758 παιδίοις

287 1773 496 1816 διδόασιν
525 1773 678 1816 ἵππων
709 1774 784 1816 καὶ
812 1775 936 1828 βοῶν
966 1776 1117 1816 πίνειν
1147 1776 1287 1830 γάλας

286 1839 371 1883 κού
400 1838 461 1895 μὰ
492 1843 584 1883 Δία
613 1843 769 1891 τίτθας
779 1840 1033 1923 Πείσάγουσι
1061 1843 1345 1898 βασκάνους,

235 1918 256 1950 5
288 1909 363 1951 καὶ
393 1907 708 1964 παιδαγωγους
737 1900 895 1965 αὖθις,
926 1924 993 1951 ων
1021 1912 1172 1965 μεῖζον
1203 1909 1367 1969 (κακὸν

290 1972 374 2019 οὐκ
404 1978 528 2020 ἔστιν
558 1975 708 2033 οὐδέν,
729 1976 867 2040 μετά)
898 1993 949 2033 γε
978 1994 1113 2035 μαιας
1141 1977 1197 2035 νὴ
1228 1981 1342 2022 Δία·

286 2038 420 2088 αὗται
449 2042 490 2087 δ’
514 2035 874 2101 ὑπερβάλλουσι,
905 2046 1016 2102 μετά
1044 2062 1096 2102 γε
1126 2045 1182 2103 νὴ
1213 2050 1306 2091 Διά

287 2111 392 2163 τοὺς
420 2113 850 2198 μητραγυρτοῦντάς
877 2130 948 2169 γε·
980 2115 1099 2159 πολὺ
1126 2114 1213 2172 γὰρ
1244 2107 1304 2158 αὖ
1332 2116 1464 2171 γένος

288 2180 576 2236 μιαρώτατον
604 2180 730 2225 τοῦτ’
752 2184 891 2237 ἐστιν,
924 2183 965 2225 εἰ
992 2181 1050 2238 μὴ
1084 2181 1140 2239 νὴ
1171 2186 1261 2227 Δία

214 2258 256 2290 10
285 2246 391 2299 τοὺς
421 2249 708 2304 ἰχθυοπώλας
735 2251 953 2305 βούλεταί
979 2266 1046 2302 τις
1076 2251 1240 2306 λέγειν,

467 2351 476 2360 .
542 2318 653 2374 μετά
683 2333 735 2373 γε
764 2315 869 2368 τούς
897 2321 1178 2374 τραπεζίτας·
1212 2321 1348 2370 ἔθνος

288 2384 453 2428 τούτου
482 2383 569 2440 γὰρ
599 2383 736 2429 οὐδέν
767 2386 893 2430 ἐστιν
923 2386 1238 2443 ἐξωλέστερον.

198 2479 425 2519 Athenaeus
456 2482 493 2530 6,
517 2481 636 2520 226d
667 2477 871 2531 ἐμφανίζει
900 2477 941 2519 δ’
965 2477 1101 2520 αυτῶν
1131 2478 1231 2535 (τῶν
1260 2481 1548 2550 ἰχθυοπωλῶν)
1580 2483 1647 2523 καὶ

83 2533 128 2575 τὸ
163 2533 318 2585 σκαιόν,
363 2533 420 2574 ἔτι
456 2534 501 2576 δὲ
537 2533 829 2588 μισάνθρωπον
863 2533 1106 2589 Ἀντιφάνης
1148 2536 1192 2578 ἐν
1231 2537 1507 2602 Μισοπονήρῳ
1546 2538 1646 2592 πρὸς

83 2589 176 2638 τοὺς
206 2590 250 2631 ἐν
279 2591 331 2646 τῷ
360 2591 434 2647 βίῳ
463 2592 673 2639 κακίστους
702 2591 776 2645 τὴν
805 2592 1012 2646 σύγκρισιν
1040 2590 1176 2635 αὐτων
1204 2590 1439 2645 ποιούμενος
1471 2595 1538 2635 δια
1560 2594 1645 2636 τού·

85 2662 163 2688 των
193 2650 276 2688 κτλ.
366 2651 404 2689 3.
436 2648 619 2690 διδόασιν
650 2650 811 2691 Grotius
840 2652 1028 2703 Excerpt.
1053 2649 1155 2706 615]
1187 2652 1441 2692 διαδιδόασιν
1471 2655 1518 2695 A.
1604 2655 1644 2694 4.

83 2701 157 2745 κού
191 2705 345 2745 Hanov.
363 2706 601 2746 Exer0.cr1t
622 2705 720 2760 149]
750 2703 837 2759 οὐχὶ
866 2708 916 2748 Α.
1005 2709 1044 2748 5.
1069 2711 1093 2749 6
1124 2711 1307 2749 lacunam
1338 2711 1512 2760 explevit
1542 2711 1643 2750 Gro-

85 2763 178 2802 tius.
229 2775 465 2812 quamquam
498 2764 625 2803 multa
654 2776 777 2815 eaque
806 2765 1077 2816 probabiliora
1106 2769 1275 2817 possunt
1304 2767 1536 2818 excogitari.
1595 2769 1644 2807 cf.

85 2818 223 2859 Cobet.
256 2819 366 2858 N.1.
400 2820 492 2859 130.
623 2821 661 2860 8.
705 2821 1080 2873 μητραγυρτοῦντάς
1125 2820 1371 2875 Schweigh.]
1414 2828 1642 2876 μητραρπα-

86 2888 236 2923 τωντας
265 2874 512 2927 γυργοῦντάς
543 2877 591 2927 A,
623 2877 671 2917 do
700 2890 778 2928 quo
808 2879 1123 2929 corruptelarum
1152 2891 1297 2930 genere
1326 2881 1426 2920 bene
1457 2881 1646 2922 disseruit
