1806 3216
483 150 699 187 ΔῙΦῙΔΟΤ
721 151 908 189 mou
934 164 936 166 ·
955 151 1181 188 ΔΘΕΔΦΟῘ
1530 150 1614 197 541

656 310 999 364 ΔΙΦΙΛΟΣ

160 413 375 455 Meinek.1
395 415 478 456 446
495 428 555 467 eq.
595 415 803 467 Diphilum
824 418 919 457 ante
938 416 1203 456 Menandrum
1233 417 1349 468 posui
1369 429 1450 457 uon
1480 418 1611 465 solum

42 471 91 510 ut
108 471 272 511 secundi
302 472 492 524 tertiique
513 472 728 512 voluminis
747 473 946 513 ambitum
967 486 1239 539 exaequatam,
1272 474 1342 514 sed
1363 475 1484 514 etiam
1507 475 1613 525 quod

45 524 255 578 Diphileae
299 529 431 580 poesis
474 529 628 570 indoles
673 530 723 570 ad
767 530 1071 570 similitudinem
1110 532 1238 582 magis
1276 532 1453 596 priorum
1493 545 1612 583 quam

10 603 14 608 ·
46 580 313 635 posteriorum
343 598 470 627 novae
499 586 727 628 comoediae
756 590 965 638 poetarum
996 588 1159 628 accedit.

733 710 916 745 APNOIA

159 778 220 821 Cf.
251 779 425 820 Meinek.
456 779 476 819 I
504 780 601 820 449.
633 781 701 820 50.

812 870 834 911 1

673 948 723 990 τί
745 950 904 1000 τοῦτο;
950 946 1154 998 ποδαπὸς
1183 941 1336 1001 οὗτος;

176 1016 226 1058 Β.
258 1014 535 1070 χελιδόνειος
564 1013 588 1058 ὁ
618 1014 874 1072 δασύπους,
904 1018 1092 1073 γλυκεῖα
1123 1014 1168 1060 δ’
1187 1014 1215 1074 ἡ
1246 1020 1485 1075 μίμαρκυς.

152 1108 383 1150 Athenaeus
415 1111 462 1159 9,
483 1111 599 1151 4018.
638 1112 851 1150 καλοῦνται
888 1108 933 1150 δέ
971 1125 1074 1159 τινες
1111 1110 1178 1152 καὶ
1207 1112 1422 1164 χελιδονίαι
1451 1112 1607 1166 λαγωοί.

38 1164 281 1228 μνημονεύει
311 1165 482 1217 Δίφιλος
519 1163 549 1233 ᾗ
578 1166 809 1219 Καλλιάδης
848 1165 893 1207 ἓν
917 1162 1077 1234 Ἀγνοία
1115 1167 1242 1218 οὕτως
1272 1172 1354 1210 κτλ
1443 1172 1483 1209 2.
1514 1173 1610 1221 χελι-

39 1216 194 1270 δόνειος
226 1221 367 1276 Mein]
397 1220 630 1275 χελιδόνιος.
718 1227 882 1278 γλυκεῖα
912 1218 952 1264 δ’
974 1222 999 1277 ἡ
1020 1241 1061 1277 μ.
1083 1225 1228 1294 Mein]
1259 1229 1428 1279 γλαυκια
1459 1222 1499 1265 δ’
1523 1242 1610 1279 ημι-

37 1292 194 1332 μαρκυς
222 1280 273 1319 A.
323 1278 505 1328 ποδαπὸς
534 1277 692 1332 οὗτοσί;
718 1282 724 1333 Ι
753 1283 798 1322 Β.
829 1281 1049 1333 χελιδονίας
1077 1279 1143 1323 ὁδὶ
1171 1281 1393 1334 δασύπους,
1425 1277 1459 1322 ὦ
1480 1285 1608 1323 Γλαυ·

38 1335 126 1375 κία·
154 1332 256 1388 Ιήδὶ
297 1336 497 1389 μίμαρκυς
542 1338 666 1378 Dobr.
698 1340 822 1379 Arist.
856 1339 964 1379 Plut.
997 1342 1091 1382 361.
1140 1342 1258 1381 scrib.
1292 1341 1337 1381 Β.
1369 1338 1608 1392 χελιδόνειος

38 1386 60 1431 ὁ
80 1391 305 1441 δασύπους.
338 1396 388 1432 Α.
418 1393 584 1447 γλυκεῖά
613 1391 654 1447 γ’
677 1392 702 1446 ἡ
724 1395 938 1448 μίμαρκυς.
989 1398 1142 1438 scilieet
1170 1398 1382 1437 admodum
1413 1398 1608 1438 delicatus

39 1450 263 1491 habebatur
291 1451 405 1502 lepus
434 1452 696 1503 chelidonius,
726 1466 799 1493 nec
827 1454 960 1493 minus
991 1467 1016 1503 η
1044 1453 1246 1507 μίμαρκυς
1267 1468 1313 1494 ex
1335 1467 1382 1495 eo
1403 1455 1605 1506 adparata.

41 1507 286 1547 chelidonius
324 1509 440 1559 lepus
478 1511 675 1559 superiore
711 1514 829 1560 parte
860 1512 996 1560 pulla,
1035 1516 1166 1552 ventre
1202 1513 1290 1552 albo
1328 1512 1455 1552 Varro
1494 1514 1540 1554 R.
1572 1526 1604 1552 r.

49 1564 642 1617 3‚12.Eustath.1925,43
673 1565 886 1636 χελιδονίαι
917 1567 1108 1620 λαγωοί..
1127 1568 1188 1608 ,οἱ
1210 1566 1298 1607 ἄνω
1326 1565 1399 1620 μὲν
1428 1566 1608 1620 μέλανες,

38 1618 85 1660 τὰ
115 1617 162 1660 δὲ
190 1619 298 1660 κάτω
328 1597 566 1692 ὑπόλευκοιέ
590 1618 729 1662 ὁποιαι
758 1622 824 1663 καὶ
853 1624 900 1663 αἱ
925 1623 1135 1675 χελιδόνες.
1161 1647 1210 1654 —-
1235 1626 1359 1666 Arist.
1377 1626 1476 1666 Ach.
1496 1627 1608 1665 1110

36 1672 126 1717 ἀλλ’
147 1671 175 1729 ἦ
205 1691 281 1731 προ
317 1677 484 1718 δείπνου
513 1677 588 1732 τὴν
616 1678 819 1733 μίμαρκυν
847 1681 1074 1733 κατέδομαι.
1117 1683 1303 1722 Pherecr.
1337 1683 1432 1722 221.

804 1792 833 1834 2

852 1871 1049 1925 ἅψαντες
1079 1873 1248 1929 λύχνον

321 1940 534 1994 λυχνεῖον
563 1939 817 1996 ἐζητοῦμεν.

151 2021 385 2061 Athenaeus
417 2023 482 2072 15,
505 2023 622 2063 70οᾶ
655 2021 820 2073 Δίφιλος
850 2020 895 2063 ἐν
920 2019 1082 2078 Ἀγνοίᾳ
1111 2027 1193 2064 κτλ.
1245 2025 1294 2064 cf.
1329 2025 1509 2065 Pherecr.
1534 2027 1603 2065 85.

154 2078 366 2118 Praeterea
393 2079 443 2119 cf.
469 2081 563 2119 137.

710 2181 933 2216 ΑΔΕΛΦΟῙ

808 2260 835 2302 3

873 2330 910 2381 ὦ
938 2339 1218 2395 τοιχωρύχον

243 2405 392 2448 ἐκεῖνο
423 2403 497 2447 καὶ
527 2407 620 2448 τῶν
650 2405 918 2461 δυναμένων
948 2405 1168 2461 λαγύνιον

245 2474 348 2527 ἕχον
377 2473 577 2528 βαδίζειν
606 2474 669 2523 εἰς
698 2471 752 2515 τά
784 2472 980 2530 γεύμαθ’
1003 2471 1092 2517 ὑπὸ
1121 2476 1289 2531 μάλης,

243 2540 318 2582 καὶ
348 2543 482 2583 τοῦτο
512 2543 695 2594 πωλεῖν,
724 2541 854 2598 μέχρι
882 2539 942 2585 ἄν
971 2541 1124 2599 ὥσπερ
1153 2542 1204 2586 ἐν
1235 2542 1382 2601 ἐράνῳ

193 2617 214 2649 5
245 2601 310 2657 εἷς
339 2606 496 2659 λοιπὸς
525 2602 555 2664 ᾖ
586 2608 784 2665 κάπηλος
811 2606 1082 2667 ἠδικημένος

242 2672 322 2718 ὑπ’
345 2675 615 2719 οἰνοπώλου.

152 2759 382 2798 Athenaeus
423 2760 495 2809 11,
525 2759 609 2799 499
627 2759 683 2799 de
737 2756 951 2811 οὐδετέρως
988 2758 1052 2812 (τὸ
1096 2757 1304 2815 λαγύνιον)
1344 2761 1511 2812 Δίφιλος
1556 2761 1601 2804 ἐν

32 2809 245 2865 Ἀδελφοῖς
266 2813 425 2867 εἴρηκεν
444 2816 527 2855 κτλ.
558 2816 700 2856 Pollux
725 2818 789 2868 10,
801 2818 853 2858 72
885 2815 927 2856 τὸ
958 2814 1003 2856 δὲ
1032 2816 1227 2870 λαγύνιον
1255 2816 1446 2873 (Δίφιλος
1475 2817 1596 2874 λέγει)
