1864 3204
478 206 739 241 ΧΡΤΣΙΛΛΑ
766 224 807 231 -
834 206 1040 240 ΑΔΗΛῼΝ
1066 205 1333 240 ΔΡΑΜΑΤῼΝ
1592 202 1675 246 207

110 308 357 362 Φιλοκράτης
389 309 442 365 L]
479 309 546 350 καὶ
576 308 813 362 φιλοκτήτης
843 310 978 351 BCD.
1085 312 1124 349 4.
1163 312 1312 361 μᾶλλον
1349 306 1392 348 δὲ
1428 312 1531 362 τρεῖς
1561 282 1675 361 μεγά-

108 369 204 416 λους
248 367 428 408 Bothius.
492 369 612 419 cogit.
662 366 857 418 μεγάλους
902 364 1107 419 ἱέρακας
1149 366 1442 436 συμποσίων
1485 367 1551 406 vel
1595 367 1674 404 tale

108 425 217 476 quid.
306 426 344 464 5.
371 438 463 464 ποτε
493 421 683 475 κληθέντ’
708 422 951 492 Schweigh]
981 437 1050 462 ποι
1079 419 1267 474 κληθέντ’
1301 423 1389 464 Bc.
1468 421 1586 475 πρὸς]
1620 419 1676 470 ὠς

106 480 196 522 ΒΟ.
299 480 422 531 φίλου
459 478 569 528 τινὸς
606 481 658 533 B]
699 481 819 531 φίλου
850 475 973 519 αὐτοῦ
1006 494 1110 527 τινος
1142 479 1184 520 C.
1235 479 1410 530 φίλου.
1458 478 1593 527 ,τινὸς
1624 480 1674 519 D.

107 551 156 577 ον
183 549 282 587 φασι
311 534 608 590 παρακληθέντ’
632 536 708 588 (sic
735 539 815 577 iam
834 534 932 604 VL)
960 533 1022 575 ἐπι
1052 536 1219 575 δεῖπνον
1247 533 1347 588 πρός
1379 550 1483 584 τινος
1510 536 1517 589 Ι
1544 534 1673 576 εἰπόν·

107 607 171 642 τος
208 590 319 649 αὐτῷ
348 600 428 634 τῶν
457 594 585 644 φίλων
621 595 786 634 Por.son
837 607 886 632 ον
915 593 1020 644 φασί
1053 607 1146 632 ποτε
1185 590 1376 658 κληθέντ’
1409 591 1472 632 ἐπὶ
1508 593 1677 633 δεῖπνον

106 648 205 704 πρὸς
245 651 364 700 φίλου
391 650 397 704 Ι
424 648 603 698 εἰπόντος
643 647 750 706 αὐτῷ
794 646 878 690 τότε
916 646 1099 702 μάλισθ’,
1145 646 1307 701 ὁπηνίκ’
1340 643 1393 689 α“ν
1435 652 1517 690 κτλ.
1576 651 1676 689 Her-

106 709 225 748 werd.
260 709 406 748 Mnem.
438 722 530 749 nov.
562 708 644 747 1111
673 692 1105 748 295.11.ἒ’πειτα
1136 703 1284 760 φάναι]
1316 705 1446 757 φάναι
1476 703 1517 746 δ’
1541 705 1674 746 ἔπειτα

106 765 271 805 Porson.
336 763 486 819 [επειτα
523 762 567 804 δὲ
604 763 750 817 φάναι]
789 765 995 814 ΒίῐιόοτΤἿ
1034 765 1228 803 lubricam
1266 768 1400 804 tamen
1437 765 1675 804 emendandi

107 834 269 873 operam
307 835 392 861 esse
429 823 471 861 in
510 822 572 861 his
616 823 797 872 priorum
835 822 1033 861 librorum
1069 821 1308 872 corruptelis
1347 822 1540 872 epitomes
1579 822 1674 861 scri-

105 879 232 929 ptoris
272 892 394 918 manu
432 879 691 918 multifariam
715 879 965 928 fvitiatorum
1004 882 1109 918 recte
1147 881 1326 918 monens.
1447 880 1512 917 12.
1560 876 1677 929 ἥκειν

105 931 280 987 παρόνθ’
314 935 361 975 G.
394 936 611 975 Hermann.
647 935 704 974 De
735 938 852 975 metr.
887 932 985 987 165]
1016 931 1194 987 παρόνθ’
1228 932 1354 986 ἥκειν.
1520 942 1523 945 “

223 995 259 1032 1.
288 991 481 1058 πάρεισιν
510 993 660 1032 Iacobs.
682 992 787 1032 A.dd
810 991 905 1031 Ath.
931 993 968 1031 6.
999 1005 1227 1042 perperam:
1259 993 1438 1032 nondum
1469 993 1574 1031 enim
1605 992 1674 1030 ad-

106 1052 201 1089 sunt
229 1051 299 1100 qui
329 1051 489 1089 invitati
519 1053 644 1089 erant.
691 1050 989 1100 conloquuntur
1008 1061 1154 1099 coquus
1176 1051 1217 1088 et
1247 1049 1433 1088 dominus
1461 1051 1509 1088 ut
1539 1050 1674 1088 viden-

106 1109 172 1145 tur
202 1107 250 1146 de
280 1107 442 1158 ingenio
473 1107 755 1146 convivarum:
795 1107 894 1146 duos
934 1106 1039 1145 enim
1076 1119 1161 1145 esse
1198 1118 1361 1156 prorsus
1391 1107 1566 1146 invictos
1596 1109 1682 1152 cet.

105 1163 241 1214 itaque
261 1160 467 1203 fortasse'
452 1157 514 1201 ἐτ’
537 1162 651 1202 εἰσίν.
681 1185 727 1192 -
750 1163 913 1202 fuerunt
941 1163 1131 1213 permulti
1161 1163 1241 1202 illis
1274 1163 1520 1213 temporibus
1542 1163 1674 1202 Philo-

106 1222 256 1267 cratae,
302 1233 348 1259 ex
393 1221 537 1271 quibus
583 1221 672 1271 quis
711 1220 968 1270 potissimum
1003 1219 1068 1259 hic
1112 1221 1337 1271 exagitetur
1377 1233 1458 1259 non
1503 1222 1673 1259 constat.

107 1276 147 1318 5.
170 1275 379 1315 δεῖπνον
407 1277 589 1316 Eubulus
622 1277 721 1316 dicit
739 1278 1000 1326 vespertinam
1019 1289 1176 1316 cenam:
1209 1289 1255 1315 ea
1285 1277 1390 1316 enim
1421 1279 1508 1316 erat
1539 1289 1675 1315 recen-

110 1333 260 1373 tiorum
289 1334 545 1373 consuetudo.
602 1334 652 1373 cf.
683 1334 820 1385 Etym.
849 1347 904 1373 m.
937 1334 1040 1384 262,
1064 1334 1131 1373 35.
1171 1333 1343 1384 Hesych.
1376 1331 1555 1373 δεῖπνον.
1596 1335 1677 1372 iam

108 1389 353 1430 Philocrates
385 1391 434 1430 ab
456 1391 582 1429 amico
611 1391 827 1440 invitatus,
860 1391 895 1430 si
923 1390 1070 1442 viginti
1099 1391 1245 1441 pedum
1267 1391 1409 1430 umbra
1439 1393 1555 1440 esset,
1588 1403 1675 1429 eam

106 1459 332 1486 mensuram
369 1460 450 1486 non
489 1447 538 1486 ad
575 1448 866 1498 vespertinum,
911 1450 958 1486 ut
997 1448 1190 1496 debebat,
1235 1448 1303 1486 sed
1341 1448 1392 1486 ad
1431 1448 1675 1486 matutinum

110 1507 267 1554 tempus
296 1505 472 1543 referens
501 1505 630 1554 primo
661 1517 775 1543 mane
806 1504 855 1542 ad
885 1517 1024 1543 cenam
1054 1504 1195 1543 adfuit.
1236 1505 1285 1543 cf.
1316 1504 1473 1543 Fielitz.
1507 1504 1565 1543 De
1585 1504 1675 1543 Att.

111 1572 213 1599 com.
237 1561 319 1611 bip.
342 1561 409 1600 55.
440 1561 626 1600 Menand.
645 1562 727 1600 353
751 1562 869 1600 Mein.
887 1583 939 1590 —
963 1562 1005 1600 in
1025 1561 1134 1600 exitu
1164 1574 1200 1600 v.
1223 1562 1248 1600 5
1280 1561 1532 1599 scribendum
1562 1561 1672 1600 vide-

113 1619 182 1655 tur
212 1614 276 1655 ἐπὶ
305 1616 494 1668 δεῖπνον,
525 1613 824 1687 προσφόρως
855 1619 936 1657 κτλ.
927 1645 960 1668 .,
998 1632 1036 1658 v.
1070 1619 1094 1657 6
1125 1622 1197 1656 τοῦ
1226 1616 1345 1667 φίλου
1376 1613 1508 1667 τόθ’,
1539 1613 1671 1669 ἡνίκ’

111 1688 169 1712 αν
197 1675 297 1724 κτλ.,
326 1687 365 1714 v.
401 1677 449 1713 11
483 1668 587 1712 κατ’
620 1670 1003 1726 ἀπολογεῖσθαι.

853 1773 934 1815 120

281 1849 417 1907 ἰχθὺν
447 1850 490 1894 δ’
512 1850 708 1907 Ὅμηρος
738 1850 938 1894 ἐσθίοντ’
971 1855 1121 1908 εἴρηκε
1152 1853 1242 1894 ποῦ

277 1921 379 1962 τίνα
409 1923 502 1962 τῶν
530 1918 738 1974 Ἀχαιῶν;
772 1920 881 1974 κρέα
911 1919 974 1962 δὲ·
990 1919 1134 1975 μόνον
1164 1918 1345 1974 ὤπτων,
1383 1920 1481 1964 ἐπεὶ

277 1985 446 2040 ἕψοντά
475 1986 520 2042 γ’
553 1985 609 2030 οὐ
638 1989 885 2043 πεποίηκεν
916 1985 1069 2030 αὐτῶν
1099 1987 1276 2031 οὐδένα.

278 2055 378 2098 ἀλλ’
411 2053 519 2099 οὐδὲ
549 2057 658 2112 μίαν
688 2053 833 2111 ἄλλην
864 2055 1047 2112 ἑταίραν
1078 2053 1171 2100 εἶδέ
1197 2072 1264 2107 τις

227 2132 248 2164 5
280 2122 454 2179 αὐτῶν,
488 2121 675 2174 ἑαυτοὺς
705 2122 748 2166 δ’
781 2123 947 2178 ἔδεφον
979 2121 1216 2176 ἐνιαυτούς
1246 2125 1367 2168 δέκα.

279 2192 450 2248 πικρὰν
480 2193 720 2247 στρατείαν
751 2189 795 2234 δ’
830 2189 976 2247 εἶδον,
1009 2193 1171 2243 οἵτινες
1200 2191 1336 2236 πόλιν

278 2261 386 2314 μίαν
417 2258 630 2312 λαβόντες
661 2258 1081 2316 εὐρυπρωκτότεροι
1111 2259 1229 2304 πολὺ

279 2330 358 2382 τῆς
389 2327 550 2378 πόλεος
579 2325 901 2384 ἀπεχώρησαν,
931 2322 985 2383 ἧς
1016 2323 1140 2371 εἷλον
1169 2329 1283 2372 τότε.

223 2410 454 2449 Athenaeus
487 2413 522 2461 1,
545 2411 630 2451 250
661 2408 722 2448 ὅτι
752 2409 796 2448 δὲ
825 2409 892 2449 καὶ
923 2410 1043 2462 ἰχθῦς
1072 2409 1244 2463 ἤσθιον,
1286 2407 1519 2464 Σαρπηδών
1548 2413 1674 2464 δῆλον

104 2470 215 2506 ποιεῖ
238 2461 387 2517 ὁμοιῶν
416 2465 490 2518 τὴν
518 2464 669 2506 αλωσιν
689 2465 897 2519 πανάγρου
929 2466 1095 2507 δικτύου
1115 2467 1247 2522 θήρα·
1287 2469 1357 2508 καί
1375 2483 1432 2508 τοι
1463 2468 1671 2521 Εὔβουλος

103 2521 202 2562 κατὰ
235 2522 309 2573 τὴν
337 2521 516 2574 κωμικὴν
544 2521 659 2576 χάριν
691 2521 789 2574 φησὶ
818 2523 969 2571 παίζων
998 2527 1078 2565 κτλ.
1158 2539 1194 2564 v.
1221 2528 1257 2565 1.
1281 2528 1304 2564 2
1337 2527 1671 2574 Eustath.1720‚

107 2582 161 2620 30
191 2574 398 2631 Εὔβουλος
427 2579 703 2632 κωμικώτερον
733 2579 886 2627 παίζων
915 2580 1059 2632 φησίν·
1101 2579 1228 2631 ἰχθὺν
1258 2605 1312 2612 ——-
1339 2579 1524 2633 Ἀχαιῶν.
1632 2586 1668 2622 1.

108 2633 148 2675 δ’
183 2636 345 2676 Grotius
374 2637 556 2687 Excerpt.
590 2634 687 2688 659]
719 2633 763 2674 δὲ
792 2636 871 2676 ποῦ
899 2633 942 2690 y'
971 2638 1062 2677 VL.
1115 2636 1160 2676 δέ
1187 2652 1267 2678 που
1296 2640 1341 2680 B:
1383 2638 1426 2677 δὲ
1456 2644 1535 2677 ποῦ
1557 2640 1637 2679 Eus
1640 2643 1671 2680 t.

109 2692 241 2744 εἴρηκε
269 2697 351 2731 ποῦ
380 2691 511 2745 Grot.]
544 2692 676 2743 εἴρηκε
704 2692 823 2733 ΒΟῙ)
852 2694 965 2734 Eust.
1064 2697 1101 2735 2.
1133 2694 1221 2733 τίνα
1252 2697 1388 2734 Dindf.
1392 2693 1434 2752 ]
1439 2693 1540 2733 τινὰ.
1630 2698 1670 2735 5.

108 2746 246 2788 αὐτῶν
275 2762 352 2790 om.
384 2748 426 2790 C.
533 2745 718 2802 ἑαυτοὺς]
748 2745 897 2798 αὐτοὺς
926 2751 1061 2791 ΒΟΙ).
1168 2755 1205 2790 6.
1237 2746 1365 2804 εἶδον]
1397 2746 1503 2802 εἶχον
1533 2753 1669 2802 Mein„

110 2807 177 2845 sed
199 2806 247 2846 cf.
269 2805 306 2843 V
327 2806 394 2844 83.
485 2807 521 2845 7.
551 2805 666 2858 μίαν]
698 2806 766 2860 βίᾳ
797 2807 920 2847 Dobr.
1009 2810 1047 2847 8.
1079 2805 1216 2853 πόλεος
1237 2808 1374 2847 Dindf.
1380 2807 1395 2858 ]
1426 2804 1589 2859 πόλεως,
1619 2810 1669 2849 cs.

110 2863 355 2916 Theopomp.
387 2874 488 2902 com.
520 2863 586 2911 32,
611 2864 649 2902 3.
