1864 3204
195 189 279 231 230
407 209 410 211 Δ
821 187 1125 222 ΦΙΛΕΤΑΙΡΟΤ

944 287 1001 329 42

468 346 665 400 στρῆνον

310 427 350 466 οἷ
374 424 448 478 μὲν
477 424 520 465 τὸ
550 423 621 474 ὀξὺ
653 423 722 465 καὶ
752 423 796 464 τὸ
827 420 1128 478 ἀνατεταμένον.
1190 424 1461 478 Νικόστρατος
1482 423 1526 465 δὲ
1556 424 1598 465 τὸ
1626 425 1750 480 τραχὺ

196 481 264 522 καὶ
285 482 500 535 πρόσαντες
522 498 569 537 τῃ
590 478 691 536 ἀκοῇ
707 479 1077 534 φθέγμα.Ρ1]οΐ;ἰιῑιε
1098 485 1140 522 et
1155 483 1289 533 Etym.
1307 497 1359 522 m.
1379 485 1471 534 730,
1490 485 1541 522 21
1563 481 1748 534 στρηνόν.

197 541 391 636 ξιῇίξῧνίΐ]
410 541 460 579 H.
483 540 633 579 Iacobi.
665 540 856 579 musicum
879 540 1149 581 Nicostratum
1171 540 1373 590 intellegit
1394 539 1586 580 Stiehlius
1605 540 1748 582 Philol.

719 773 1230 823 ΦΙΛΕΤΑΙΡΟΣ

752 877 922 916 Meinek.
955 877 974 914 Ι
1003 878 1099 916 349.
1129 878 1194 919 50.

787 987 1157 1022 ΑΔΩΝΙΑΖΟΤΣΑΙ

314 1058 373 1098 Cf,
405 1058 575 1098 Meinek.
607 1058 626 1096 I
658 1058 737 1096 349
770 1059 811 1096 et
839 1057 1080 1107 Philippidis
1109 1057 1392 1099 Adoniazusae.

839 1179 1110 1214 ΑΝΤΤΛΛΟΣ

316 1250 376 1291 Cf.
407 1263 508 1300 quae
538 1250 589 1289 ad
619 1250 836 1290 Nicostrati
864 1249 1070 1300 Amyllum
1097 1250 1387 1292 adnotavimus.

825 1371 1124 1406 ΑΣΚΛΗΠΙΟΣ

969 1450 990 1491 1

474 1530 670 1572 ἐνέσεισε
700 1527 867 1584 μεστὴν
898 1531 999 1571 ἴσον
1030 1532 1111 1585 ἴσῳ
1141 1530 1464 1585 μετανιπτρίδα

471 1597 671 1651 μεγάλην
701 1593 905 1638 ὑπειπών
935 1598 1013 1652 τῆς
1036 1595 1224 1652 Ὑγιείας
1253 1596 1466 1652 τοῦνομα.

312 1691 543 1730 Athenaeus
576 1692 647 1740 11,
669 1691 786 1730 487a
825 1687 1052 1743 Φιλέταιρος
1087 1687 1311 1745 Ἀσκληπιῷ
1339 1693 1420 1731 κτλ.
1511 1693 1549 1732 2.
1581 1685 1753 1732 ἐπειπών

202 1748 515 1799 Schweighaeus.
959 1800 987 1841 2

314 1884 542 1923 Athenaeus
573 1884 613 1935 8,
644 1883 761 1921 3429,
789 1879 1021 1934 Φιλέταιρος
1052 1879 1095 1921 δ’
1126 1881 1170 1922 ἐν
1196 1881 1419 1938 Ἀσκληπιῷ
1448 1881 1516 1923 τὸν
1540 1880 1754 1937 Ὑπερεί·

203 1939 295 1990 δην
323 1938 420 1992 πρὸς
450 1939 505 1993 τῷ
535 1933 760 1991 ὀψοφαγεῖν
789 1936 856 1976 καὶ
885 1938 1074 1991 κυβεύειν
1103 1936 1266 1993 [αὐτόν]
1296 1951 1406 1990 φησι.

848 2061 1113 2095 ΑΤΑΛΑΝΤΗ

967 2129 994 2170 3

461 2203 546 2249 κᾶν
577 2207 677 2262 δέῃ,
709 2207 904 2262 τροχάζω
934 2206 1093 2249 στάδια
1123 2209 1262 2249 πλείω
1293 2209 1535 2263 Σωτάδου,

461 2273 540 2317 τὸν
578 2274 782 2330 Ταυρέαν
813 2274 862 2317 δὲ
892 2282 983 2324 τοῖς
1013 2276 1170 2325 πόνοις
1199 2273 1455 2330 ὑπερβαλῶ,

463 2340 542 2384 τὸν
574 2344 776 2397 Κτησίαν
805 2358 852 2384 τε
882 2343 942 2398 τῷ
973 2349 1136 2396 φαγεῖν
1166 2340 1455 2399 ὑπερδραμῶ.

314 2435 544 2475 Athenaeus
566 2438 633 2486 10,
655 2437 769 2475 416f
794 2433 1022 2487 Φιλέταιρος
1042 2432 1082 2474 δ’
1107 2433 1150 2475 ἐν
1167 2432 1380 2490 Ἀταλάντῃ
1399 2438 1478 2476 κτλ.
1541 2439 1576 2476 1.
1599 2434 1686 2487 δέηι
1702 2437 1751 2477 Α.

203 2491 256 2545 δῇ
286 2492 469 2531 Dindorf,
509 2494 558 2532 ef.
590 2506 689 2542 quae
727 2493 1003 2532 adnotavimus
1035 2492 1083 2531 ad
1121 2493 1246 2532 Arist.
1276 2493 1375 2532 Ran.
1408 2494 1501 2532 265.
1551 2488 1629 2532 κόἷν
1654 2493 1660 2546 Ι
1687 2491 1755 2548 δὲῃ

203 2549 322 2587 Mein.
355 2549 471 2587 Anal.
504 2549 601 2587 Ath.
634 2550 727 2588 354
823 2550 860 2587 2.
895 2546 1076 2600 Ταυρέαν
1105 2549 1293 2588 Valcken.
1325 2549 1462 2599 Eurip.
1493 2549 1639 2589 Phoen.
1672 2551 1751 2589 581

202 2619 240 2655 p.
275 2604 374 2656 219]
408 2604 596 2655 ταυρίτην
626 2606 676 2644 Α.
765 2606 801 2645 3.
831 2601 1120 2656 υπερδραμῶ”
1132 2618 1210 2656 qua
1246 2606 1373 2644 forma
1407 2618 1523 2645 nemo
1563 2618 1754 2657 umquam

205 2661 446 2700 Graecorum
475 2674 568 2700 usus
599 2663 682 2701 est'
715 2661 821 2699 delet
842 2661 1047 2700 Herwerd.
1071 2661 1163 2701 Obs.
1185 2662 1273 2700 crit.
1297 2663 1362 2712 60,
1394 2675 1414 2700 e
1444 2676 1482 2701 v.
1506 2662 1529 2699 2
1561 2663 1750 2713 supplens

204 2713 430 2767 ὑπερβαλω.
482 2719 551 2757 sed
581 2717 789 2757 offendunt
818 2718 937 2756 etiam
967 2718 1104 2757 futura.
1124 2732 1160 2758 v.
1184 2720 1208 2756 2
1230 2721 1270 2757 et
1291 2719 1330 2758 3.
1368 2718 1503 2768 itaque
1535 2717 1673 2757 dubito
1701 2731 1754 2758 an

205 2786 252 2811 ea
281 2786 381 2823 quae
410 2774 574 2823 praebet
603 2775 689 2813 eod.
721 2775 756 2812 A
795 2787 842 2812 ex
871 2774 1122 2824 glossematis
1151 2776 1238 2813 orta
1266 2776 1307 2813 et
1342 2788 1380 2814 v.
1412 2776 1435 2812 2
1466 2770 1753 2827 ὗπερπονοδ,

206 2831 229 2867 3
260 2825 557 2881 ὗπερτρυφῶ
586 2831 651 2870 vel
680 2826 912 2882 ὑπερθέω
943 2830 1195 2869 scribendum
1225 2831 1290 2870 sit.
