1864 3204
220 202 304 245 406
791 228 793 230 -
878 201 1132 242 ΑΛΕΞΙΔΟΣ

953 304 1037 347 323
1105 334 1108 338 ·

493 358 718 415 ὀξυχειρία

337 439 432 496 παρ’
462 439 641 491 Ἀλέξιδι.
691 443 834 483 Pollux
865 444 902 492 2,
929 444 1020 482 149.

955 541 1039 583 324

495 595 743 652 οὐλόκομος

340 680 490 733 εἴρηται
520 677 616 732 παρ’
637 677 818 728 Ἀλέξιδι.
850 680 991 719 Pollux
1013 681 1129 730 2‚23.
1161 680 1327 719 Photius
1357 672 1593 729 οὖλοκόμος’
1615 675 1782 726 Ἄλεξις.

227 741 278 779 of.
307 739 489 780 Pherecr.
522 739 616 777 223.
961 790 1044 833 325

497 845 819 901 παλαιστρικός

331 929 487 980 ’Ἀλεξιν
517 927 642 980 φασὶν
670 926 887 981 εἰρηκέναι·
917 925 938 967 ὁ
968 925 1012 967 δὲ
1042 925 1203 979 ἀρχαῖος
1232 925 1492 967 παλαιστικὸν
1511 924 1624 980 λέγει.
1655 927 1782 978 Phry-

227 989 332 1028 nioh.
364 988 449 1046 Eel.
483 988 584 1038 242,
631 987 700 1025 ubi
741 987 788 1025 cf.
826 986 1000 1025 Lobeck.
1040 986 1176 1026 Thom.
1218 987 1271 1024 M.
1312 987 1414 1035 290,
1438 986 1462 1024 5
1503 982 1782 1038 παλαιστρικός

221 1044 373 1094 ’Ἀλεξις
402 1045 507 1083 εἰπε·
539 1042 590 1082 σὺ
621 1039 667 1082 δὲ
696 1040 964 1088 παλαιστικός.

961 1141 1045 1184 326

499 1198 754 1254 πατριώτης
965 1212 968 1214 ’

334 1281 500 1330 ’Ἀλεξις.
550 1282 718 1322 Bekker.
749 1280 897 1319 Anecd.
934 1282 1032 1328 113,
1056 1281 1124 1319 20.
1183 1280 1288 1330 quod
1317 1280 1406 1318 ideo
1437 1280 1662 1328 adnotavit,
1693 1280 1786 1330 quia

230 1340 454 1390 Archippus
485 1334 786 1389 συμπατριώτης
818 1338 981 1376 dixerat.
1032 1337 1204 1376 Lobeck.
1236 1337 1384 1386 Phryn.
1418 1338 1513 1375 172.

545 1494 556 1508 Ι
963 1435 1044 1478 327

501 1503 636 1535 πισον

345 1563 389 1605 τὸ
413 1563 590 1618 ὄσπριον.
612 1562 774 1612 Ἄλεξις.
805 1564 983 1604 Photius.
1024 1563 1209 1603 dicebant
1237 1564 1342 1602 enim
1373 1564 1439 1602 alii
1470 1562 1585 1610 πίσος
1615 1560 1786 1617 (πισός).

232 1624 435 1674 Aristoph.
467 1623 512 1664 fr.
543 1623 609 1661 22.
662 1621 802 1672 Eupol.
834 1623 928 1660 301.

965 1708 1048 1750 328

505 1766 735 1815 ποικιλεύς

348 1850 489 1889 Pollux
511 1851 547 1900 7,
561 1849 613 1888 35
645 1842 667 1887 ὃ
695 1845 737 1886 δὲ
768 1843 969 1897 ποικιλτὴς
990 1841 1213 1897 ὠνόμασται
1234 1843 1341 1897 παρὰ
1359 1842 1554 1894 Ἀλέξιδος
1573 1845 1786 1894 ποικιλεύς.

970 1944 1054 1987 329

509 2004 724 2058 πτερνίδοι

349 2087 491 2126 Pollux
519 2088 558 2135 4,
579 2087 657 2124 182
688 2082 909 2138 (ἐργαλεῖον
938 2079 1100 2136 ἰατρῶν)
1131 2097 1198 2121 και
1227 2081 1394 2133 λεκάνη,
1425 2077 1473 2135 ἧς
1503 2080 1573 2123 τὸν
1600 2081 1790 2135 πυθμένα
1833 2117 1836 2119 Α

227 2144 379 2193 ’Ἀλεξις
417 2117 604 2195 πτερνίδα
642 2143 764 2181 καλεῖ.
828 2147 869 2180 et
899 2141 1048 2189 2,197
1087 2138 1289 2191 πτερνίδες
1328 2137 1372 2179 ἐν
1402 2145 1450 2194 τῇ
1477 2138 1574 2194 μέσῃ
1603 2140 1790 2196 κωμῳδία

237 2203 452 2241 καλοῦνται
489 2199 531 2238 οἱ
563 2196 767 2250 πυθμένες
806 2212 888 2236 των
917 2195 1103 2248 ἰατρικῶν
1131 2195 1360 2235 λεκανίδων.
1411 2197 1578 2249 Hesych.
1609 2180 1788 2250 πτερνίς*

238 2256 283 2298 τὰ
328 2254 534 2309 πυθμένια
579 2255 658 2294 τῶν
701 2253 890 2306 ἰατρικῶν
933 2251 1163 2303 λεκανίδων,
1208 2247 1232 2290 α’
1269 2250 1380 2305 μέχρι
1415 2258 1495 2293 νῦν
1530 2251 1791 2306 προσδέουσιν
1825 2291 1828 2293 ,

236 2312 473 2361 ἆλυσειδίοις
502 2315 665 2365 μακροῖς
695 2310 738 2351 ἐν
768 2314 848 2358 τοῖς
879 2308 1073 2362 ἰατρείοις,
1112 2311 1163 2350 cf.
1185 2311 1298 2350 Phot.
1320 2310 1526 2362 πτερνίδες
1547 2314 1587 2351 et
1606 2311 1789 2352 Eustath.

239 2373 334 2422 870,
357 2373 425 2411 29.

979 2420 1064 2463 330

352 2507 493 2546 Pollux
521 2506 655 2553 7,113
685 2502 866 2574 πρίων,
897 2501 1127 2554 πρίστης,
1157 2495 1183 2552 ἡ
1212 2499 1431 2553 καλουμένη
1460 2501 1565 2554 ρίνη.
1603 2501 1670 2542 καὶ
1699 2501 1792 2556 ρίνη

240 2561 282 2602 δὲ
304 2560 383 2602 ὑπὸ
405 2562 665 2611 Ξενοφῶντος
693 2559 858 2610 εἰ’.ρηται
890 2557 948 2598 έν·
963 2555 1006 2597 δὲ
1036 2562 1117 2605 τοῖς
1149 2556 1274 2610 ἔργοις
1304 2555 1428 2598 αὐτοῦ
1449 2557 1515 2598 καὶ
1534 2574 1580 2598 τα
1599 2556 1788 2607 Ἀλέξιδος

240 2618 292 2659 ἂν
321 2619 449 2670 θείης.
500 2619 621 2659 ve1ba
652 2618 828 2656 Alexidis
858 2617 1101 2655 exciderunt

979 2714 1060 2756 331

513 2773 780 2822 Σκυθαίνας

356 2855 580 2903 Σκυθίδας.
602 2854 765 2904 Ἄλεξις,
797 2854 973 2894 Photius.
1005 2853 1127 2898 Arist.
1144 2853 1238 2904 Lys.
1255 2853 1334 2892 184
1363 2853 1535 2892 contulit
1555 2853 1789 2892 Meinekius.
