1864 3204
505 196 679 231 ΣΑΠΦΩ
706 219 746 224 -
771 195 977 230 ΑΔΗΛῼΝ
1002 194 1271 230 ΔΡΑΜΑΤῼΝ
1589 192 1672 234 247

863 296 920 340 35

346 405 350 409 ,
410 380 529 433 ἔχειν
559 378 816 432 καθαρείως
846 373 1108 431 ἐγχελύδιόν
1138 390 1180 417 τι
1211 375 1287 417 καὶ

409 445 727 502 γλαυκινιδίου
759 442 983 499 κεφάλαια
1014 443 1088 486 καὶ
1119 443 1372 498 λαβρακίου

408 512 606 571 τεμάχια.

227 599 456 638 Athenaeus
488 598 525 647 7,
548 597 629 635 295
646 597 666 635 f
684 592 831 646 ’Ἀμφις
857 626 866 635 .
885 625 894 634 .
914 625 923 634 .
948 592 993 633 ἐν
1020 592 1239 646 Φιλεταίρῳ
1269 595 1351 634 κτλ.
1446 592 1673 644 καθαρείως

109 655 249 695 Cobet..
289 655 338 693 N.
370 656 395 694 1.
436 656 502 694 77.
521 654 559 695 8.
590 651 690 706 691]
729 650 935 704 καθαρίσας
973 651 1023 691 Α.
1086 651 1135 690 cf.
1175 651 1324 690 Eubul.
1358 652 1454 690 110.
1529 650 1674 689 deinde

110 707 329 751 ἕνκελίδιόν
358 712 407 751 Α.
1250 744 1252 746 ,

634 786 846 822 ΑΔΗΛΩΝ
871 785 1151 821 ΔΡΑΜΑΤΩΝ·

862 864 919 907 36

225 945 428 998 ποδαπὸς
457 947 517 989 σύ
527 963 538 998 3
571 944 765 1002 φράσον.
815 947 867 987 Β.
895 941 1146 993 Ἀκάνθιος.
1198 947 1254 985 Α.
1282 938 1375 984 εἶτα
1406 939 1520 997 πρὸς
1548 943 1675 984 θεῶν

229 1019 360 1059 οἴνου
389 1016 574 1070 πολίτης
603 1012 670 1056 ὦν
699 1013 942 1069 κρατίστου
972 1008 1204 1068 στρυφνὸς
1235 1007 1294 1066 εἶ,

225 1084 299 1127 καὶ
329 1080 516 1139 τοῦνομ’
541 1080 652 1125 αὐτὸ
683 1083 760 1137 τῆς
788 1081 1004 1135 πατρίδος
1034 1079 1083 1123 ἐν
1112 1086 1205 1130 τοῖς
1233 1075 1416 1134 τρόποις

226 1155 361 1208 ἔχεις,
393 1151 446 1195 τὰ
477 1150 521 1195 δ’
543 1149 636 1207 ἤθη
667 1151 759 1193 τῶν
788 1150 988 1192 πολιτῶν
1018 1145 1100 1190 οὐκ
1133 1149 1266 1203 ἔχεις;

225 1248 453 1287 Athenaeus
486 1248 523 1295 1,
546 1247 632 1286 300
663 1241 825 1283 ἐπαινεῖ
847 1241 999 1295 ’Ἁμφις
1024 1240 1099 1281 ,καὶ
1129 1239 1198 1282 τὸν
1228 1239 1268 1290 ἐξ
1294 1236 1499 1279 Ἀκάνθου
1528 1235 1677 1287 πόλεως

111 1299 223 1344 οἶνον
251 1301 376 1356 λέγων
404 1305 483 1344 κτλ.
571 1305 610 1341 1.
641 1300 693 1341 σύ
726 1301 866 1340 Elmsl.
897 1300 1038 1350 Eurip.
1061 1299 1201 1339 Bacch.
1224 1299 1307 1338 654
1328 1313 1366 1349 p.
1390 1296 1463 1350 94]
1494 1291 1540 1336 εἷ.
1580 1298 1677 1337 Mei-

110 1363 251 1402 nekius
280 1357 462 1408 ποδαπὸς
493 1354 545 1404 εἷ;
575 1355 744 1411 φράσον.
770 1355 778 1411 Ι
805 1358 849 1396 Β.
880 1354 1083 1404 ὁποδαπός
1105 1352 1197 1407 εἰμ’;
1224 1352 1454 1401 Ἀκάνθιος.
1514 1356 1552 1394 3.
1585 1352 1678 1393 τοῦ-

112 1415 202 1470 νομ’
221 1414 345 1470 αὐτό,
385 1418 410 1457 i.
433 1431 466 1458 e.
497 1413 686 1463 ἀκάνθας
725 1413 845 1466 ἔχεις,
874 1416 1044 1464 spinosis
1073 1426 1112 1454 es
1140 1414 1328 1454 moribus.
1427 1413 1467 1450 4.
1499 1415 1581 1450 ταῖν
1610 1424 1690 1457 πο(

114 1475 248 1527 λιτῶν,
279 1476 305 1518 i.
327 1489 361 1516 e.
391 1475 488 1524 vini,
520 1474 633 1514 cuius
663 1473 759 1513 civis
792 1484 844 1511 es.

867 1559 920 1602 37

346 1640 431 1685 οὐκ
462 1643 600 1696 ἔστιν,
632 1639 692 1690 ὡς
722 1640 861 1694 ἔοικε,
892 1636 1136 1694 φάρμακον
1165 1638 1306 1693 μέθης

345 1709 482 1754 οὐδὲν
512 1712 721 1753 τοιοῦτον
751 1704 810 1758 ὥς
839 1704 890 1750 τὰ
921 1711 1196 1760 προσπεσεῖν
1225 1703 1359 1760 ἄφνω

347 1778 498 1834 λύπην
527 1775 630 1820 τιν’.
681 1774 827 1826 οὕτως
858 1774 1089 1827 ἐξελαύνει
1117 1770 1206 1828 γὰρ
1236 1772 1418 1828 σφόδρα

349 1848 490 1902 λῆρον
521 1843 645 1888 ὥστε
665 1843 744 1896 τὰς
774 1843 1011 1900 ῥαφάνους
1041 1839 1160 1884 οὕτω
1192 1841 1361 1883 δοκεῖν.

229 1941 461 1981 Athenaeus
495 1942 538 1991 1,
562 1940 646 1979 34e
668 1936 818 1989 ’Ἀμφις
848 1938 932 1976 κτλ.
1020 1938 1059 1976 3.
1089 1928 1164 1988 γάρ
1194 1928 1292 1985 ταχύ
1317 1935 1325 1983 Ι
1351 1928 1529 1986 σφόδρα,
1560 1933 1680 1984 λῆρον

115 2001 198 2039 κτλ.
231 1999 358 2038 Dobr.
454 1998 495 2036 4.
535 1991 671 2047 τήνδ’,
708 1992 808 2034 ὥστε
837 1992 984 2046 λήρους
1014 1993 1074 2043 (id
1104 1992 1265 2043 quidem
1295 2004 1342 2031 ex
1372 1990 1468 2041 VL)
1501 1990 1681 2041 Scaliger

114 2070 180 2107 ap.
212 2055 327 2096 Οτι-οῖ.
358 2055 545 2104 Excerpt.
579 2054 673 2095 523.
708 2054 802 2092 970.
909 2047 1032 2103 οὕτω]
1072 2047 1195 2096 ὅντως
1227 2049 1399 2089 Grotius.
1432 2070 1486 2075 —
1517 2048 1567 2086 cf.
1598 2047 1681 2086 An·

115 2113 277 2152 axandr.
310 2113 377 2152 58.
445 2113 582 2163 λῆρον,
620 2112 667 2149 ut
704 2109 830 2148 Arist.
862 2108 956 2159 Lys.
990 2108 1072 2147 859
1112 2103 1232 2157 λῆρός
1272 2102 1353 2144 ἐστι
1392 2102 1513 2143 τᾶλλα
1544 2100 1603 2157 (es
1631 2105 1681 2144 ist

114 2171 208 2210 alles
236 2168 472 2221 Schwindel)
508 2161 607 2219 πρὸς
644 2164 853 2217 Κινησίαν.
925 2161 1024 2203 ὥστε
1063 2163 1332 2214 postpositum
1370 2165 1416 2201 ut
1445 2162 1510 2201 hic
1539 2161 1679 2211 Eurip.

116 2226 212 2267 Hec.
243 2227 323 2264 341
356 2223 429 2276 τὴν
459 2218 535 2277 σὴν
564 2218 660 2264 ὥστ’
683 2221 921 2274 ἐποικτεῐραι
951 2219 1090 2272 τύχην.
1128 2220 1333 2259 Phoeniss.
1356 2220 1438 2258 506
1469 2216 1543 2269 τὴν
1571 2216 1683 2256 θεῶν

115 2281 303 2334 μεγίστην
338 2277 433 2321 ὥστ’
466 2278 570 2332 ἔχειν
606 2278 837 2333 τυραννίδα.
903 2279 1009 2317 1387
1041 2271 1167 2328 ἀργὸν
1196 2273 1297 2315 ὥστε
1326 2274 1539 2328 γίγνεσθαι
1569 2272 1678 2326 δόρυ.

117 2336 248 2391 (Pors.
279 2339 448 2380 Advers.
481 2334 596 2392 264.)
1635 2353 1642 2363 =

391 2469 415 2514 6
446 2469 693 2525 συκάμινος
723 2464 955 2522 συκάμιν’,
987 2464 1119 2522 ὁρᾷς,
1151 2464 1301 2520 φέρει,

392 2535 415 2580 6
445 2545 606 2594 πρῖνος
635 2534 856 2589 ἀκύλους,
889 2530 913 2576 6
942 2534 1140 2590 κόμαρος
1168 2534 1440 2589 μιμαίκυλα,

372 2605 580 2660 ,κράνεια
610 2605 816 2660 μέσπιλα.

237 2704 276 2729 ν.
301 2691 336 2728 1.
358 2690 382 2728 2
413 2688 643 2728 Athenaeus
675 2688 713 2738 2,
740 2685 827 2726 50f
851 2682 1000 2737 ’Ἄμφις
1038 2686 1119 2724 κτλ.
1184 2698 1223 2724 v.
1249 2685 1285 2723 1.
1308 2684 1332 2721 3
1363 2682 1507 2721 Pollux
1539 2683 1576 2730 1,
1599 2682 1682 2720 233

122 2744 221 2801 (om.
238 2748 395 2810 ,poetae
424 2741 605 2798 nomine)
635 2740 870 2792 συκάμινος.
920 2739 1002 2781 ἔστι
1032 2738 1069 2780 δ’
1095 2739 1139 2780 ἐν
1169 2739 1215 2794 τῇ
1242 2737 1342 2793 μέσῃ
1362 2736 1549 2792 κωμῳδίᾳ
1569 2733 1591 2777 6
1610 2734 1684 2788 μὲν

123 2816 273 2855 καρπος
314 2798 535 2853 συκάμινον
577 2796 813 2854 οὐδετέρως,
852 2795 894 2837 τὸ
931 2795 976 2838 δὲ
1013 2795 1182 2849 δένδρον
1211 2791 1430 2847 ἀρρενικῶς
1461 2792 1682 2847 ἐκφέρεται,

124 2861 206 2900 κτλ.
254 2859 490 2914 'Euat-athius
522 2859 644 2909 1657,
671 2858 734 2897 14.
786 2856 960 2897 Cramer.
993 2854 1140 2895 Anecd.
1174 2853 1300 2893 Paris.
1331 2853 1350 2893 I
1381 2853 1477 2901 396,
1499 2852 1541 2891 4.
1645 2853 1681 2891 1.
