1864 3204
578 191 786 226 ΑΔΗΛΩΝ
811 191 1079 226 ΔΡΑΜΑΤΩΝ
1511 189 1597 233 403
1672 165 1678 171 ’

32 294 161 364 γφδίςι
187 293 255 335 καὶ
283 291 328 335 ἐν
357 294 406 350 τῇ
441 290 584 349 ἀρχαία
623 295 809 350 κωμῳδίᾳ
847 294 982 348 εὕροις
1019 293 1071 335 τὸ
1108 291 1365 348 ὑγιαίνειν
1401 299 1598 347 πρῶτον

34 347 196 401 ευθὺς
224 350 549 405 λεγόμενον..
567 349 737 401 ῙΑλεξις
767 355 850 393 κτλ.

769 463 854 507 298

262 541 313 586 τὰ
343 540 656 599 παναρμόνιον
685 540 736 584 τὸ
766 540 928 586 καινὸν
958 544 1162 586 ἔντεινον
1190 546 1376 599 τεχνῶν.

148 625 314 665 Photius
345 626 439 675 388,
463 626 516 666 26
553 620 846 678 παναρμόνιον·
886 623 1059 679 ὄργανον
1086 624 1296 678 μουσικόν.
1340 624 1512 674 ”Λλεξις’
1556 623 1600 666 ἕν

32 697 67 758 ᾦ
96 701 141 743 τὸ
169 702 449 756 παναρμόνιον
479 706 560 745 κτλ.
635 688 908 757 παραρμόνιον
938 707 1023 748 cod.
1091 704 1260 759 τεχνῶν]
1295 703 1457 757 Τέχνων
1476 707 1598 745 Mein.

33 762 135 802 conl.
165 762 311 802 Athen.
343 763 388 811 8,
410 763 492 801 344
510 775 543 801 c.
595 759 737 801 τέκνον
765 763 820 802 Μ.
852 763 1034 803 Schmidt
1063 763 1122 803 De
1153 764 1303 814 dithyr.
1336 765 1433 803 260.
1527 775 1599 814 pro

34 815 80 857 ἐν
106 811 143 872 ᾇ
168 831 260 858 cum
291 819 490 859 Meinekio
520 822 591 859 aut
619 817 664 858 ἐν
690 823 750 874 τῶ
779 822 849 859 ant
878 819 995 860 Λίνω
1024 821 1295 861 scribendum.

769 929 855 973 299

304 1006 453 1051 πολὺν
482 1022 601 1053 πιων
631 1009 863 1066 Εὐβοϊκὸν
893 1006 1023 1053 οἶνον

147 1091 378 1132 Athenaeus
412 1094 448 1143 1,
470 1092 558 1132 30f
594 1091 819 1146 Κορινθίου
857 1091 971 1133 οἴνου
993 1091 1145 1142 ’Ἄλεξις
1183 1089 1450 1145 μνημονεύει.

33 1144 244 1200 Εὖβοῖκοῦ
272 1146 317 1188 δέ
345 1150 427 1189 κτλ.
514 1146 638 1203 πιών]
670 1155 800 1190 ποιῶν
829 1150 919 1192 CD.

769 1261 855 1305 300

146 1343 377 1383 Athenaeus
409 1345 521 1394 1,18
539 1356 559 1383 c
594 1340 763 1395 ηὔξηται
799 1341 845 1383 δὲ
880 1342 948 1384 και
983 1340 1009 1396 ἡ
1047 1349 1130 1384 τῶν
1158 1337 1369 1395 ὀψοποιῶν
1396 1344 1598 1410 περιεργία

32 1396 102 1438 καὶ
123 1395 149 1450 ἡ
171 1404 252 1438 τῶν
271 1400 480 1452 μυρεψῶν,
511 1397 605 1439 ωστ’
628 1397 730 1440 οὐδ’
752 1415 812 1440 αν
843 1402 1106 1453 κολυμβᾶν
1132 1403 1203 1450 εἰς
1231 1398 1600 1455 κολυμβήθραν

30 1452 189 1507 μύρου
227 1451 503 1508 ἀρκεῖσθαί
535 1471 608 1504 τις
645 1472 707 1496 αν
743 1456 972 1509 δύναιτο,
1003 1457 1129 1510 φησὶν
1150 1455 1599 1508 Ἅλεξις.Ει181;81;111118

34 1514 164 1564 1842,
188 1514 242 1554 20
279 1512 391 1552 καθά
428 1525 553 1565 φησιν
589 1510 610 1553 ὁ
650 1512 825 1565 κωμικὸς
855 1513 1007 1564 ’Ἄλεξις
1045 1518 1127 1556 κτλ.
1225 1516 1439 1585 κολυμβῶν
1468 1517 1594 1556 Dobr.

33 1570 205 1610 Adv.11
236 1571 306 1610 94.
361 1566 453 1610 οὐδ’
483 1586 538 1609 αν
566 1571 779 1623 κολυμβῶν
809 1571 864 1620 εἰς
893 1574 975 1613 κολ.
1006 1587 1048 1624 μ.
1077 1567 1270 1627 [δύναιτ’
1301 1588 1356 1611 αν
1384 1570 1599 1626 ἀρκεῖσθαι

33 1627 268 1678 Μ8111.,111)1
296 1628 339 1667 in
369 1627 447 1667 fine
476 1629 701 1669 addendum
730 1632 818 1669 erat
847 1643 917 1677 τις.

774 1740 855 1783 301

176 1801 232 1859 οὐ
260 1816 418 1871 μεθύω
448 1815 532 1873 τήν
561 1817 802 1875 φρόνησιν,
834 1816 948 1862 ἀλλὰ
976 1818 1030 1862 τὸ
1057 1822 1268 1863 τοιοῦτον
1297 1817 1463 1876 μόνον,

174 1882 224 1926 τὸ
255 1884 530 1939 διορίζεσθαι
558 1887 753 1941 βεβαίως
781 1889 842 1943 τῷ
873 1887 1058 1943 στόματι
1088 1883 1143 1930 τὰ
1170 1888 1424 1945 γράμματα.

149 1979 377 2019 Athenaeus
409 1981 455 2030 2,
477 1981 568 2021 400
597 1979 723 2032 φησὶν
746 1978 907 2031 Ἄλεξις.
997 1984 1036 2022 1.
1074 1978 1170 2021 οὐδὲ
1198 1980 1340 2034 μεθύω
1372 1983 1595 2035 Schweigh.

33 2028 122 2086 οὐχὶ
149 2033 292 2086 μεθύω
322 2010 459 2076 Dindf’.
549 2042 738 2078 τοσοῦτον
767 2038 935 2081 casaub.

774 2149 859 2192 302

417 2225 501 2269 οὐκ
531 2223 623 2270 ἔστ’
646 2226 1055 2283 ἀναισχυντότερον
1085 2227 1227 2273 οὐδὲν
1256 2232 1425 2286 θηρίου

207 2293 390 2347 εἰσορᾶν
418 2294 655 2348 γυναικός·
687 2291 763 2337 ἀπ’
788 2296 984 2351 ἐμαυτῆς
1013 2294 1098 2351 ἐγώ
1129 2301 1437 2353 τεκμαίρομαι.

149 2386 344 2427 Stobaeus
381 2388 515 2428 Floril.
547 2389 618 2436 73,
647 2390 699 2428 39
743 2385 936 2437 Ἀλέξιδος
967 2391 1016 2429 Α.
1133 2392 1171 2429 2.
1211 2390 1373 2443 εἰσορᾶν
1409 2392 1446 2430 A
1481 2392 1593 2433 Voss.

37 2455 246 2493 perperam
278 2445 410 2484 omisit
441 2443 637 2485 Gaisford.

775 2544 859 2587 303

148 2621 424 2677 [Plutarchus]
457 2624 515 2664 De
544 2626 698 2665 nobilit.
731 2627 854 2666 6182
886 2625 929 2665 τί
961 2620 1035 2666 ουν
1061 2622 1254 2675 Ἀλέξιδος
1291 2624 1590 2680 ἀναιδέστερον,

34 2675 78 2726 ὃς
109 2684 192 2731 τῆς
221 2679 515 2732 στρατηγίας
545 2680 633 2732 τὴν
660 2683 906 2734 γεωργίαν
935 2689 1188 2735 προτιμῶν
1217 2680 1289 2723 οὐκ
1321 2681 1364 2723 ἕν
1394 2690 1454 2739 νῷ
1485 2680 1589 2737 εἶχεν

34 2733 131 2774 οσον
159 2740 230 2775 τοῦ
259 2738 337 2776 τῶν
365 2735 614 2788 κεκτημένων
643 2735 684 2777 τό
712 2738 955 2779 δουλωτικὸν
983 2745 1144 2792 πρᾶγμα
1173 2726 1465 2793 διαφερόμενον
1494 2757 1586 2794 τυγ-

36 2791 159 2843 χάνει.
239 2794 425 2833 videntur
462 2795 583 2835 fuisse
621 2797 714 2836 tetr.
744 2797 871 2836 troch.
903 2802 972 2848 τῆς
1001 2796 1235 2848 στρατηγίας
1259 2796 1267 2851 Ι
1294 2796 1368 2849 τὴν
1396 2800 1592 2851 γεωργίαν

38 2853 230 2902 προτιμῶ.

1260 2917 1331 2954 26·
