1864 3204
443 219 546 254 MAN
556 216 972 254 ΔΡΑΓΟΡΙΖΟΜΕΝΗ
997 234 1039 240 -
1064 214 1278 250 ΜῙΛΗΣῙΑ
1557 211 1639 254 351

76 324 225 377 ποινήν
260 326 421 366 comicis
459 325 657 376 ignotum.
709 323 826 364 scrib.
856 318 1020 372 λύμην
1048 318 1278 371 φάσκομενς
1324 318 1375 358 cf.
1407 317 1532 357 Arist.
1563 316 1641 357 Av.

11 417 14 420 ,
79 385 202 424 1068.
248 383 350 422 lant
382 383 479 433 Leg
514 382 730 431 11,9190.

734 502 965 537 ΜΕΡΟΠῙΣ

195 584 280 638 Τὴν
316 582 424 638 παρὰ
458 582 681 638 Θεοπόμπῳ
713 581 927 635 Μεροπίδα
964 585 1047 634 γῆν
1077 581 1227 633 (Str-ab.
1260 583 1297 629 7,
1323 579 1445 630 299),
1485 579 1533 618 de
1564 592 1643 630 qua.

77 645 205 684 multa
243 644 424 684 fabulosa
459 646 594 682 narrat
622 642 779 681 Aelian.
810 640 860 679 V.
890 640 930 679 h.
963 640 1009 690 3,
1037 640 1106 688 18,
1140 611 1367 678 comoec'liae
1397 649 1543 676 nomen
1573 637 1642 675 de-

78 702 183 741 disse
213 702 398 741 arbitror.
448 700 496 740 of.
528 700 650 739 etiam
680 698 727 737 E.
748 697 886 737 Rohde
917 696 1075 736 Griech.
1108 696 1223 735 Rom.
1248 695 1344 734 193.
1358 695 1397 733 4.
1430 694 1526 735 204.
1545 695 1584 732 7.

823 807 902 850 147

313 891 375 941 εἰς
404 886 566 944 καιρὸν
594 885 745 944 ἥκεις,
777 883 835 937 ὠς
865 883 999 941 ἔγωγ’
1020 883 1311 941 ἀπορουμένη

312 955 406 1001 ἄνω
436 955 556 1001 κάτω
586 971 635 999 τε
664 952 966 1010 περιπατοῦσ’
987 951 1140 1007 ὥσπερ
1171 953 1370 995 Πλάτων

311 1024 458 1081 σοφὸν
487 1020 625 1069 οὐδὲν
656 1018 834 1080 εὕρηκ’,
866 1019 979 1065 ἀλλὰ
1012 1028 1159 1065 κοπιῶ
1187 1018 1241 1063 τοὶ
1272 1020 1422 1076 σκέλη.

191 1121 392 1172 Diogenes
422 1120 554 1160 Laert.
585 1121 632 1168 3,
655 1120 708 1158 26
738 1115 890 1166 ’Ἄλεξις
928 1114 1134 1169 Μεροπίδι
1172 1117 1254 1155 κτλ.
1313 1115 1641 1154 Academicorum

80 1178 353 1218 dubitationes
382 1177 543 1217 inridet.
610 1170 656 1215 τοὶ
679 1172 812 1226 σκέλη,
835 1177 880 1214 ut
898 1173 1114 1224 Antiphan.
1135 1174 1228 1224 106,
1248 1174 1285 1212 3.
1316 1172 1473 1211 Anaxil.
1493 1173 1560 1222 22,
1572 1172 1640 1210 21.

785 1309 947 1343 ΜῙΔΩΝ

192 1393 254 1434 Cf.
287 1407 387 1445 quae
416 1394 466 1433 ad
495 1392 737 1443 Antiphanis
766 1392 970 1431 Midonem
999 1390 1255 1430 adnotantur.

825 1500 907 1544 148
987 1502 990 1506 ’

302 1581 327 1625 ὁ
357 1581 532 1636 πρῶτος
562 1579 713 1636 εὑρών
742 1577 853 1635 μετὰ
885 1578 1143 1634 λυχνούχου
1172 1585 1439 1635 περιπατεῖν

303 1653 382 1706 τῆς
411 1648 576 1700 νυκτὸς
602 1642 662 1705 ἦν
691 1664 758 1700 τις
787 1645 997 1704 κηδεμών
1027 1650 1120 1690 τῶν
1150 1647 1406 1711 δακτύλων.

194 1746 423 1785 Athenaeus
449 1745 513 1795 15,
526 1744 640 1784 ‘looa
662 1740 814 1790 ’Ἄλεξις
847 1740 1014 1781 Μίδωνι
1044 1743 1125 1780 κτλ.
1155 1744 1196 1781 et
1225 1754 1303 1782 om.
1334 1741 1493 1780 fabulae
1523 1740 1643 1779 titulo

84 1802 317 1842 Eustathius
341 1803 462 1850 1571,
478 1802 544 1840 10.
559 1822 615 1829 —
634 1801 659 1842 i.
679 1813 716 1840 e.
740 1801 888 1850 pedum
908 1800 1039 1850 diqitis
1060 1799 1270 1847 consuluit,
1293 1810 1393 1848 quos
1412 1799 1458 1836 in
1476 1798 1646 1837 tenebras

82 1860 198 1899 facile
243 1859 458 1898 laedebant
499 1858 567 1908 qui
612 1858 696 1897 sine
733 1857 897 1896 lucerna.
933 1856 1205 1895 ambulabant.
1255 1855 1305 1894 of.
1338 1854 1461 1894 Arist.
1495 1854 1572 1894 Av.
1605 1854 1644 1892 8.

81 1916 284 1966 Eq.874.

753 1990 969 2024 ΜῙΛΗΣΙΑ

197 2071 394 2125 Μιλήσιοι
426 2073 571 2113 Athen.
605 2074 643 2124 9,
666 2074 781 2112 3798,
809 2075 851 2112 et
880 2072 995 2112 Stob.
1027 2071 1136 2112 Flor.
1172 2072 1266 2120 112,
1289 2071 1328 2110 6.
1362 2071 1484 2109 Mein.
1504 2070 1524 2108 Ι
1545 2070 1644 2109 388.

83 2130 134 2170 of.
169 2130 312 2170 Eubul.
343 2131 410 2180 42,
432 2132 471 2170 5.
827 2182 908 2225 149

287 2260 370 2304 οὐκ
401 2266 494 2305 ἴστε
525 2270 621 2314 ταῖς
650 2263 902 2305 πλείσταισι
932 2262 1024 2303 τῶν
1053 2263 1225 2315 τεχνῶν
1256 2259 1324 2303 ὅτι

287 2328 371 2373 οὐκ
402 2328 676 2385 ἀρχιτέκτων
706 2329 863 2390 κύριος
890 2332 970 2383 τῆς
998 2325 1166 2384 ἡδονῆς

230 2437 233 2441 .
286 2398 424 2452 μόνος
453 2396 713 2454 καθέστηκ’,
745 2396 859 2440 ἄλλα
891 2395 967 2439 καὶ
994 2399 1088 2439 τῶν
1117 2396 1360 2451 χρωμένων

288 2465 596 2521 συμβάλλεταί
621 2481 710 2520 τις,
742 2461 799 2507 ἂν
829 2466 977 2514 καλῶς
1006 2465 1226 2519 χρῶνται,
1257 2465 1403 2518 μερίς;

237 2543 258 2574 5
289 2536 339 2576 B.
370 2532 502 2576 ποῖόν
531 2549 599 2583 τις
639 2534 714 2575 δεῖ
738 2531 828 2587 γὰρ
858 2530 972 2587 κάμὲ
1001 2530 1082 2575 τὸν
1111 2531 1242 2583 ξένον
1272 2535 1454 2587 μαθεῖν.

290 2604 342 2644 Α.
374 2599 456 2644 τὸν
487 2599 710 2653 ὀψοποιὸν
741 2601 963 2643 σκευάσαι
993 2602 1194 2655 χρηστῶς
1223 2599 1367 2654 μόνον

290 2669 362 2710 δεῖ
387 2667 576 2723 τοῦψον,
608 2666 716 2711 ἄλλο
747 2666 790 2711 δ’
813 2665 962 2712 οὐδέν.
1013 2663 1070 2710 ἄν
1100 2667 1183 2723 μὲν
1213 2661 1300 2710 οὖν
1331 2664 1442 2721 τύχῃ

291 2734 315 2779 ὁ
347 2738 488 2779 ταῦτα
517 2736 697 2791 μέλλων
729 2735 903 2780 ἐσθίειν
932 2751 980 2778 τε
1010 2735 1084 2778 καὶ
1116 2742 1291 2790 κρινεῖν

291 2804 355 2853 εἰς
385 2802 545 2858 καιρὸν
577 2804 744 2858 ἐλθών,
776 2803 986 2861 ὠφέλησε
1016 2801 1100 2859 τὴν
1130 2804 1309 2857 τέχνην·

216 2881 258 2912 10
287 2868 345 2914 ἄν
374 2869 418 2913 δ’
441 2870 648 2930 ὑστερίζῃ
677 2875 757 2928 τῆς
785 2872 1054 2927 τεταγμένης
1083 2869 1250 2926 ἀκμῆς,
