1864 3204
223 178 307 220 366
873 181 1122 218 ΑΛΕΞΙΔΟΣ

848 285 1148 318 ΠΟΛΤΚΛΕΙΑ

337 352 520 390 No'minis
549 353 741 391 rationem
776 354 945 403 explieat
975 354 1202 394 Athenaeus
1236 357 1300 403 14,
1333 357 1444 395 6420.
1474 356 1521 395 fr.
1546 358 1637 396 185.

965 464 1045 506 185

497 539 520 581 ὁ
553 534 727 595 πρῶτος
759 539 905 595 εὑρών
935 542 1106 597 κομψὸς
1133 538 1194 599 ἦν
1223 543 1503 599 τραγήματα·

493 611 574 651 τοῦ
605 612 859 663 συμποσίου
889 611 975 664 γὰρ
1007 609 1243 666 διατριβὴν
1275 611 1428 666 ἐξεῦρέ
1454 627 1547 663 πως

493 674 688 731 κάργούς
717 678 836 732 ἔχειν
865 678 1083 733 μηδέποτε
1114 675 1192 728 τάς
1222 680 1448 734 σιαγόνας.

337 770 566 810 Athenaeus
601 772 664 819 14,
688 772 768 810 642
787 785 806 811 ο
828 768 979 819 ’Ἄλεξις
1011 773 1235 811 Πολυκλεία
1266 771 1441 827 (ἑταίρας
1472 770 1513 812 δ’
1537 771 1662 825 ὄνομα
1693 775 1776 814 Πο-

222 824 399 876 λύκλεια)
430 801 794 866 xv1.Eust’athius
827 813 1294 877 1594,10’Ἀλεξιςε’ν
1324 842 1394 884 τῳ·
1435 829 1658 881 συμποσίου
1687 831 1775 870 δια-

224 881 337 934 τριβὴ
368 880 413 920 τὰ
445 882 684 934 τραγήματα,
716 881 813 923 ὥστε
843 880 990 936 άργοὺς
1021 888 1101 927 κτλ
1178 889 1215 924 2
1247 900 1329 933 πως
1361 900 1436 928 om.
1469 889 1517 927 A.
1592 889 1631 926 3.
1661 886 1777 938 μηδέ-

222 952 315 977 ποτε
345 937 396 991 Β]
429 939 687 989 μηδεπωποτε
717 941 766 980 A.

900 1019 1104 1052 HONHPA

336 1087 369 1125 Ι.
392 1100 426 1142 ο.
458 1083 639 1139 Πονήρα,
671 1100 801 1127 amore
829 1100 959 1138 aeqra.
1006 1088 1176 1129 Cramer.
1208 1090 1358 1129 Anecd.
1391 1090 1471 1130 Ox.
1495 1091 1515 1129 Ι
1545 1093 1640 1140 373,
1647 1091 1688 1133 ,4
1737 1091 1780 1130 οἱ

224 1138 406 1193 νεώτεροι
435 1148 505 1194 τῆς
535 1142 743 1211 κωμῳδίας
774 1143 947 1195 ποιηταὶ.
997 1144 1217 1197 ,πονηροὺς
1249 1144 1463 1198 ἐξήνεγκαν
1494 1145 1608 1194 τοὺς
1639 1145 1777 1211 ἐρῶν-

224 1214 306 1246 τας
337 1199 445 1247 παρὰ
475 1196 517 1237 τὸ
546 1203 685 1239 πονεῖν
715 1197 757 1238 ἐν
786 1200 838 1254 τῳ
869 1199 976 1252 ἐρᾶν.
1035 1203 1248 1242 Herodian.
1282 1204 1300 1241 I
1333 1206 1499 1254 197,19
1531 1201 1574 1242 τὸ
1605 1199 1777 1256 πόνηρος

259 1256 320 1294 ,οἵ
341 1253 507 1294 Ἀττικοὶ
529 1287 564 1295 ..
585 1255 999 1308 .προπαροξύνουσιν,
1030 1256 1127 1298 ὅταν
1157 1257 1226 1298 τὸν
1256 1257 1466 1299 ἐπίπονον.
1485 1259 1692 1315 ,σημαίνῃ
1723 1261 1775 1300 cf.

222 1313 366 1362 Eupol.
399 1314 494 1355 321.

959 1368 1038 1410 186

493 1443 612 1499 ὅμως
642 1448 911 1500 λογίσασθαι
941 1445 1054 1500 πρὸς
1084 1445 1279 1502 ἐμαυτὸν
1308 1447 1528 1503 βούλομαι

494 1512 790 1568 καθεζόμενος
820 1515 1022 1557 ἐνταῦθα
1052 1513 1133 1569 τὴν
1164 1513 1382 1571 ὀψωνίαν,

495 1578 606 1636 ὁμοῦ
636 1597 684 1623 τε
715 1580 930 1632 συντάξαι
959 1584 1001 1623 τί
1031 1585 1211 1635 πρῶτον
1241 1584 1430 1637 οἰστέον,

454 1674 456 1676 v
493 1648 717 1703 ἡδυντέον
747 1665 794 1691 τε
823 1651 917 1700 πῶς
945 1648 1136 1692 ἕκαστόν
1167 1650 1264 1693 ἐστί
1289 1666 1378 1705 μοι.

444 1725 465 1756 5
495 1716 674 1770 τάριχός
706 1717 800 1758 ἐστι
830 1719 1012 1772 πρῶτον
1041 1715 1211 1772 ὡραῖον
1240 1720 1350 1761 τοδί.

494 1780 718 1838 διωβόλου
748 1782 867 1826 τοῦτ’
892 1786 996 1827 ἔστι.
1056 1786 1250 1828 πλυτέον
1282 1781 1333 1828 εὖ
1363 1786 1495 1840 μάλα.

495 1848 573 1893 εἶτ’
599 1852 662 1901 εἰς
691 1852 910 1894 λοπάδιον
939 1850 1178 1903 ὑποπάσας
1206 1851 1440 1909 ἡδύσματα

495 1918 642 1969 ἐνθεὶς
672 1917 721 1960 τὸ
750 1920 956 1974 τέμαχος,
988 1919 1153 1962 λευκὸν
1184 1918 1309 1964 οἶνον
1341 1921 1532 1976 ἐπιχέας,

494 1986 770 2029 έπεσκέδασα
801 1986 1036 2030 τοῦλαιον·
1068 1983 1155 2030 εἶθ’
1179 1988 1303 2039 ἕψων
1334 1993 1447 2031 ποιῶ

422 2063 464 2094 10
494 2053 677 2108 μυελόν,
709 2052 900 2108 άφεῖλόν
929 2055 970 2097 τ’
994 2055 1276 2109 ἐπιγανώσας
1307 2059 1483 2114 σιλφίῳ.

334 2147 562 2187 Athenaeus
594 2148 817 2196 3,1170d
857 2143 877 2185 ὁ
914 2144 953 2186 δ’
982 2144 1101 2195 αὐτὸς
1141 2146 1330 2202 (Ἄλεξις)
1368 2147 1412 2188 ἐν
1451 2147 1615 2205 Ποιήρα
1660 2149 1774 2201 περὶ

223 2203 486 2249 σκευασίας
517 2203 728 2270 ταρίχων
756 2201 992 2255 μάγειρόν
1022 2219 1109 2243 τιια
1138 2204 1305 2256 παράγει
1334 2204 1538 2257 λέγοντα
1569 2205 1662 2247 τάδε
1690 2210 1771 2247 κτλ.

226 2263 261 2299 1.
292 2257 389 2311 πρὸς
419 2258 473 2312 Α]
505 2259 602 2311 πρός
631 2254 669 2313 γ’
703 2261 853 2300 Iacobs.
875 2262 978 2300 Add.
1001 2262 1096 2300 Ath.
1119 2263 1185 2301 81.
1275 2260 1381 2312 ὅμως
1412 2260 1456 2301 δὲ
1486 2265 1622 2303 Dindf.
1708 2266 1770 2303 λο-

221 2316 400 2368 γίζεσθαι
428 2317 547 2355 Mein.
579 2318 640 2357 ed.
670 2318 762 2356 mai.
812 2318 979 2357 fortasse
1009 2317 1247 2370 λογίσασθαι
1279 2315 1338 2369 δὴ.
1428 2322 1468 2359 5.
1500 2317 1582 2358 ἐστι
1612 2333 1688 2362 om.
1719 2321 1769 2370 A.

223 2372 320 2412 τοδί.
347 2374 353 2421 Ι
379 2371 572 2425 διωβόλου
602 2371 760 2426 Dindf.]
792 2371 833 2412 τὸ
866 2373 927 2412 διο
953 2373 959 2425 1
984 2372 1106 2426 βόλου
1136 2377 1184 2414 A.
1235 2376 1326 2414 dein
1355 2373 1460 2415 ἔστιν
1488 2377 1538 2415 Α.
1628 2379 1666 2416 7.
1697 2371 1768 2415 εἴτ’

223 2427 295 2482 εἰς]
327 2427 368 2468 εἴ
393 2443 450 2476 τις
480 2430 528 2468 Α.
619 2432 655 2470 9.
685 2435 771 2468 ποῶ
799 2431 836 2470 Α
866 2433 907 2469 et
938 2431 983 2470 C.
1073 2433 1141 2470 10.
1171 2430 1297 2484 σίλφῳ
1327 2432 1378 2470 A.

335 2499 423 2525 cum
461 2499 497 2527 v.
533 2487 552 2524 1
594 2487 642 2525 ef.
673 2487 797 2525 Arist.
832 2488 936 2527 Nub.
969 2489 1035 2527 20.
1125 2489 1189 2529 10.
1229 2486 1389 2538 μυελόν,
1429 2489 1614 2537 ‘coquens
1651 2493 1695 2528 ut
1721 2491 1772 2530 sit

222 2547 395 2581 tenerum
432 2546 466 2581 et
500 2543 609 2582 ‘molle
645 2544 760 2582 veluti
796 2544 991 2583 medulla?
1039 2543 1258 2594 Schweigh.
1357 2547 1395 2583 9.
1431 2546 1483 2583 10
1521 2546 1771 2584 scribendum

221 2599 378 2638 videtur
416 2596 752 2645 ἐπισκεδάσας
793 2596 827 2637 τ’
859 2597 1028 2638 ἔλαιον
1065 2594 1148 2638 εἶθ’
1179 2598 1291 2648 ἕψων
1319 2601 1420 2638 ποιῶ
1448 2599 1595 2651 μυελὸν
1623 2597 1768 2650 άφει-

222 2655 317 2701 δῶς
348 2652 594 2704 ἐπιγανώσας
623 2654 776 2708 σιλφίῳ.
826 2669 916 2695 nam
949 2669 1186 2707 quamquam
1216 2657 1258 2695 in
1286 2657 1434 2697 talibus
1456 2670 1667 2708 coquorum
1690 2671 1770 2697 me·

222 2712 485 2750 ditationibus
523 2712 627 2750 haud
666 2725 754 2751 raro
792 2725 977 2762 praesens
1014 2715 1170 2763 tempus
1208 2726 1297 2751 cum
1326 2714 1471 2753 aoristo
1501 2715 1769 2766 conjungitur,

222 2768 284 2806 hic
314 2771 447 2807 tamen
477 2769 621 2806 mirum
651 2769 692 2807 in
712 2770 871 2807 modum
893 2770 1225 2808 contaminantur.
1258 2770 1306 2808 cf.
1329 2773 1530 2820 praeterea
1550 2771 1597 2808 fr.
1619 2772 1713 2810 187.
1727 2772 1766 2819 8,

221 2837 320 2873 quae
350 2825 439 2862 huic
470 2825 510 2862 in
540 2825 675 2863 fabula
704 2825 787 2865 sine
817 2826 937 2865 dubio
967 2826 1143 2875 proxima
1173 2829 1295 2865 erant.
