1806 3216
177 180 261 222 530
809 179 1109 214 ΦΙΛΗΜΟΝΟΣ

293 283 477 333 Compar.
509 284 615 322 Men.
647 286 687 321 et
716 283 817 322 Phil.
850 297 889 332 p.
913 284 1010 322 365
1115 285 1150 321 1.
1193 284 1248 322 sio
1286 284 1407 322 Mein.
1445 297 1517 335 pro
1552 280 1610 352 μὴ
1649 281 1732 337 λε’γε

175 339 367 390 πρότερον
396 339 452 385 τίς
481 333 550 390 ἧς,
580 335 677 377 ἀλλὰ
708 345 785 377 νῦν
814 339 871 385 τίς
902 332 943 392 ᾖ.
1033 341 1071 378 2.
1103 335 1277 391 ἆρμόζου
1306 338 1516 393 Rutgers]
1546 337 1729 394 ὁρμάζου.

178 410 250 436 sm.
282 393 538 447 ἁρμόττον.
591 397 669 434 duo
699 396 927 446 fragmenta
957 409 1042 435 esse
1073 397 1229 435 monuit
1258 397 1540 437 Buttmannus.

911 539 991 582 188

445 616 549 669 ὄνος
577 619 769 673 βαδίζεις
801 619 862 668 εἰς
892 616 1035 675 ἄχυρα
1066 619 1372 675 τραγημάτων.

293 713 395 764 φησί
421 727 499 751 που
529 709 730 763 Φιλήμων.
762 713 993 752 Athenaeus
1025 714 1062 764 2,
1087 714 1185 753 52e.
1238 715 1286 753 de
1318 716 1479 764 syntaxi
1510 715 1560 754 cf.
1583 714 1735 755 Cratin-

175 771 226 809 52
265 774 306 808 et
343 771 391 809 de
426 771 634 820 proverbio
676 770 818 840 Eupol.
852 771 947 808 299.
1002 771 1180 820 Apostol.
1214 766 1287 821 12,
1312 773 1363 839 ’(8
1395 769 1490 818 ὄνος
1522 771 1576 818 εἰς
1605 769 1735 824 αχυρα

173 824 238 865 ἐπὶ
275 841 354 865 των
392 823 489 876 παρ’
519 825 680 872 ἐλπίδας
717 826 773 873 εἰς
802 821 986 878 ἆγαθάε
971 823 1245 877 ἐμπιπτόντων
1273 825 1340 865 καὶ
1371 824 1526 875 τούτοις
1555 825 1731 867 ἀπολαυ-

176 888 319 929 στικως
359 883 583 934 χρωμένων.
645 883 881 934 Diogenian.
915 886 960 933 6,
993 885 1058 922 91.
1109 884 1229 934 Greg.
1263 883 1381 934 Cypr.
1422 886 1548 935 Mosq.
1581 886 1631 936 4,
1664 887 1731 924 61.

174 940 282 979 Suid.
312 936 416 987 ὄνος.

913 1017 992 1059 189

407 1097 600 1152 Κροίσῳ
631 1097 753 1138 λαλω
784 1107 858 1138 σοι
888 1096 962 1138 καὶ
994 1096 1122 1153 Μίδᾳ
1152 1097 1226 1138 και
1264 1098 1487 1139 Ταντάλω.

285 1190 520 1229 Ευείῑὶιίὼίυε
552 1191 674 1237 1701,
699 1192 722 1229 6
758 1186 960 1228 Ταντάλου
991 1187 1178 1240 τάλαντα,
1209 1188 1292 1228 ἐπεὶ
1322 1188 1511 1238 πλούσιός
1541 1205 1634 1230 ποτε
1663 1183 1733 1243 ἦν,

175 1242 228 1293 ὡς
268 1245 398 1297 δηλοῖ,
437 1246 556 1297 φασί,
593 1245 785 1297 Φιλήμων
822 1244 945 1285 εἰπών
981 1248 1061 1285 κτλ.
1119 1247 1285 1286 fortasse
1314 1249 1574 1298 praecedebat
1603 1245 1733 1301 ω’σπερ

175 1298 263 1342 οὖν.
314 1317 364 1342 an
395 1302 552 1356 Κροίσῳ
581 1300 733 1355 γέλως
763 1297 837 1342 eff?

908 1414 990 1455 190

433 1490 603 1547 σαυτὴν
634 1491 829 1541 ἐπαινεῖς
858 1489 1029 1548 ὥσπερ
1036 1490 1313 1549 Ἀστυδάμας
1342 1494 1461 1537 ποτέ.

283 1587 451 1627 Photius
481 1584 707 1637 σαυτὴν-
727 1583 836 1625 ποτέ.
884 1581 1166 1640 Ἀστυδαμα
1198 1586 1256 1640 τῷ
1287 1587 1555 1639 Μορσίμου
1585 1585 1730 1640 εὐημε-

172 1639 339 1693 ρήσαντι
367 1640 429 1680 ἐπὶ
461 1642 677 1709 τραγῳδίας
708 1642 944 1681 διδασκαλία
967 1643 1280 1694 Παρθενοπαίου
1302 1643 1478 1695 δοθῆναι
1509 1641 1581 1683 ὑπ’
1600 1641 1730 1695 Ἀθη-

171 1700 296 1739 ναίων
332 1698 486 1745 εἰκόνος
524 1697 723 1739 άνάθεσιν
768 1697 811 1738 ἐν
848 1699 1016 1770 θεάτρῳ.
1068 1698 1136 1738 τὸν
1174 1697 1218 1738 δὲ
1255 1699 1310 1748 εἰς
1347 1697 1472 1740 αὑτὸν
1509 1700 1731 1754 ἐπίγραμμα

170 1757 331 1808 ποιῆσαι
359 1754 621 1804 ἀλαζονικὸν.
669 1754 767 1796 ,καὶ
795 1756 985 1808 παροιμία
1014 1769 1121 1809 παρα
1151 1760 1231 1802 τοῖς
1259 1761 1448 1806 κωμικοῖς
1479 1756 1643 1810 ἐγένετο,
1674 1755 1729 1806 ὦς

170 1809 277 1866 παρὰ
306 1811 513 1865 Φιλήμονι.
562 1815 708 1853 Zenob.
741 1815 903 1864 5,100,
934 1814 1003 1852 ubi
1034 1815 1084 1853 cf.
1115 1827 1214 1864 quae
1243 1815 1478 1854 Leutschius
1509 1816 1728 1855 adnotavit.

171 1868 282 1923 ποτέ]
315 1869 435 1922 γύναι
467 1872 611 1910 Zenob.
642 1871 807 1910 Diodor.
831 1872 895 1921 14,
914 1872 966 1909 43
985 1865 1231 1920 Ἀστυδάμας
1262 1868 1305 1909 δὲ
1335 1868 1356 1909 ὁ
1386 1870 1730 1926 τραγῳδιογράφος

170 1926 253 1966 τότε
287 1925 367 1979 (Ol.
399 1929 465 1977 95,
488 1923 533 1982 2)
563 1927 720 1979 πρῶτον
750 1924 940 1978 ἐδίδαξεν,
972 1925 1081 1977 ἔζησε
1111 1924 1155 1966 δὲ
1185 1925 1251 1979 ἔτη
1283 1925 1489 1979 ἑξήκοντα.

912 2062 990 2103 191

441 2139 574 2191 άλλος
605 2138 702 2182 κατ’
726 2137 871 2195 ἄλλην
901 2139 1199 2195 δαιμονίζεται
1227 2139 1381 2196 τύχην.

285 2235 478 2274 Stobaeus
509 2234 594 2273 Ecl.
628 2236 672 2282 1,
705 2235 749 2282 6,
781 2235 805 2273 8
837 2233 1036 2273 Wachsm.
1065 2231 1291 2285 Φιλήμονος
1332 2231 1452 2288 (falso
1482 2236 1727 2286 adscniptum

171 2293 220 2330 ad
234 2289 300 2358 7).
347 2292 453 2331 Plut.
476 2291 576 2330 Mor.
601 2264 712 2330 7066
743 2290 785 2328 οἶ
808 2287 924 2342 μάγοι
953 2288 1044 2337 τοὺς
1075 2289 1418 2342 δαιμονιζομένους
1448 2291 1652 2330 κελεύουσι
1681 2307 1727 2331 τα

169 2345 373 2399 γράμματα
397 2345 574 2401 (Anaxil.
596 2345 666 2401 18)
685 2344 784 2398 πρὸς
803 2343 951 2394 αὐτοὺς
971 2345 1209 2399 καταλέγειν.
1246 2349 1363 2387 aliter
1382 2346 1730 2400 δεδαιμονισμένον

171 2406 290 2455 Soph.
314 2406 362 2447 fr.
387 2406 468 2444 174
489 2405 540 2443 N.

906 2491 986 2534 192

441 2569 604 2628 χρόνος
632 2569 687 2612 τά
718 2569 895 2626 κρυπτοὶ
924 2569 1070 2612 πάντα
1102 2571 1163 2620 εἰς
1193 2570 1309 2625 φάος
1338 2569 1453 2626 ἄγει.

284 2666 475 2705 Stobaeus
507 2666 592 2704 Eel.
618 2667 659 2715 1,
684 2666 725 2712 8,
749 2666 801 2704 26
831 2662 1067 2715 Φιλήμονος.
1118 2663 1282 2714 ‘tragici
1312 2665 1476 2704 ineerti'
1510 2664 1721 2715 Wachsm.‚

169 2722 315 2760 lemma
343 2722 444 2761 falso
474 2722 537 2760 hie
568 2722 807 2771 adscriptum
839 2733 1002 2761 censens
1023 2716 1098 2774 (‘?).
1142 2718 1333 2772 πρὸς(τὸ
1355 2722 1446 2760 add.
1470 2718 1610 2774 Mein.)
1640 2720 1726 2770 φῶς
1792 2719 1795 2721 ’

168 2775 254 2829 ἄγει
285 2779 472 2818 Menand.
494 2780 668 2818 monost.
692 2778 786 2819 592.
829 2779 880 2817 cf.
913 2780 1086 2817 monost.
1118 2779 1214 2816 459.
1264 2778 1328 2817 hic
1357 2778 1522 2816 fortasse
1552 2778 1723 2816 scriben-

169 2835 261 2873 dum
292 2831 430 2873 πάντ’
452 2832 529 2873 ἀεὶ
558 2832 653 2887 πρὸς
684 2837 785 2884 φῶς
814 2831 915 2886 ἄγει.
