1864 3204
331 185 542 220 ΜῙΔΗΣῙΔ
569 203 611 210 -
637 185 906 220 ΟΔΤΣΣΕΤΣ
930 183 1324 219 ΔΠΟΝῙΖΟΜΕΝΟΣ
1558 181 1642 224 353

761 322 957 356 ΜῙΛΚΩΝ

195 405 351 444 Nomen
389 404 550 443 aliunde
586 403 682 442 mihi
712 403 874 454 quidem
903 414 983 442 non
1015 403 1231 454 cognitum.
1294 383 1446 440 Μίκων
1478 399 1646 452 Μικίων

82 463 146 501 est
174 461 277 512 apud
309 463 507 512 oratores,
542 459 691 499 Μίκων
723 458 899 499 Μίκκων
928 460 970 499 in
1000 459 1343 510 inscriptionibus,

270 647 358 694 κᾶν
385 648 445 706 μὴ
478 651 719 705 παραθῶσι
748 649 918 705 θερμά;
967 652 1019 692 Β.
1052 646 1255 704 τάγαθὸν
1284 649 1483 692 Πλάτων

268 717 530 774 ἁπανταχοῦ
560 716 671 774 φησ’
692 716 872 773 ἀγαθὸν
902 713 1041 773 εἶναι,
1071 717 1343 772 μανθάνεις;

267 787 319 830 τό
347 784 400 829 θ’
421 783 508 842 ἡδὺ
537 787 718 836 πάντως
745 784 858 842 ἡδύ,
890 784 1024 828 κάκεῖ
1049 783 1267 828 κάνθάδε.

199 883 427 921 Athenaeus
449 882 487 932 8,
499 881 618 921 354d
648 874 781 927 οὐδεὶς
810 877 885 932 γὰρ
914 875 968 918 ἂν
997 874 1116 932 φάγοι
1147 883 1340 931 ψυχρῶν·
1371 876 1393 918 ὁ
1416 877 1646 928 Κύνουλκος

84 936 184 990 ἔφη,
225 937 324 978 κατὰ
354 935 423 977 τὸν
449 934 642 986 Ἀλέξιδος
673 938 742 976 τοῦ
771 935 1072 991 κωμῳδιοποιοῦ
1104 936 1324 987 Μίλκωνα,
1366 933 1463 988 ἐγώ,
1507 936 1646 988 φησίν,

83 996 165 1035 κτλ.
265 998 302 1035 1.
343 988 421 1033 κᾶν
451 991 835 1047 Schweighaeuser]
874 992 946 1033 ἐὰν
975 995 1026 1036 A.
1115 994 1309 1034 ‘fortasse
1344 996 1521 1045 παραθῶ
1551 997 1647 1034 σοι.’

85 1053 207 1092 Mein.
238 1053 286 1094 cf.
315 1054 406 1103 172,
429 1054 468 1092 5.
560 1054 594 1091 1.
616 1053 654 1090 2.
687 1050 887 1090 Πλάτωνα
915 1056 1122 1102 πανταχοῦ
1152 1049 1247 1102 φὴις
1278 1052 1326 1091 Α.
1357 1064 1458 1094 corr.
1480 1051 1644 1092 Grotius

86 1110 271 1160 Excerpt.
304 1110 400 1149 581.
488 1110 528 1148 3.
561 1103 605 1146 τό
633 1103 681 1146 θ’
713 1105 766 1161 Β]
797 1103 840 1146 τὸ
872 1104 913 1147 δ’
947 1109 996 1147 A.

198 1167 332 1206 nescio
368 1166 458 1216 quis
497 1165 610 1205 edere
650 1166 764 1215 eupit
799 1178 918 1216 quam
955 1165 1175 1206 celerrime.
1235 1164 1430 1204 ‘etiamne
1467 1166 1647 1205 nondum

85 1223 248 1264 cocta?
281 1224 506 1274 interrogat
534 1222 649 1262 alter.
681 1245 735 1249 —
766 1222 891 1261 ‘nihil
920 1222 1106 1262 interest:
1139 1234 1230 1261 nam
1262 1222 1356 1261 cet?

784 1345 943 1380 ΜῙΝΩΣ

201 1428 262 1471 Cf.
293 1429 344 1468 fr.
379 1429 473 1470 136.
524 1428 603 1467 fuit
632 1427 753 1466 etiam
786 1427 1027 1478 Antiphanis
1059 1425 1220 1474 Μίνως.

712 1550 1020 1585 ΜΝΗΣΤΗΡΕΣ

200 1621 263 1662 Cf.
289 1618 450 1671 Ἑλένης
480 1625 718 1673 μνηστῆρες.

728 1732 1008 1767 ΜΤΛΩΘΡΟΣ

202 1815 264 1855 Of.
295 1828 398 1866 quae
427 1815 477 1855 ad
508 1815 656 1854 Eubuli
688 1812 946 1867 Μυλωθρίδα
977 1814 1230 1854 adnotantur.

834 1925 915 1968 153

360 2005 435 2048 καὶ
464 2002 552 2060 γὰρ
578 2003 804 2060 Ἀργείους
833 2001 937 2061 ὁρῶ.

202 2099 346 2139 Miller.
368 2099 556 2139 Proverb.
576 2099 617 2138 II
647 2099 702 2138 46
735 2097 959 2152 (Melanges
989 2098 1089 2150 363)
1121 2096 1190 2137 καὶ
1217 2096 1294 2151 γὰρ
1318 2093 1519 2163 Ἀργείους
1549 2096 1649 2151 ὁρῶ·

89 2154 155 2195 καὶ
185 2153 288 2206 αὕτη
308 2154 555 2205 Σοφοκλείου
583 2152 689 2195 ἐστὶν
717 2154 901 2208 ἰαμβείου
930 2153 1070 2206 μέρος·
1100 2154 1310 2205 πεποίηται
1338 2170 1413 2208 γαρ
1434 2154 1519 2196 ἐκεῖ
1537 2158 1653 2208 Περι-

90 2214 199 2263 φυλῆ
229 2210 325 2266 (sic)
361 2210 460 2264 πρὸς
487 2208 734 2263 Ἀλκμαίωνα
774 2211 942 2264 λέγουσα
979 2214 1060 2251 κτλ.
1110 2209 1303 2263 μέμνηται
1334 2213 1479 2264 ταύτης
1498 2211 1650 2261 ’Ἄλεξις

90 2268 136 2308 ἐν
166 2267 377 2322 Μυλόθρῳ
415 2266 660 2323 (Μυλωθρῴ
690 2270 853 2321 Miller).
925 2270 1124 2320 Append:
1149 2282 1263 2319 prov.
1303 2270 1350 2319 3,
1373 2271 1426 2309 35
1464 2270 1651 2311 Leutsch.

90 2324 158 2365 καὶ
185 2320 262 2377 γὰρ
278 2321 480 2377 Ἀργείους
510 2321 625 2379 ὁρᾷς·
655 2355 665 2365 .
684 2355 693 2364 .
712 2324 884 2377 ,εἴρηται
915 2322 960 2364 δὲ
991 2323 1056 2364 ἐπὶ
1085 2330 1166 2364 τῶν
1185 2322 1352 2372 ἐντενῶς
1382 2324 1481 2377 πρὸς
1512 2323 1652 2366 ὁτιοῦν

90 2377 320 2435 βλεπόντων
346 2380 413 2421 καὶ
442 2378 733 2430 καταληπτικόν
762 2396 798 2420 τι
828 2380 1060 2421 δοκούντων
1089 2378 1199 2433 ὁρᾶν.
1251 2381 1292 2421 οἰ
1317 2379 1361 2420 δὲ
1391 2379 1455 2421 ἐπὶ
1485 2383 1566 2422 τῶν
1596 2382 1653 2430 εἰς

90 2436 246 2489 κλοπὴν
281 2434 613 2488 ὑπονοουμένων·
659 2438 945 2492 κωμῳδοῦνται
980 2436 1056 2490 γὰρ
1082 2435 1253 2489 Ἀργεῖοι
1293 2436 1355 2477 ἐπὶ
1396 2441 1539 2494 κλοπῇ.
1601 2442 1650 2479 cf.

92 2496 238 2536 Macar.
270 2496 308 2545 2,
331 2496 397 2534 38.
444 2495 613 2546 Hesych.
641 2491 841 2547 Ἀργείους
872 2491 967 2546 ὁρῶ.
1007 2496 1118 2535 Suid.
1145 2489 1346 2547 Ἀργείους
1376 2491 1489 2549 ὁρᾷς.
1531 2497 1652 2547 Soph.

93 2553 145 2591 fr.
177 2554 261 2592 200
289 2551 442 2591 Nauck.

532 2651 800 2685 ΟΔΤΣΣΕΤΣ
823 2652 1217 2686 ΑΠΟΝΙΖΟΜΕΝΟΣ

209 2733 455 2772 ‘Lavacrum
485 2731 593 2771 Ulixi
631 2732 681 2771 ab
711 2732 908 2784 Euryclea
944 2733 1236 2773 ministratum'
1270 2733 1486 2783 significari
1517 2737 1653 2774 censet

95 2790 266 2830 Meinek.
288 2790 307 2828 I
328 2790 423 2830 392.
468 2784 749 2839 ἆπονιζόμενος
779 2790 918 2840 scripsi
949 2792 1109 2830 secutus
1143 2789 1263 2828 Arist.
1282 2789 1402 2839 vesp.
1427 2791 1521 2829 608.
1554 2791 1652 2830 Phe-

94 2859 196 2886 reor.
227 2847 293 2886 41.
339 2846 529 2887 Dromon.
561 2846 599 2896 2,
622 2846 660 2887 3.
1588 2855 1594 2860 ·

164 2916 280 2945 Comici
298 2916 418 2949 graeci,
444 2916 492 2943 ed.
510 2916 572 2943 Th.
590 2916 702 2943 Kook.
720 2916 763 2943 11.
1339 2914 1383 2946 23
