1864 3204
290 220 369 261 150
870 222 1253 261 ΑΝΑΞΑΝΔΡΙΔΟΤ

1039 324 1093 366 38

387 376 546 432 ’Ἀρεος
577 379 759 421 παιδίον

399 457 463 497 ε’πὶ
501 465 579 498 τῶν
617 460 892 510 θρασυτάτων.
937 459 1119 515 κέχρηται
1151 460 1584 515 ..Ἀναξανδρίδης
1623 463 1839 530 Πανδάρῳ.

287 516 430 555 suidas
458 512 745 568 Ἀρεοπαγίτης.
803 515 934 566 Ἀναξ.
963 520 1235 560 Hemsterhus
1262 522 1382 560 Arist.
1407 522 1514 561 Plut
1545 536 1584 572 p.
1607 522 1705 574 324]
1734 516 1838 570 Scae}

289 570 496 627 Πανδαρῳ
527 574 646 613 Mein.
677 575 698 613 I
728 575 826 626 373]
860 573 1097 629 πεισάνδρῳ.

935 687 937 689 ’
970 700 1163 732 nomem

401 777 619 817 Meinekius
641 779 777 817 eodem
800 793 876 829 quo
898 781 1063 829 Eupolis
1086 780 1278 820 Civitates
1299 782 1340 820 in
1369 794 1548 821 scaenam
1577 783 1844 823 introduxerit

288 834 453 873 consilio
485 834 604 873 etiam
625 837 946 875 Anaxandridem
968 840 1102 875 censet
1124 850 1236 876 usum
1258 851 1343 877 esse
1365 842 1406 876 et
1431 840 1704 888 praesentibus
1724 840 1840 878 sociis

287 891 576 940 Aegyptiorum
608 893 767 941 quidem
798 893 950 944 legatos
983 894 1122 932 foedus
1154 895 1418 944 auxiliumque
1448 895 1498 934 ab
1529 896 1840 935 Atheniensibus

287 947 498 997 petivisse,
539 947 750 987 Civitatem
791 953 920 988 autem
955 951 1327 992 Atheniensiumid
1357 952 1444 990 fieri
1475 958 1589 1001 posse
1618 953 1840 1002 negavisse.

289 1004 335 1042 de
354 1007 588 1052 argumento
604 1018 684 1043 non
697 1005 822 1044 habeo
834 1007 937 1055 quod
957 1019 1173 1056 opponam:
1197 1008 1266 1046 sed
1282 1008 1388 1058 quod
1404 1009 1446 1046 in
1462 1009 1625 1059 antiqua
1641 1009 1842 1048 comoedia

288 1060 476 1109 Eupolidi
507 1060 665 1110 licebat,
697 1063 738 1100 in
768 1060 870 1101 neva
899 1063 1017 1102 aliter
1046 1064 1332 1103 instituendum
1365 1068 1450 1103 erat
1480 1065 1764 1104 Anaxandridi.

1046 1174 1101 1215 39

493 1249 578 1292 οὐκ
610 1247 665 1293 ἂν
696 1252 921 1307 δυναίμην
952 1260 1201 1308 συμμαχεῖν
1233 1252 1341 1309 ὑμῖν
1374 1254 1483 1308 ἐγώ·

492 1317 600 1360 οὔθ’
632 1319 680 1360 οὗ
705 1319 864 1372 τρόποι
893 1319 979 1375 γὰρ
1011 1318 1253 1375 ὁμονοοῦσ’
1288 1319 1393 1364 οὗθ’
1426 1322 1475 1364 οῖ
1499 1323 1631 1377 νόμοι
1701 1352 1704 1354 ψ

490 1384 640 1441 ἡμῶν,
673 1385 751 1428 ἀπ’
783 1385 993 1443 ἀλλήλων
1025 1389 1073 1431 δὲ
1105 1389 1333 1444 διέχουσιν
1363 1390 1495 1433 πολύ.

492 1457 611 1509 βοῦν
641 1463 936 1511 προσκυνεῖς,
969 1455 1055 1511 ἐγώ
1089 1458 1137 1498 δὲ
1168 1458 1271 1500 θύω
1302 1465 1394 1507 τοῖς
1422 1462 1569 1507 θεοῖς’

441 1531 461 1562 5
492 1520 575 1576 τὴν
607 1524 796 1577 ἔγχελυν
826 1524 1037 1578 μέγιστον
1067 1522 1171 1579 ἡγεῖ
1197 1527 1413 1581 δαίμονα,

492 1587 616 1645 ἡμεῖς
646 1590 694 1633 δὲ
724 1593 816 1633 τῶν
846 1590 974 1642 ὄψων
1001 1594 1212 1647 μέγιστον
1243 1593 1363 1648 παρὰ
1395 1593 1527 1636 πολύ.

494 1656 576 1700 οὐκ
609 1658 774 1708 ἐσθίεις
803 1658 906 1713 ὕει’,
941 1659 1026 1715 ἐγώ
1058 1660 1182 1716 δέ’γ’
1211 1660 1377 1717 ἥδομαι

492 1727 683 1782 μάλιστα
714 1726 909 1778 τούτοις·
949 1728 1065 1771 κύνα
1096 1732 1264 1784 σέβεις,
1296 1728 1447 1772 τύπτω
1479 1729 1522 1772 δ’
1555 1729 1665 1785 ἐγώ,

491 1792 664 1845 τοῦψον
695 1797 1030 1839 κατεσθίουσαν
1059 1795 1178 1853 ἡνίκ’
1213 1796 1269 1840 ἂν
1301 1798 1439 1853 λάβω.

418 1872 456 1902 10
486 1860 589 1912 τούς
620 1863 764 1918 ἱερέας
795 1863 962 1906 ἐνθάδε
991 1865 1075 1920 μὲν
1106 1863 1381 1921 ὁλοκλήρους
1410 1865 1546 1921 νόμος

494 1928 630 1984 εἶναι,
662 1929 773 1985 παρ’
803 1929 911 1986 ὑμῖν
942 1930 1001 1987 δ’,
1033 1932 1093 1982 ὥς
1123 1933 1250 1988 ἔοικ’,
1282 1932 1603 1989 ἀπηργμένους.

492 1996 572 2040 τὸν
603 1998 842 2054 αἰέλουρον
872 1998 1014 2042 κακόν
1045 1999 1191 2056 ἔχοντ’
1225 2001 1308 2043 ἐὰν
1338 2002 1460 2058 ἴδῃς,

494 2067 668 2121 κλάεις,
702 2065 787 2120 ἐγώ
819 2065 861 2108 δ’
894 2066 1042 2122 ἥδιστ’
1075 2067 1342 2119 ἀποκτείνας
1374 2069 1500 2125 δέρω.

495 2133 684 2175 δύναται
714 2133 822 2189 παρ’
854 2132 962 2189 ὑμῖν
991 2139 1194 2191 μυγαλῆ,
1226 2135 1334 2192 παρ’
1367 2137 1465 2193 ε’μοὶ
1496 2138 1547 2180 δέ
1573 2136 1614 2192 γ’
1647 2135 1715 2180 οὔ.

402 2228 628 2267 Athenaeus
675 2230 718 2279 7,
749 2229 866 2267 299f
900 2223 1210 2282 Ἀναξανδρίδης
1253 2226 1294 2269 δ’
1341 2228 1384 2269 ἐν
1429 2227 1577 2270 Πόλεσι
1613 2228 1710 2282 πρὸς
1751 2228 1843 2277 τοὺς

291 2284 538 2336 Αἰγυπτίους
568 2279 872 2335 αποτεινόμενος
910 2283 978 2325 τὸν
1007 2285 1123 2339 λόγον
1153 2287 1278 2338 φησίν
1307 2290 1388 2327 κτλ.
1447 2290 1584 2328 v.10.
1620 2291 1668 2326 11
1700 2288 1843 2333 Eusta-

291 2342 399 2381 thius
432 2343 638 2392 1183,13
676 2339 768 2387 τοὺς
799 2341 1044 2394 Αἰγυπτίους
1083 2343 1200 2392 ἱερεῖς
1237 2339 1514 2394 εὐνούχους
1544 2337 1697 2395 δηλαδὴ
1726 2341 1843 2390 ὄντας

290 2396 461 2437 σκώπτει
493 2412 550 2444 τις
581 2394 703 2437 εἰπών
730 2395 993 2467 απηρχθαι
1023 2398 1088 2437 διὰ
1119 2393 1162 2438 τὸ
1192 2398 1232 2448 ἐξ
1253 2397 1385 2440 αὐτῶν
1415 2416 1469 2448 ως
1490 2396 1556 2438 οἷα
1586 2414 1674 2439 τινα
1703 2398 1842 2452 προδε-

290 2452 437 2493 δόσθαι
475 2450 658 2507 απαρχὴν
696 2453 771 2505 τὴν
809 2466 954 2505 τμησιν
989 2460 1070 2495 τῶν
1105 2456 1290 2508 αἰδοίων,
1330 2454 1383 2504 ὥς
1422 2457 1543 2508 δῆλον
1581 2454 1624 2495 ἐκ
1662 2455 1730 2495 τοῦ
1760 2457 1843 2494 κτλ.

291 2518 329 2554 3.
361 2509 536 2562 διέχουσι
556 2514 605 2551 A.
697 2516 733 2553 6.
756 2511 963 2563 παραπολύ
983 2513 1034 2552 A.
1116 2515 1153 2552 7.
1174 2511 1262 2553 ὕεια
1282 2515 1331 2552 A
1411 2517 1476 2553 11.
1500 2509 1597 2552 ἔοικ’
1620 2513 1673 2565 Α]
1701 2505 1846 2552 ἐόικενῖ

293 2573 357 2610 13.
380 2567 511 2615 κλάεις
533 2567 690 2623 Dindf]
721 2569 866 2615 κλαίεις
889 2571 924 2607 Α
944 2572 985 2609 et
1005 2564 1167 2621 ἥδιστα,
1198 2584 1212 2608 ι
1242 2584 1288 2609 ex
1317 2586 1342 2621 η
1363 2584 1464 2611 corr.
1485 2567 1572 2609 m..¹
1665 2570 1729 2609 14.
1761 2567 1841 2608 δυ-

289 2622 413 2677 νατὴ
445 2627 493 2665 Κ.
546 2624 700 2678 μυγάλη
731 2629 779 2667 A.
826 2627 874 2664 ef.
908 2625 1158 2676 Cephisodor.
1193 2629 1229 2666 7.
1281 2628 1430 2669 Herod
1463 2629 1500 2678 2,
1523 2629 1591 2666 66.
1614 2628 1680 2665 67.

892 2750 1241 2786 ΠΡΩΤΕΣΙΛΑΟΣ

404 2825 468 2861 An
499 2822 803 2873 Πρωτεσίλεωςὶ)
841 2823 1009 2861 fortasse
1039 2822 1266 2871 tragoediae
1296 2822 1534 2871 Euripideae
1564 2821 1841 2870 argumentum

289 2882 332 2918 in
363 2881 570 2919 ridiculum
602 2880 826 2919 deflexerat.
885 2879 934 2917 cf.
967 2878 1126 2942 xPreller.
1159 2878 1286 2929 Myth.
1316 2876 1398 2928 gr.²
1428 2879 1468 2916 II
1489 2880 1584 2918 422.
1644 2875 1840 2926 quomodo
