1864 3204
495 218 524 250 1
526 216 897 251 TNAIKOKPATIA
921 234 962 240 —
990 216 1313 251 ΔΙΘΤΡΑΜΒΟΣ
1598 215 1684 258 239

115 319 422 375 ῙἾυναικομανία
453 313 597 359 οὑτωσὶ
627 317 753 372 λέγων
773 321 853 359 κτλ.
903 321 1142 360 Eustathius
1164 321 1262 373 40‘2,
1286 322 1337 359 12
1361 333 1437 360 om.
1461 324 1602 372 poetae
1624 323 1680 361 fa-

117 378 309 429 bulaeque
339 390 445 417 nom.
509 378 727 427 κνισολοῖχε
761 379 811 417 A.
867 374 1113 428 κνισσολοιχὲ
1144 377 1174 417 C
1206 379 1321 417 Eust.
1381 378 1612 429 Eurybatus
1647 381 1683 419 is

112 435 180 486 qui
211 435 438 485 adpellatur
467 447 537 484 per
565 435 869 474 translationem
891 435 1050 486 dicitur,
1081 448 1159 474 non
1192 436 1367 485 proprie
1400 432 1452 475 cf.
1474 435 1678 487 Aristoph.

111 492 162 531 fr.
187 493 278 532 184.
325 494 416 531 ante
446 486 520 530 οὐκ
541 491 796 531 inserendum
817 492 980 532 videtur
1009 496 1102 530 νῦν
1131 494 1263 531 ‘nunc
1292 493 1365 531 tibi
1388 493 1540 532 occasio
1563 493 1681 532 datur

111 550 266 588 ventris
296 549 516 599 explendi'.
588 561 681 587 nam
720 548 918 588 Dindorfii
952 549 1111 595 quidem
1152 550 1377 588 tetrametri
1417 550 1575 589 iambici
1615 551 1681 590 vix

114 606 298 656 cuiquam
327 606 553 656 placebunt.
871 660 891 701 1
900 660 920 701 l

386 714 600 770 εὐκυβεῖν

131 840 133 842 ,
227 812 325 849 οπερ
357 803 435 838 νῦν
454 794 648 850 εὖβολεῖν.
682 796 832 850 ’Ἀμφις
853 796 896 837 ἐν
918 796 1235 853 Γυναικομανίᾳ.
1266 799 1507 850 Hesychius.
1557 798 1679 840 εὐκυ-

109 853 200 906 βεῖν
228 856 452 895 litterarum
483 856 660 894 ordinem
691 859 851 895 secutus
871 854 1210 924 1.Fr.Gronov.]
1240 852 1419 896 εὐκολεῖν
1448 859 1536 897 cod.
1579 857 1676 909 ’Ἀμ-

112 926 181 962 φις
212 910 255 951 ἐν
287 913 587 966 Γυναικομανία
627 910 825 975 Heringa]
863 909 1009 964 άμφεῐς
1046 911 1090 951 δὲ
1126 913 1460 981 γυναικομανίαν.
1494 938 1547 942 ——
1578 916 1679 955 Poll.

113 971 157 1021 7,
178 971 259 1008 204
291 969 332 1008 οἵ
367 966 411 1007 δὲ
447 969 624 1021 βελτίους
656 964 833 1040 (βόλοι),
876 966 943 1020 ἐφ’
975 965 1036 1017 οἷς
1067 985 1133 1008 και
1164 968 1206 1009 τὸ
1237 966 1487 1022 εὖκυβεῖν
1517 970 1678 1024 ἐλέγετο.

114 1029 155 1066 et
185 1028 225 1076 9,
249 1028 302 1066 94
333 1025 554 1077 δυσκυβεΐν
583 1040 622 1065 τε
652 1024 720 1065 καὶ
750 1023 998 1078 εὖκυβεῖν.

749 1140 881 1173 ΔΑΚΤ
884 1139 1044 1174 ΤΑΙΟΣ

384 1260 482 1305 κατ’
515 1261 658 1319 άγρόν
872 1207 925 1249 12

225 1329 318 1373 «ivri
348 1334 416 1372 τοῦ
448 1332 492 1372 ἐν
521 1329 642 1388 άγρῷ.
685 1331 835 1386 ’Ἀμφις
867 1334 1089 1390 Δακτυλίῳ.
1122 1336 1292 1376 Bekker.
1318 1338 1469 1380 Anecd.
1494 1339 1588 1389 104,
1612 1336 1679 1378 25.

724 1444 1074 1486 ΔΕΞΙΔΗΜΙΔΗΣ

227 1517 384 1557 Nomen
413 1518 573 1557 aliunde
602 1517 699 1557 mihi
730 1518 892 1568 quidem
921 1531 1002 1558 non
1032 1520 1252 1570 cognitum.

869 1629 920 1672 13

987 1678 1023 1728 ὦ
1055 1684 1275 1742 Πλάτων,

343 1750 404 1803 οὖς
433 1750 572 1795 οὐδὲν
601 1749 739 1796 οἶσθα
769 1751 890 1809 πλὴν
919 1754 1270 1811 σκυθρωπάζειν
1298 1755 1456 1811 μόνον,

342 1818 494 1877 ὥσπερ
525 1822 706 1875 κοχλίας
736 1823 911 1877 σεμνως
941 1821 1148 1879 ἐπηρκως
1177 1820 1256 1874 τάς
1286 1822 1442 1879 ὀφρῦς.

223 1914 422 1966 Diogenes
442 1915 575 1954 Laert.
599 1917 638 1966 3,
661 1916 714 1954 28
736 1913 934 1967 Ἄμφις..
954 1914 1018 1956 ,ἐν
1040 1916 1284 1988 Δεξιδημίδῃ
1306 1921 1388 1957 κτλ.
1431 1932 1510 1959 om.
1537 1924 1678 1971 poetae

110 1970 345 2022 fabulaeque
366 1984 474 2012 nom.
499 1972 642 2012 Suidas
673 1971 992 2024 σκυθρωπάζειι.
1082 1975 1120 2013 2.
1149 1968 1260 2027 ἦσθα
1281 1975 1390 2015 AVE
1422 1975 1532 2016 Suid.
1555 1978 1675 2029 Diog.

110 2028 171 2066 ed.
203 2028 327 2068 Basil.
379 2029 427 2068 ef.
459 2042 559 2079 quae
580 2025 739 2098 (contra
759 2029 900 2070 Cobet.
923 2031 972 2070 N.
994 2032 1022 2070 l.
1045 2029 1147 2086 685)
1177 2033 1228 2071 ad
1258 2032 1386 2072 Arist.
1416 2035 1494 2074 Av.
1529 2036 1578 2073 19
1609 2036 1675 2074 ad-

108 2086 349 2125 notavimus.
402 2084 663 2140 Δεξιδημίδῃ]
695 2081 731 2123 δ’
757 2084 972 2140 ἐξιδημήδῃ
993 2089 1144 2128 Monac.
1189 2086 1234 2127 ἐν
1264 2087 1307 2127 δὲ
1337 2086 1480 2145 ξιμήδῃ
1501 2091 1676 2132 Vindob.

109 2141 200 2183 duo.
240 2143 455 2182 Platonis
444 2156 487 2182 m
511 2143 583 2182 hae
599 2144 737 2183 fabula
740 2147 884 2198 partes
902 2145 1024 2185 fuisse
1042 2146 1181 2197 (Mein.
1203 2146 1222 2184 I
1243 2146 1343 2199 405)
1361 2147 1434 2186 hoc
1449 2149 1676 2199 fragmento

109 2211 359 2249 nequaquam
391 2199 577 2239 efficitur.

736 2255 957 2290 ΔῘΘΤΡΑΜ
963 2258 989 2290 Β
994 2258 1058 2292 ΟΣ

868 2323 922 2364 14

255 2397 342 2453 ἐγώ
374 2399 424 2442 δὲ
454 2399 534 2442 τὸν
562 2402 754 2456 γίγγραν
783 2416 835 2455 γε
865 2399 945 2443 τὸν
975 2401 1254 2458 σοφώτατον.

254 2469 304 2508 Β.
335 2469 400 2518 τίς
431 2465 472 2510 δ’
506 2466 605 2511 ἔσθ’
641 2466 664 2510 ὁ
694 2471 902 2524 γίγγρας;
943 2474 998 2515 Α.
1031 2471 1193 2514 καινὸν
1224 2471 1446 2529 ἐξεύρημά
1476 2491 1518 2517 τι

254 2532 497 2591 ἡμέτερον,
530 2534 553 2577 ὃ
584 2536 765 2592 θεάτρῳ
795 2537 879 2586 μὲν
909 2534 1200 2583 οὐδεπώποτε

254 2601 406 2657 ἔδειξ’,
434 2601 679 2659 Ἀθήνησιν
709 2604 759 2646 δὲ
790 2608 1181 2662 κατακεχρημένον

206 2679 226 2709 5
259 2670 311 2713 ἐν
342 2673 611 2725 συμποσίοις
641 2672 733 2728 ἰδίᾳ
759 2670 859 2715 ’στί.
922 2676 972 2716 Β.
1004 2674 1078 2717 διὰ
1109 2678 1156 2718 τί
1182 2674 1224 2718 δ’
1258 2676 1341 2719 οὐκ
1372 2676 1493 2732 ἄγεις

255 2738 318 2788 είς
348 2738 428 2781 τὸν
460 2737 594 2794 ὄχλον
625 2737 787 2791 αὐτόν;
827 2746 881 2784 Α.
915 2742 1030 2785 διότι
1061 2742 1214 2798 φυλὴν
1244 2746 1469 2800 περιμένω

256 2806 438 2860 σφόδρα
468 2809 823 2861 φιλονεικοῦσαν
853 2811 1007 2865 λαχεῖν
1037 2810 1146 2853 τιν’·
1186 2808 1288 2854 οἶδα
1317 2811 1405 2867 γὰρ

253 2872 321 2916 ὅτι
351 2872 499 2916 πάντα
530 2873 751 2931 πράγματ’
784 2875 1126 2934 α’νατριαινσόσω
1158 2879 1345 2935 κρότοις.
