1864 3204
208 217 292 260 284
827 221 1147 254 ΕΠΙΚΡΑΤΟΥΣ

208 322 367 372 plorum
403 323 574 373 fastigiis
609 323 698 363 cibo
739 337 759 362 e
796 324 978 362 mactatis
1015 324 1156 363 hostiis
1187 316 1422 364 inhiahtes’.
1482 325 1602 363 Mein.
1632 337 1677 363 ac
1707 324 1764 364 sic

208 379 377 428 praedae
407 379 536 418 inhiat
565 379 667 419 Lais.
785 382 850 418 18.
882 380 1038 419 confert
1068 380 1287 420 Meinekius
1317 381 1419 419 Plaiz.
1450 381 1613 432 Protag.
1631 381 1762 420 329b

209 434 252 472 οἰ
278 431 462 486 ῥήτορες.
482 430 667 486 ,δόλιχον
695 435 970 475 κατατείνουσι
999 441 1070 475 τοῦ
1099 433 1228 488 λόγου.
1347 438 1412 476 25.
1444 434 1486 475 ἐκ
1517 442 1587 488 τῆς
1617 434 1760 488 χειρός,

208 494 253 530 ut
283 492 388 530 ferae
421 494 718 533 mansuefactae
749 494 881 533 cibum
912 507 958 533 ex
987 494 1193 532 hominum
1227 507 1345 532 manu
1376 496 1550 533 sumunt.

977 607 1002 644 4

410 679 621 736 τάρωτίκ’
655 682 946 738 ἐκμεμάθηκα
976 685 1116 725 ταῦτα
1147 685 1376 732 παντελῶς

412 752 655 804 Σαπφοῦς,
688 750 924 805 Μελήτου,
957 751 1260 806 Κλεομένους,
1293 752 1578 806 Λαμυνθίου.

320 843 546 883 Athenaeus
581 846 652 892 13,
677 846 788 883 6050
826 842 926 882 κατὰ
965 841 1039 892 τὴν
1072 839 1334 895 Ἐπικράτους
1369 841 1598 882 Ἀντιλαίδα
1626 846 1706 884 κτλ.

211 895 393 949 τάρωτίκ’
436 898 696 950 ἐκμεμάθηκα
732 901 854 939 Dobr.
896 901 1080 950 Append.
1119 901 1245 940 Arist.
1282 916 1320 951 p.
1355 899 1453 953 125]
1497 894 1662 950 ἑρωτικα
1698 915 1763 951 με·

207 955 374 1005 μοῖθηκα
395 956 444 994 Α.
524 959 561 995 2.
596 954 785 1008 Μελήτου
807 955 951 1009 Dobr.]
981 955 1077 1007 μέλη
1108 962 1180 996 τοῦ
1202 959 1250 996 Α.
1295 958 1345 997 cf.
1367 958 1494 997 Arist.
1517 959 1616 996 Ran.
1643 959 1763 1009 1302,

207 1014 248 1050 et
287 1013 334 1051 de
376 1012 576 1053 Cleomene
615 1013 797 1053 Chionid.
831 1015 867 1052 4.
915 1037 962 1041 —-
993 1014 1137 1053 Athen
1172 1015 1247 1064 13,
1271 1015 1385 1053 597a
1415 1011 1576 1066 ἑταίραν
1605 1011 1764 1066 Λυδήν,

171 1090 176 1096 ·
206 1066 259 1118 ἣν
289 1083 422 1138 ηγαπα
452 1066 757 1119 Λαμυνθιος
789 1065 808 1108 ὃ
841 1069 1097 1134 Μιλησιος..
1118 1067 1330 1124 ,(ταύτης)
1361 1070 1415 1117 εἰς
1446 1068 1666 1121 ἐπιθυμίαν
1695 1085 1762 1109 κα-

211 1122 353 1171 ταστὰς
394 1124 604 1177 ἐποίησεν.
652 1125 721 1166 ,ἐν
757 1127 863 1177 μέλει
901 1120 944 1165 τὸ
982 1123 1225 1177 καλούμενον
1263 1127 1414 1178 ποίημα
1444 1123 1604 1178 Λυδήν.
1649 1128 1763 1167 Phot.

210 1178 476 1233 Λαμυνθιος·
515 1182 678 1234 ποιητὴς
710 1181 907 1236 ἐρωτικῶν
936 1185 1064 1234 μελῶν
1094 1181 1261 1238 (Mein.)

838 1306 1134 1341 ΔΤΣΠΡΑΤΟΣ

263 1426 271 1435 ,
323 1376 385 1414 Cf.
417 1377 587 1415 Meinek.
621 1377 639 1414 I
671 1378 765 1415 321.
796 1377 879 1414 414
917 1378 958 1415 eb
993 1389 1093 1425 quae
1130 1377 1406 1416 adnotavimus
1445 1376 1494 1415 ad
1524 1376 1765 1426 Antiphanis

210 1434 460 1483 Δυσπρατον.
972 1485 1000 1526 5

1134 1545 1179 1585 τί
1205 1541 1292 1598 γὰρ

437 1612 592 1664 ἔχθιον
623 1610 651 1665 ἦ
681 1615 788 1652 ’παῖ
813 1610 916 1653 παῖ’
947 1613 1187 1652 καλεῖσθαι
1216 1608 1337 1665 παρὰ
1367 1610 1529 1663 πότον,

438 1678 513 1720 καὶ
543 1676 669 1720 ταῦτ’
704 1677 893 1736 ἀγενείῳ
925 1680 1229 1735 μειρακυλλίῳ
1260 1680 1369 1732 τινί,

436 1745 467 1800 ἢ
497 1744 580 1800 τήν
610 1744 746 1800 ἀμίδα
778 1748 956 1802 φέρειν,
991 1743 1104 1799 ὁρᾶν
1135 1761 1182 1787 τε
1213 1747 1395 1800 κείμενα

389 1824 409 1854 5
441 1812 609 1868 ἄμητας
637 1811 893 1869 ἡμιβρῶτας
923 1813 1131 1869 ὀρνίθειά
1161 1829 1230 1867 τε,

437 1875 503 1924 οἷν
534 1879 641 1924 οὐδὲ
673 1882 956 1937 λειφθέντων
985 1881 1114 1935 θέμις
1143 1881 1293 1937 δούλῳ
1323 1889 1502 1936 φαγεῖν,

440 1948 501 1999 ὥς
531 1961 673 2004 φασιν
704 1949 755 1990 αι’
778 1957 1003 2004 γυναῖκες,
1067 1945 1092 1990 ὃ
1122 1948 1171 1990 δὲ
1202 1951 1342 2003 χολᾶν
1371 1956 1511 2003 ποιεῖ’,

436 2017 625 2072 γάστριν
655 2019 846 2059 καλοῦσι
877 2017 952 2059 καὶ
982 2016 1190 2073 λάμυρον
1221 2015 1270 2066 ὃς
1299 2014 1358 2058 ἂν
1387 2016 1510 2073 φάγῃ

435 2083 564 2140 ἡμῶν
594 2100 636 2126 τι
666 2083 849 2127 τούτων.

322 2168 548 2206 Athenaeus
572 2169 608 2216 6,
630 2168 746 2206 262d
773 2164 1015 2219 Ἐπικράτης
1048 2165 1090 2206 ἐν
1122 2162 1348 2219 Δυσπράτῳ
1379 2159 1762 2217 ἀγανακτοῦντα

204 2227 343 2262 ποιεῖ
366 2238 472 2262 τινα
504 2229 596 2261 τῶν
627 2222 834 2263 οἰκετῶν
864 2221 930 2262 καὶ
952 2222 1115 2275 λέγοντα
1136 2225 1216 2262 κτλ.
1248 2221 1290 2261 ἐκ
1311 2227 1381 2272 τῆς
1402 2221 1662 2275 παραθέσεως
1684 2227 1762 2262 τῶν

204 2279 395 2332 ἰαμβείων
416 2279 534 2329 δῆλός
557 2278 662 2319 ἐστιν
694 2276 714 2319 ὁ
739 2277 979 2332 Ἐπικράτης
1010 2278 1056 2318 τὰ
1087 2285 1157 2318 τοῦ
1183 2276 1445 2327 Ἀντιφάνους
1477 2278 1545 2332 (fr.
1569 2279 1641 2331 89)
1671 2295 1760 2331 μετ-

204 2351 389 2388 ενεγκων.
424 2350 500 2376 om.
531 2340 671 2387 poetae
700 2339 936 2388 fabulaeque
963 2338 1121 2377 nomine
1138 2338 1332 2386 excerpsit
1347 2338 1530 2376 Eustath.
1549 2338 1670 2387 1885,
1689 2338 1757 2376 38.

205 2395 243 2432 2.
275 2406 397 2432 ποτον
417 2394 474 2461 A.
581 2395 618 2434 4.
650 2391 678 2443 ἢ
707 2395 986 2434 add.P01-son.
1097 2396 1132 2435 7.
1161 2395 1284 2444 χολᾶν
1314 2386 1500 2446 Ροτεοιι.]
1539 2406 1677 2443 χοααιν
1707 2394 1756 2432 A.

205 2451 242 2490 8.
273 2445 388 2501 ἡμῶν
417 2446 458 2496 ὃς
487 2445 541 2489 ὂὶν
567 2448 572 2503 Ι
599 2449 708 2503 φάγῃ
737 2452 899 2491 Porson.
931 2472 986 2479 —
1016 2451 1066 2492 cf.
1096 2450 1241 2499 Eupol.
1275 2451 1369 2498 351,
1392 2450 1432 2488 5.

863 2573 1104 2607 ΕΜΠΟΡΟΣ

971 2651 998 2691 6

963 2727 1037 2771 ἐπὶ
1066 2734 1159 2778 τοῖς
1188 2726 1231 2769 δ’
1264 2725 1350 2782 ἐγώ

472 2796 697 2851 μάγειρος.
757 2793 859 2838 οὔτε
890 2796 1076 2838 Σικελία
1106 2795 1375 2850 καυχήσεται

475 2865 659 2919 τρέφειν
689 2866 896 2907 τοιοῦτον
927 2862 1128 2917 ἄρταμον
1159 2861 1253 2920 κατ’
1287 2863 1477 2917 ἰχθύων,
