1864 3204
557 200 1006 235 AnEAmNOMENoz
1033 219 1073 225 -
1100 198 1258 234 κΛιΝΗ
1605 200 1689 243 223

822 302 990 337 ΕΚΑΤΗ

834 372 897 413 11.
924 371 976 413 12

705 451 798 492 τῶν
827 450 1280 506 κατεσταμνισμένων

373 514 482 573 ἡμῖν
512 517 725 572 λαγύνων
756 519 938 573 πηλίκοι
969 517 1109 569 τινές;
1161 521 1213 560 Β.
1244 520 1439 573 τρίχους.

401 640 484 685 τὸν
513 640 679 697 μεστὸν
707 639 815 698 ἡμῖν
845 643 954 698 φέρε
987 643 1201 697 λάγυνον.

235 737 466 777 Athenaeus
500 738 563 786 11,
586 737 668 776 499
684 737 739 777 bc
769 732 989 788 ἀρσενικῶς
1020 734 1064 775 δὲ
1094 736 1228 789 εἴρηκε
1259 734 1329 776 τὸν
1357 734 1534 790 λάγυνον
1564 736 1688 777 Νικό-

119 804 283 845 στρατος
321 791 366 832 ἐν
395 790 546 847 Ἑκάτῃ
583 789 640 847 (v.
665 796 699 833 1.
724 794 779 844 2).
837 791 904 832 καὶ
940 792 1064 833 πάλιν
1099 795 1156 844 (v.v
1179 791 1234 848 3).
1338 796 1377 836 2.
1408 797 1502 846 post
1530 794 1688 846 πηλίκοι

120 851 241 891 verba
278 846 499 900 ἀρσενικῶς
536 847 581 889 δὲ
618 849 750 903 εἴρηκε
787 847 857 890 τὸν
888 848 1064 902 λάγυνον
1093 852 1226 902 inepte
1257 853 1404 902 repetit
1435 853 1483 891 A.
1543 852 1687 892 Pollux

124 909 187 955 10,
212 909 265 946 72
304 905 475 959 λάγυνος
504 905 573 945 καὶ
606 904 841 960 λαγύνιον·’
860 907 1071 958 Δίφιλος
1101 904 1142 946 δ’
1165 903 1285 959 ἄμφω
1315 906 1433 960 λέγει,
1465 906 1508 947 τὸ
1538 906 1612 958 μὲν
1642 907 1688 948 ἐν

122 968 171 1018 τῇ
195 960 349 1018 Ἓὶκάτῃ
377 963 639 1013 πολλάκις,
671 959 713 1003 τὸ
745 962 789 1003 δὲ
818 962 1008 1016 λαγύνιον
1040 963 1084 1004 έν
1101 962 1321 1014 Ἀδελφοῖς.
1352 966 1457 1005 unde
1474 966 1689 1006 Nicostrati

119 1021 296 1060 Hecaten
326 1036 349 1060 a
377 1022 542 1072 Diphilo
572 1023 717 1060 iterum
748 1019 896 1061 editam
927 1036 1011 1062 esse
1042 1023 1211 1062 coniecit
1241 1023 1476 1063 Meinekius.
1546 1023 1687 1062 Pollux

120 1079 251 1129 7,16·2
282 1077 435 1130 εἴρηται
466 1077 510 1118 ἐν
539 1083 586 1133 τῇ
613 1076 716 1132 μέσῃ
742 1077 929 1133 κωμῳδίᾳ
959 1078 1375 1131 κατασταμνίζειν
1404 1077 1475 1118 τὸν
1502 1073 1612 1119 οἶνον
1643 1078 1686 1118 τὸ

117 1139 335 1186 κατερᾶν
365 1132 404 1188 (e
435 1136 544 1176 dolio
575 1137 615 1175 in
646 1136 807 1187 lagenas
836 1133 1089 1190 diffundere).

790 1259 1014 1294 ΗΣΙΟΔΟΣ

877 1338 928 1381 13

369 1414 608 1472 βεμβράδ’,
623 1466 626 1468 q
640 1415 811 1472 ἀφύην,
844 1417 1012 1472 ἑψητόν

233 1511 460 1551 Athenaeus
491 1513 537 1560 7,
559 1512 676 1551 301b
721 1513 1006 1562 πληθυντικῶς
1051 1509 1234 1564 λέγουσιν
1275 1509 1452 1564 ἑψητοὺς
1495 1511 1596 1553 κατὰ
1641 1512 1685 1553 τὸ

115 1568 300 1606 πλεῖστον
329 1564 393 1621 (ac
424 1569 480 1608 sie
509 1569 629 1607 etiam
658 1563 806 1623 ἀφύαι)
832 1599 842 1608 .
870 1600 878 1608 .
904 1599 912 1607 .
940 1567 1081 1616 ἑνικῶς
1112 1566 1157 1611 δὲ
1187 1568 1462 1620 Νικόστρατος
1493 1568 1537 1609 ἐν
1570 1566 1683 1609 ‘Hm-

116 1620 195 1678 ὁδῳ
223 1625 304 1666 κτλ.
397 1620 601 1677 βαμβράδ’
632 1624 679 1664 Α.
723 1666 738 1677 ,

741 1726 1060 1761 ΙΕΡΟΦΑΝΤΗΣ

879 1805 933 1847 14

232 1885 459 1925 Athenaeus
490 1888 512 1925 3
526 1917 536 1937 ,
561 1888 642 1927 110
653 1900 676 1926 a
715 1884 856 1926 τούτου
887 1884 990 1939 (τοῦ
1021 1885 1210 1940 ἕγκρυφ
1221 1887 1298 1927 ίου
1328 1886 1418 1941 ἅρτ
1429 1885 1504 1943 ου)
1535 1902 1683 1940 μνημο·

119 1940 227 1981 νεύει
258 1941 534 1994 Νικόστρατος
566 1940 609 1982 ἐν
633 1940 643 1956 ‘
654 1943 676 1981 Ι
676 1942 888 1998 εροφάντῃ.

820 2067 979 2103 KAINH

878 2136 931 2178 15

320 2210 484 2264 ναστὸς
513 2211 563 2256 τό
593 2213 785 2269 μέγεθος
814 2215 1098 2270 τηλικοῦτος,
1129 2214 1347 2269 δέσποτα,

322 2281 502 2331 λευκός·
536 2279 587 2323 τό
617 2281 758 2337 πάχος
787 2281 873 2337 γὰρ
904 2280 1189 2336 ὑπερέκυπτε
1219 2284 1301 2324 τοῦ
1331 2285 1489 2325 navos.

293 2343 298 2348 ”
325 2345 446 2404 ὀσμή,
472 2349 544 2403 δέ,
577 2347 848 2405 τούπίβλημ’
873 2350 969 2392 ἐπεὶ
999 2350 1272 2406 περιῃρέθη,

321 2412 415 2458 ἅνω
438 2414 607 2471 ’βάδιζε
636 2418 711 2459 καὶ
741 2417 885 2472 μέλιτι
914 2418 1162 2474 μεμιγμένη

267 2492 289 2523 5
319 2481 446 2538 α’τμίς
475 2499 542 2535 τις
572 2485 635 2535 εἰς
664 2483 742 2535 τὰς
773 2484 920 2539 ῥῖνας·
953 2486 1017 2528 ἔτι
1046 2483 1133 2542 γὰρ
1162 2487 1333 2542 θερμὸς
1361 2481 1434 2542 ἦν.

232 2577 461 2618 Athenaeus
493 2579 536 2628 3,
565 2581 676 2618 1110
714 2577 856 2625 ναστὸς
893 2576 1012 2631 ἄρτος
1049 2578 1208 2631 ζυμίτης
1247 2583 1420 2619 καλεῖται
1451 2578 1594 2632 μέγας,
1625 2579 1680 2629 ὥς

118 2644 217 2683 φησι
239 2631 512 2685 Πολέμαρχος·
539 2631 768 2686 Ἡρακλέων
788 2633 831 2674 δὲ
852 2638 1097 2683 πλακοῦντος
1128 2631 1244 2684 εἶδος.
1286 2636 1555 2688 ,Νικόστρατος
1578 2634 1618 2675 δ’
1637 2636 1682 2677 ἐν

121 2689 249 2744 Κλίνῃ
280 2689 367 2728 κτλ.
477 2691 516 2730 2.
547 2690 673 2742 πάχος
702 2689 780 2743 γὰρ
809 2691 974 2733 Porsen.
1007 2694 1108 2732 Adv.
1142 2691 1243 2745 242]
1275 2690 1349 2745 γὰρ
1379 2692 1503 2743 πάχος
1534 2695 1585 2733 A.
1637 2692 1681 2733 δὲ

117 2745 242 2797 πάχος
273 2747 429 2786 Hanov.
461 2747 600 2787 Exere.
632 2750 717 2787 crit.
751 2750 844 2788 150.
960 2751 1000 2789 4.
1038 2743 1138 2787 iivm'
1170 2746 1304 2800 βάδιζε
1345 2747 1492 2802 Mein]
1527 2748 1678 2802 ἐβάδιζ’

117 2801 206 2842 ἅνω
234 2804 282 2842 Α,
334 2803 439 2854 quod
470 2804 539 2854 qui
570 2805 825 2844 retinuerunt
853 2804 1147 2858 συμμεμιγμένη
1178 2806 1364 2854 Brunek.,
1396 2805 1679 2859 διαμεμιγμένη

120 2860 341 2915 Meinekius
370 2861 551 2911 antehae,
582 2859 899 2913 προσμεμιγμένη
930 2863 1135 2902 Herwerd.
1169 2863 1285 2901 Anal.
1320 2864 1405 2902 erit.
1437 2864 1507 2902 30.
