1864 3204
707 177 1007 213 ΤΑΡΑΝΤῙΝΟΙ
1554 174 1609 239 37
1613 175 1640 217 9

810 278 894 321 222

752 361 886 401 τοῦτο
916 357 1003 414 γὰρ
1033 360 1123 402 νῦν
1155 358 1256 403 ἐστί
1282 370 1353 402 σοι

347 425 399 469 ἐν
428 433 524 477 ταῖς
549 425 764 482 Ἀθήναις
792 433 888 477 ταῖς
916 429 1075 478 καλαῖς
1105 427 1375 482 ἐπιχώριον·

345 492 540 544 ἅπαντες
569 492 777 550 ὀρχοῦντ’
801 492 942 544 εὐθὺς
972 493 1030 538 ἄν
1062 498 1193 538 σι”νου
1220 496 1367 550 μόνον

347 559 492 618 ὀσμὴν
523 562 697 605 ἴδωσιν.
742 565 793 605 Β.
826 558 1071 618 συμφορὰν
1101 563 1242 618 λέγεις
1273 562 1432 617 ἄκραν.

291 639 312 671 5
345 633 398 673 A.
431 631 568 686 φαίης
596 629 655 672 ἂν
685 630 749 680 εἰς
778 630 1034 686 συμπόσιον
1065 629 1289 675 εἰσελθών
1318 629 1466 687 ἄφνω.

348 696 423 740 καὶ
453 705 544 748 τοῖς
573 697 656 753 μὲν
686 697 906 753 ἀγενείοις
936 701 1043 749 ἴσως
1073 701 1230 754 ἔπεστί
1254 715 1322 750 τις

348 765 492 822 χάρις·
524 764 628 808 ἀλλ’
651 764 765 809 ἐπὰν
795 766 849 822 δὴ
882 764 963 809 τὸν
990 765 1130 823 γόητα
1163 767 1404 822 Θεόδοτον,

346 833 375 891 ἢ
404 833 487 877 τὸν
516 834 874 891 παραμασύντην
904 835 986 878 ἴδω
1016 834 1100 879 τὸν
1130 833 1319 880 ἀνόσιον

343 902 670 957 βαυκιζόμενον
699 900 753 946 τά
786 903 926 946 λευκά
956 901 994 946 τ’
1019 902 1330 960 ἀναβάλλονθ’
1353 903 1466 960 ἅμα,

275 980 318 1012 10
346 969 494 1027 ἥδιστ’
516 966 575 1014 ἂν
605 969 880 1027 ἀναπήξαιμ’
905 972 978 1016 ἐπὶ
1008 974 1091 1016 τοῦ
1121 971 1260 1024 ξύλου
1292 973 1458 1029 λαβών.

188 1066 419 1106 Athenaeus
449 1066 493 1113 4,
520 1067 633 1106 134a
660 1061 814 1114 ’Ἄλεξις
852 1063 897 1105 ἐν
929 1065 1187 1118 Ταραντίνοις
1218 1065 1262 1107 ἐν
1290 1071 1372 1115 τοῖς
1405 1067 1641 1118 συμποσίοις

74 1122 175 1175 φησὶ
205 1120 299 1170 τοὺς
325 1119 528 1170 Ἀττικοὺς
557 1122 624 1162 καὶ
655 1118 862 1174 ὀρχεῖσθαι
880 1119 1128 1172 ὑποπιόντας
1148 1126 1231 1165 κτλ.
1272 1139 1310 1166 v.
1331 1127 1384 1165 10
1404 1125 1641 1166 Eustathius

75 1183 171 1229 892,
192 1181 246 1219 47
276 1176 451 1228 ”Λλεξις·
491 1175 741 1231 ἀναπήξαιμι
777 1177 831 1219 ἄν
868 1176 984 1220 αὐτὸ
1014 1178 1078 1219 ἐπὶ
1109 1186 1180 1221 τοῦ
1209 1179 1331 1230 ξύλου
1361 1180 1509 1234 λαβών.
1600 1183 1638 1221 3.

76 1232 262 1308 ὀρχοῦντ’
295 1237 408 1287 prius
438 1249 459 1275 ο
488 1249 536 1276 ex
564 1250 595 1275 ω
632 1250 732 1277 corr.
764 1236 831 1279 m.¹
866 1239 916 1278 A.
1019 1232 1149 1285 εὐθὺς
1187 1238 1218 1279 O
1248 1242 1290 1278 et
1324 1240 1418 1290 epit.
1449 1236 1640 1292 Hoesoh]

75 1291 230 1341 ευθέως
261 1293 310 1333 A.
399 1294 438 1332 4.
468 1291 599 1345 ἄκραν
627 1294 753 1334 Dobr.
785 1294 891 1337 Adv.
922 1295 964 1335 11
998 1293 1098 1348 305]
1129 1292 1194 1346 ἄρ’
1224 1294 1278 1335 ἄν
1307 1297 1357 1336 A.
1446 1298 1487 1336 5.
1518 1294 1641 1347 φαίης

74 1348 113 1406 γ’
145 1349 199 1390 ἄν
235 1350 357 1390 Mein.
448 1352 486 1392 7.
524 1349 655 1403 χάρις]
699 1362 761 1390 σοι
790 1347 902 1404 χάρις
933 1353 981 1391 A.
1071 1354 1109 1392 8.
1142 1351 1239 1401 ἴδω,
1278 1366 1359 1393 non
1390 1348 1502 1403 ἰδών,
1545 1353 1638 1393 ΑΟ.

74 1407 145 1450 τὸν
180 1405 498 1458 παραμασύντην
535 1407 670 1448 εἰσίδω
706 1407 837 1448 deleto
866 1406 895 1460 ἢ
924 1410 1043 1451 Mein.
1073 1410 1115 1448 in
1145 1410 1241 1450 Ath.
1330 1412 1369 1450 9.
1401 1406 1436 1448 τ’
1461 1405 1640 1462 ἀναβάλ-

75 1461 192 1506 λονθ’
230 1464 382 1504 IacobS.
413 1464 520 1505 Add.
552 1465 649 1504 Ath.
682 1463 753 1533 93]
793 1478 862 1504 τον
897 1463 1118 1518 αβαλλονθ’
1152 1467 1201 1506 Α.
1314 1468 1378 1510 10.
1419 1463 1556 1516 ἥδιστ’
1587 1463 1642 1505 ἂν

73 1516 321 1572 ἀναπήξαιμ’
355 1520 499 1575 Dobr.]
536 1519 703 1573 ἥδιστον
729 1518 975 1574 ἀναπήξαιμ’
999 1519 1053 1562 ἀν
1082 1519 1207 1563 αὐτὸν
1235 1524 1286 1564 A.
1394 1528 1467 1563 τοῦ
1497 1520 1636 1576 ξύλου]

76 1577 195 1630 ξύλου
224 1578 272 1618 G.
294 1578 344 1617 A.
367 1578 568 1631 Hirschig.
603 1580 708 1621 Ann.
731 1580 820 1620 crit.
844 1580 910 1619 14.
947 1582 990 1619 at
1021 1577 1065 1618 ἐν
1094 1579 1147 1634 τῷ
1177 1576 1280 1635 ξύλῳ
1311 1577 1404 1634 (Eq.
1428 1583 1523 1621 367.
1544 1583 1639 1621 705.

78 1638 184 1678 Nub.
206 1636 304 1684 592)
334 1648 415 1674 non
446 1637 578 1676 minus
609 1638 717 1675 recte
747 1636 894 1675 dicitur
925 1650 1042 1688 quam
1074 1633 1117 1675 ἐν
1147 1635 1251 1691 ξύλῳ
1282 1635 1374 1689 (Eq.
1398 1636 1515 1686 393).

190 1694 229 1732 4.
260 1688 392 1743 ὀσμὴν
422 1689 563 1732 ἴδωσιν
591 1705 673 1732 non
704 1693 937 1732 sollicitabit
966 1694 1035 1744 qui
1056 1694 1229 1734 Lobeck.
1252 1695 1390 1734 Rhem.
1414 1695 1638 1734 337-346

75 1752 230 1792 utente
259 1750 487 1800 perlegerit..
568 1751 606 1788 5.
638 1748 761 1800 φαίης
790 1746 843 1788 ἂν
874 1747 917 1789 τὸ
946 1745 1154 1802 ὀρχεῖσθαι
1184 1748 1399 1804 συμφορὰν
1429 1746 1531 1791 εἶναι
1561 1751 1638 1791 εἰσ-

77 1804 212 1849 ελθών
250 1801 306 1860 (εἰ
341 1802 557 1861 εἰσέλθοις)
596 1804 651 1853 εἷς
687 1802 918 1858 συμπόσιον.
1008 1809 1044 1847 7.
1088 1808 1311 1849 Theodotus
1351 1809 1449 1848 mihi
1480 1809 1640 1848 aliunde

76 1878 160 1907 non
190 1863 388 1915 cognitus,
419 1863 612 1915 siquidem
645 1865 713 1915 qui
734 1864 941 1905 Demosth.
956 1865 1010 1903 34
1039 1865 1278 1919 {aliquotiens
1308 1868 1640 1906 commemoratur

78 1924 127 1963 ab
146 1922 222 1961 hoo
242 1920 421 1960 diversus
441 1921 615 1961 videtur.
690 1922 728 1960 8.
750 1917 1078 1973 παραμασύντην,
1098 1923 1124 1962 i.
1143 1936 1176 1962 e.
1190 1925 1429 1972 parasitum.
1460 1923 1638 1973 Ephipp.

78 1981 117 2031 8,
140 1980 164 2018 6
196 1979 239 2017 et
267 1975 556 2029 παραμασήτης
585 1978 680 2017 236.
722 1978 887 2017 Timocl.
921 1980 966 2029 9,
990 1980 1028 2018 6.
1118 1982 1158 2019 9.
1189 1979 1362 2030 Hesych.
1393 1976 1638 2032 βαυκισμός·

71 2028 231 2085 Ἰωνικὴ
269 2031 443 2086 ὄρχησις.
492 2033 596 2074 Poll.
628 2035 783 2085 4,100
818 2033 1042 2086 βαυκισμὸς
1074 2034 1240 2075 Βαύκου
1279 2031 1470 2089 ὀρχηστοῦ
1506 2041 1640 2087 κῶμος

78 2086 300 2144 ἐπώνυμος,
330 2087 436 2143 ἆβροὶ
466 2104 526 2138 τις
554 2087 718 2142 ὄρχησις
749 2089 878 2131 καὶτὸ
899 2096 1011 2143 σῶμα
1033 2090 1336 2146 ἐξυγραίνουσα.
1367 2093 1500 2134 Schol.
1523 2094 1639 2133 Hom.

75 2150 129 2190 11.
160 2149 236 2197 22,
261 2149 339 2188 391
371 2143 397 2199 ἡ
429 2145 471 2188 δὲ
499 2144 634 2199 ἁπαλὴ
664 2145 826 2200 ὄρχησις
855 2147 1000 2200 μόθων
1030 2146 1171 2203 (Arist.
1197 2138 1275 2201 Ἐς.
1309 2150 1408 2201 697)
1441 2148 1509 2189 καὶ
1537 2150 1639 2202 βαυ-

77 2197 216 2258 κισμὸς
236 2234 245 2243 .
265 2235 274 2245 .
294 2206 400 2252 ,τοῖς
437 2206 628 2257 μαλακοῖς
665 2202 833 2246 δέδοται.
922 2203 969 2246 τὰ
999 2204 1120 2246 λευκὰ
1150 2203 1405 2259 ἀναβάλλειν,
1436 2208 1640 2247 oculorum

78 2263 305 2313 albuginem
335 2262 476 2302 tollere
506 2258 573 2316 (G.
597 2263 646 2301 A.
670 2262 870 2314 Hirsohig.
900 2263 1006 2304 Diss.
1029 2265 1095 2303 41.
1143 2265 1249 2304 Ann.
1271 2265 1356 2305 crit.
1380 2263 1463 2314 14),
1496 2265 1640 2304 ‘extre-

78 2332 166 2360 mae
185 2318 371 2359 lasciviae
391 2322 433 2359 et
456 2319 639 2359 mollitiei
661 2319 849 2359 indicium
871 2320 1120 2369 putabatur?
1152 2321 1272 2360 Mein.
1294 2322 1410 2360 Anal.
1433 2321 1638 2360 Ath 243.

79 2376 226 2416 Athen.
250 2375 315 2425 12,
332 2375 448 2416 5298
484 2374 667 2423 προσεῖδε
705 2372 774 2414 τὸν
800 2371 1000 2428 Ἀρβάκην
1034 2374 1080 2415 τὰ
1110 2375 1231 2416 λευκὰ
1262 2375 1526 2428 ἐπαναβαλὼν
1556 2379 1642 2415 τοῖν

79 2429 307 2483 ὀφθαλμοῖν
338 2432 414 2484 (sic
433 2433 556 2473 Mein.
582 2445 655 2483 pro
686 2434 767 2479 τοῖς
798 2428 1057 2487 ὀφθαλμοῖς).
1097 2433 1241 2474 Pollux
1260 2436 1365 2485 2,60
1394 2430 1466 2487 (Η.
1485 2434 1636 2483 Iacobi)

79 2487 255 2539 Κτησίας
294 2485 336 2527 δέ
373 2486 452 2528 πού
496 2500 621 2540 φησιν
660 2484 903 2541 ἀναβάλλειν
942 2488 988 2528 τὰ
1032 2487 1152 2531 λευκά
1193 2489 1274 2530 τῶν
1311 2487 1538 2541 ὀφθαλμῶν
1574 2484 1642 2528 τὸν

79 2540 436 2594 Σαρδανάπαλλον.
516 2548 580 2586 10.
611 2540 921 2585 ἀνασκολόπισιν
948 2547 1025 2586 dici
1046 2548 1245 2588 existimat
1265 2548 1468 2588 Herwerd.
1490 2548 1637 2586 Mnem.

78 2614 170 2642 now
199 2601 282 2641 1111
312 2602 407 2641 300.

814 2690 898 2733 223

844 2770 1054 2812 Νάννιον
1083 2770 1133 2812 δὲ
1163 2771 1366 2825 μαίνεται

354 2833 428 2877 ἐπὶ
456 2837 518 2890 τῷ
549 2835 776 2895 Διονύσῳ.
