1864 3204
155 21 158 26 Δ
169 22 171 27 .
180 7 271 31 ⁷⁷⁷⁷⁷⁷⁷⁷

540 220 803 255 ΚΡΑΊῈΤΑΣ
827 221 861 254 Η
887 220 1309 255 ΦΑΡΜΑΚΟΠΩΛΗΣ
1612 219 1694 262 337

134 324 272 366 Cobet.
303 325 353 365 N.
386 325 413 364 l.
446 326 541 365 601.
591 325 640 364 cf.
672 326 888 376 Antiphan.
923 326 997 372 81,
1021 327 1057 365 2.
1100 325 1252 376 Sophil.
1274 326 1313 364 4.
1354 325 1504 377 Diphil.
1527 326 1565 365 5.
1655 327 1695 364 2.

134 386 216 422 τῶν
251 379 460 434 παρόντων
496 381 645 432 pendet
681 396 704 421 a
740 381 889 431 φιλίας.
979 384 1018 422 6.
1049 379 1144 432 φέρε
1174 379 1244 421 τὸν
1273 380 1405 434 τρίτον
1435 381 1503 422 τοῦ
1534 387 1694 432 φῶμεν;

133 432 238 479 οἶδ’·
273 436 381 478 ἔσται
418 437 544 490 τρίτος
582 438 786 478 Herwerd.
819 439 935 479 Anal.
962 439 1055 487 crit.
1087 440 1160 488 47,
1200 452 1281 478 non
1320 439 1548 489 admodum¹
1572 440 1696 479 amice

135 509 230 548 erga
258 496 426 547 Philam,
457 498 660 545 tamquam
692 498 785 546 post
813 497 975 548 longam
1006 496 1308 536 meditationem
1339 497 1424 536 eius
1455 496 1694 536 recordetur.

132 553 272 604 quidni
309 549 465 600 ἒποὶξιος
502 546 598 603 γάρ·
649 545 731 590 εἶτα
763 550 812 602 δὴ
845 551 939 605 φέρε
969 549 1039 592 τὸν
1068 551 1202 600 τρίτον
1231 556 1314 592 κτλ.
1385 554 1452 593 sed
1483 554 1582 593 talia
1612 567 1697 594 sex-

133 612 248 650 centa
276 609 493 661 excogitari
520 611 701 659 possunt.

245 667 369 719 vulgo
397 667 492 706 haec
511 665 563 705 ad
586 665 791 705 victoriam
812 667 1009 715 navalem,
1039 679 1120 706 non
1151 668 1231 706 tam
1264 667 1313 705 ab
1334 666 1548 718 Antigono
1574 681 1693 718 quam

134 736 158 763 a
197 724 400 763 Demetrio
440 723 680 773 Poliorceta,
729 724 834 774 apud
872 723 1051 774 Cyprum
1088 725 1244 773 partam
1278 722 1341 763 Ol.
1383 725 1482 774 118,
1514 725 1552 773 3,
1598 725 1696 775 λαμ-

134 776 241 832 πρὰν
271 776 337 819 καὶ
367 778 497 831 καλήν
525 781 626 819 teste
664 780 880 820 Plutarcho
912 780 1023 822 Dem.
1053 782 1116 831 17,
1158 782 1200 820 et
1229 780 1278 819 ad
1307 780 1483 831 Philam,
1524 782 1695 832 primam

136 837 331 877 Demetrii
362 849 539 885 uxorem,
569 835 773 887 Antipatri
804 837 939 885 filiam,
971 838 1224 885 referuntur„
1264 837 1314 876 cf.
1347 838 1466 877 etiam
1498 839 1696 889 Droysen.

134 893 367 934 Hellenism.
388 894 409 933 I
429 895 527 934 501.
578 893 644 932 sed
676 906 762 932 cum
785 893 848 934 01.
873 895 966 942 118,
990 895 1013 932 2
1044 894 1213 934 Athenis
1244 894 1491 946 Eurydicen,
1523 896 1698 946 puellam

135 950 432 1001 Atheniensem,
454 948 496 990 in
516 950 817 990 matrimonium
838 951 1011 999 duxerit,
1033 953 1212 1002 tempora
1232 952 1291 990 ita
1311 952 1418 990 inter
1437 965 1478 991 se
1499 954 1696 1004 pugnant,

139 1011 182 1046 nt
220 1007 416 1059 Bergkius
454 1008 554 1046 Mus.
588 1007 714 1047 Rhen.
747 1008 897 1047 XXxv.
932 1009 1090 1058 261sq.
1134 1008 1205 1047 hos
1247 1020 1383 1048 versus
1421 1012 1580 1048 mortuo
1618 1011 1699 1048 iam

137 1064 303 1104 Alexide
333 1066 374 1104 in
406 1064 580 1104 fabulam
609 1065 691 1104 eius
722 1078 807 1104 esse
837 1066 1010 1105 insertos
1041 1068 1082 1104 et
1099 1063 1344 1115 Amiyonwm
1375 1063 1574 1106 Gonatam
1603 1079 1696 1106 uxo-

133 1134 295 1172 remque
334 1122 418 1161 eius
447 1122 626 1166 Philam,
667 1121 822 1161 Seleuci
858 1121 1004 1170 filiam,
1043 1122 1284 1162 Demetrium
1322 1124 1456 1162 autem
1486 1123 1697 1162 amborum

135 1177 260 1217 filium
291 1180 333 1217 et
363 1179 569 1218 victoriam
598 1190 645 1217 ex
665 1179 892 1218 Alexandro
920 1179 1183 1218 Molossorum
1213 1192 1307 1230 rege
1329 1178 1392 1219 01.
1418 1181 1496 1218 129
1527 1183 1696 1231 partam,

134 1235 197 1274 cui
218 1234 445 1274 Demetrius
475 1235 604 1274 minor
631 1236 846 1275 fortissime
875 1249 1059 1286 pugnans
1090 1236 1339 1286 interfuerat,
1372 1236 1589 1287 significari
1618 1240 1698 1276 sta·

134 1292 269 1331 tuerit.
327 1290 452 1338 Φίλας
478 1286 712 1343 Ἀφροδίτης
753 1293 890 1331 fanum
930 1293 969 1331 in
1009 1293 1147 1332 Attica
1184 1293 1261 1331 fuit
1299 1306 1422 1343 prope
1453 1295 1604 1342 vicum,
1636 1295 1698 1333 cui

133 1348 250 1387 hodie
280 1349 439 1398 Daphni
468 1361 613 1388 nomen
643 1353 704 1389 est
733 1345 927 1403 (Θριῆσι).
965 1349 1111 1389 Athen.
1145 1351 1183 1398 6,
1207 1351 1328 1389 2550.
1361 1349 1404 1389 G.
1428 1350 1460 1389 Ι.
1492 1350 1512 1389 I
1535 1352 1630 1390 507.
1654 1352 1695 1390 8.

134 1405 204 1445 sed
232 1406 361 1444 utrius
392 1405 529 1445 Philae
561 1406 682 1446 suerit
709 1419 790 1446 non
820 1409 988 1446 constat.

340 1575 400 1629 τῷ
430 1571 758 1628 Καλλιμέδοντι
786 1571 874 1628 γὰρ
904 1574 1147 1629 θεραπεύω
1178 1571 1257 1625 τὰς
1286 1574 1423 1628 κόρας

339 1639 427 1695 ἤδη
458 1640 677 1697 τετάρτην
706 1638 888 1696 ἡμέραν.
937 1645 988 1684 Β.
1018 1636 1137 1696 ἦσαν
1167 1641 1300 1699 κόραι

338 1707 587 1763 θυγατέρες
616 1706 760 1766 αὐτῷς
812 1714 865 1752 Α.
897 1708 978 1760 τὰς
1006 1709 1090 1765 μὲν
1119 1702 1204 1753 οὖν
1234 1710 1325 1753 τῶν
1357 1709 1583 1767 ὀμμάτων,

341 1773 394 1825 ἃς
424 1770 525 1818 οὐδ’
550 1774 574 1817 ὁ
605 1773 905 1831 Μελάμπους,
939 1775 987 1828 ὃς
1015 1774 1153 1833 μόνος
1181 1777 1259 1829 τὰς
1288 1780 1534 1834 Προιτίδας

291 1852 313 1884 5
345 1844 513 1886 ἔπαυσε
543 1845 840 1899 μαινομένας,
873 1847 1194 1902 καταστήσειεν
1224 1844 1293 1889 ἅν.

252 1926 480 1965 Athenaeus
501 1928 666 1977 8,340a
695 1926 784 1980 περὶ
814 1925 1126 1979 Καλλιμέδοντος
1157 1934 1230 1968 τοῦ
1259 1928 1454 1981 Καράβου
1484 1925 1543 1969 ὅτι
1562 1963 1569 1971 .
1590 1961 1600 1972 .
1619 1963 1628 1972 .
1647 1926 1702 1984 ἦν

140 1980 414 2034 διάστροφο
430 1997 449 2029 ς
481 1977 592 2029 τούς
623 1978 939 2036 ὀφθαλμούς.
960 2016 969 2025 .
989 1983 1148 2034 .”Αλεξις
1181 1982 1224 2025 ἕν
1252 1986 1438 2042 Κρατεύα
1471 1987 1627 2043 (κρατίᾳ
1648 1989 1702 2041 A)

137 2036 484 2094 ἢΦαρμακοπώλῃ
498 2042 579 2079 κτλ.
611 2041 735 2080 ‘ludit
753 2042 795 2080 in
816 2042 1000 2094 ambigua
1021 2043 1308 2094 significatione
1321 2044 1427 2084 vocis
1441 2042 1552 2096 κόρη.
1585 2047 1701 2097 Diog.

138 2096 187 2137 L.
210 2098 247 2144 6,
262 2096 314 2135 68
345 2090 443 2147 πρὸς
468 2095 688 2147 Διδύμωνα
707 2095 777 2136 τὸν
796 2096 937 2150 μοιχὸν
963 2094 1194 2150 ἰατρεύοντα
1214 2114 1307 2139 ποτε
1327 2099 1450 2152 κόρης
1472 2097 1699 2153 ὀφθαλμόν,

139 2150 229 2203 δ’ρα,
260 2151 374 2202 φησί,
404 2150 458 2203 μὴ
489 2154 560 2192 τὸν
578 2149 793 2205 ὀφθαλμὸν
812 2156 879 2206 τῆς
900 2153 1112 2207 παρθένου
1133 2152 1325 2206 ἰατρεύων
1346 2155 1418 2208 τὴν
1439 2154 1565 2210 κόρην
1585 2159 1701 2209 φθεί-

141 2210 245 2262 ρῃς.’
263 2209 381 2247 Mein.
412 2209 460 2248 de
478 2209 750 2252 Gallmdonte
766 2212 918 2253 Oarabo
938 2213 989 2252 cf.
1003 2213 1223 2263 Antiphan.
1244 2215 1309 2265 26,
1321 2215 1360 2254 5.
1393 2216 1441 2254 de
1457 2216 1702 2266 Melampode

141 2269 183 2305 et
211 2266 344 2305 Proeti
370 2266 529 2314 filiabus
557 2267 720 2307 Preller.
751 2269 881 2319 Myth.
911 2267 999 2320 gr.²
1019 2270 1060 2308 II
1091 2271 1157 2310 56.

404 2422 479 2463 καὶ
509 2423 801 2476 Καλλιμέδων
830 2356 1151 2479 μεὲῗθρφέως
1181 2423 1205 2467 ὁ
1235 2425 1447 2482 Κάραβος

258 2504 484 2543 Athenaeus
506 2506 544 2552 8,
558 2506 671 2544 3400
703 2502 894 2559 (Ἄλεξις)
923 2502 967 2543 ἐν
999 2504 1180 2560 Κρατεύα
1210 2503 1368 2562 (κρατίᾳ
1399 2508 1453 2557 Α)
1483 2512 1564 2550 κτλ.
1597 2512 1703 2551 iocus

144 2573 167 2598 a
196 2560 459 2599 similitudine
488 2562 694 2600 nominum
720 2558 888 2614 Ὀρφεύς
918 2566 959 2602 et
987 2558 1124 2614 ὀρφώς
1154 2565 1317 2614 petitur.
1350 2566 1398 2604 cf.
1421 2566 1609 2617 Archipp.
1638 2570 1702 2607 17.

882 2673 964 2716 114

338 2736 593 2793 στεφάνους
621 2754 667 2782 τε
698 2738 894 2790 πολλοὺς
923 2741 1230 2797 κρεμαμένους
1258 2744 1582 2797 μελιλωτίνους

261 2821 491 2860 Athenaeus
523 2822 586 2872 15,
609 2822 720 2861 6780
752 2822 1017 2873 μελιλωτίνων
1049 2821 1259 2874 στεφάνων
1291 2823 1530 2876 μνημονεύει
1550 2822 1704 2876 ’Ἄλεξις

148 2874 193 2915 ἐν
221 2873 408 2931 Κρατεύα
438 2874 616 2931 (κρατίαι
646 2878 700 2930 Α)
731 2875 759 2929 ἢ
792 2879 1099 2934 Φαρμακοπώλῃ
1128 2877 1254 2928 οὕτως
1284 2883 1364 2920 κτλ.

216 2949 332 2975 Comici
352 2949 475 2981 graeei,
496 2949 541 2975 ed.
562 2949 623 2975 ΤΙι.
644 2949 757 2976 Kock.
795 2951 838 2978 11.
1390 2950 1432 2981 22
