<?xml version="1.0" encoding="UTF-8"?>
<!DOCTYPE html PUBLIC "-//W3C//DTD XHTML 1.0 Transitional//EN"
    "http://www.w3.org/TR/xhtml1/DTD/xhtml1-transitional.dtd">
<html xmlns="http://www.w3.org/1999/xhtml" xml:lang="en" lang="en">
 <head>
  <title>
</title>
<meta http-equiv="Content-Type" content="text/html;charset=utf-8" />
  <meta name='ocr-system' content='tesseract 3.04.00' />
  <meta name='ocr-capabilities' content='ocr_page ocr_carea ocr_par ocr_line ocrx_word'/>
</head>
<body>
  <div class='ocr_page' id='page_1' title='image "./comicorumatticor02kockuoft_0538.png"; bbox 0 0 1806 3216; ppageno 0'>
   <div class='ocr_carea' id='block_1_1' title="bbox 181 188 1108 234">
    <p class='ocr_par' dir='ltr' id='par_1_1' title="bbox 181 188 1108 234">
     <span class='ocr_line' id='line_1_1' title="bbox 181 188 1108 234; baseline -0.013 0"><span class='ocrx_word' id='word_1_1' title='bbox 181 191 265 234; x_wconf 83' lang='lat'><em>532</em></span> <span class='ocrx_word' id='word_1_2' title='bbox 808 188 1108 223; x_wconf 72' lang='grc' dir='ltr'><strong>ΦΙΛΗΜΟΝΟΣ</strong></span> 
     </span>
    </p>
   </div>
   <div class='ocr_carea' id='block_1_2' title="bbox 179 285 1730 402">
    <p class='ocr_par' dir='ltr' id='par_1_2' title="bbox 179 285 1730 402">
     <span class='ocr_line' id='line_1_2' title="bbox 295 285 1730 343; baseline -0.003 -10"><span class='ocrx_word' id='word_1_3' title='bbox 295 295 409 333; x_wconf 72' lang='lat' dir='ltr'><strong>Tales</strong></span> <span class='ocrx_word' id='word_1_4' title='bbox 431 293 590 332; x_wconf 83' lang='lat' dir='ltr'><strong>Stobaei</strong></span> <span class='ocrx_word' id='word_1_5' title='bbox 611 293 713 331; x_wconf 87' lang='lat' dir='ltr'><strong>Flor.</strong></span> <span class='ocrx_word' id='word_1_6' title='bbox 730 294 795 339; x_wconf 88' lang='lat'><em>97,</em></span> <span class='ocrx_word' id='word_1_7' title='bbox 814 293 865 331; x_wconf 90' lang='lat'><em>31</em></span> <span class='ocrx_word' id='word_1_8' title='bbox 888 305 928 341; x_wconf 91' lang='lat' dir='ltr'><em>p.</em></span> <span class='ocrx_word' id='word_1_9' title='bbox 953 293 1032 331; x_wconf 82' lang='lat'><em>237</em></span> <span class='ocrx_word' id='word_1_10' title='bbox 1053 291 1165 342; x_wconf 85' lang='lat' dir='ltr'><strong>Lips.</strong></span> <span class='ocrx_word' id='word_1_11' title='bbox 1187 286 1261 329; x_wconf 82' lang='grc' dir='ltr'><em>οὐκ</em></span> <span class='ocrx_word' id='word_1_12' title='bbox 1290 286 1423 341; x_wconf 79' lang='grc' dir='ltr'><em>ἀηδῶς</em></span> <span class='ocrx_word' id='word_1_13' title='bbox 1451 287 1527 343; x_wconf 75' lang='grc' dir='ltr'><em>γὰρ</em></span> <span class='ocrx_word' id='word_1_14' title='bbox 1557 285 1580 328; x_wconf 82' lang='grc' dir='ltr'>ὁ</span> <span class='ocrx_word' id='word_1_15' title='bbox 1607 287 1730 342; x_wconf 88' lang='grc' dir='ltr'><em>Φιλή-</em></span> 
     </span>
     <span class='ocr_line' id='line_1_3' title="bbox 179 343 1164 402; baseline -0.003 -13"><span class='ocrx_word' id='word_1_16' title='bbox 179 366 265 402; x_wconf 89' lang='grc' dir='ltr'><em>μων</em></span> <span class='ocrx_word' id='word_1_17' title='bbox 294 353 374 389; x_wconf 89' lang='grc' dir='ltr'><em>κτλ.</em></span> <span class='ocrx_word' id='word_1_18' title='bbox 462 346 741 400; x_wconf 82' lang='grc' dir='ltr'><em>μεταλήψεσθε</em></span> <span class='ocrx_word' id='word_1_19' title='bbox 771 348 863 387; x_wconf 86' lang='grc' dir='ltr'><em>ΑΒ.</em></span> <span class='ocrx_word' id='word_1_20' title='bbox 895 343 1088 399; x_wconf 86' lang='grc' dir='ltr'><em>φιλήμονε</em></span> <span class='ocrx_word' id='word_1_21' title='bbox 1116 348 1164 392; x_wconf 66' lang='lat' dir='ltr'><strong>A.</strong></span> 
     </span>
    </p>
   </div>
   <div class='ocr_carea' id='block_1_3' title="bbox 381 458 1498 592">
    <p class='ocr_par' dir='ltr' id='par_1_3' title="bbox 381 458 1498 592">
     <span class='ocr_line' id='line_1_4' title="bbox 908 458 992 500; baseline -0.012 0"><span class='ocrx_word' id='word_1_22' title='bbox 908 458 992 500; x_wconf 81' lang='lat'><em>202</em></span> 
     </span>
     <span class='ocr_line' id='line_1_5' title="bbox 381 535 1498 592; baseline -0.003 -11"><span class='ocrx_word' id='word_1_23' title='bbox 381 540 521 582; x_wconf 84' lang='grc' dir='ltr'><em>νόσον</em></span> <span class='ocrx_word' id='word_1_24' title='bbox 552 535 668 580; x_wconf 76' lang='grc' dir='ltr'><em>πολὺ</em></span> <span class='ocrx_word' id='word_1_25' title='bbox 698 536 903 592; x_wconf 81' lang='grc' dir='ltr'><em>κρεῖττόν</em></span> <span class='ocrx_word' id='word_1_26' title='bbox 936 535 1118 592; x_wconf 74' lang='grc' dir='ltr'><em>ἐστινή</em></span> <span class='ocrx_word' id='word_1_27' title='bbox 1148 535 1299 592; x_wconf 84' lang='grc' dir='ltr'><em>λύπην</em></span> <span class='ocrx_word' id='word_1_28' title='bbox 1328 537 1498 591; x_wconf 85' lang='grc' dir='ltr'><em>φέρειν.</em></span> 
     </span>
    </p>
   </div>
   <div class='ocr_carea' id='block_1_4' title="bbox 182 606 1731 740">
    <p class='ocr_par' dir='ltr' id='par_1_4' title="bbox 182 606 1731 740">
     <span class='ocr_line' id='line_1_6' title="bbox 292 606 1731 684; baseline -0.002 -12"><span class='ocrx_word' id='word_1_29' title='bbox 292 634 487 672; x_wconf 81' lang='lat' dir='ltr'><strong>Stobaeus</strong></span> <span class='ocrx_word' id='word_1_30' title='bbox 516 633 654 672; x_wconf 76' lang='lat' dir='ltr'><strong>Floril.</strong></span> <span class='ocrx_word' id='word_1_31' title='bbox 687 634 753 682; x_wconf 83' lang='lat'><em>99,</em></span> <span class='ocrx_word' id='word_1_32' title='bbox 787 634 810 670; x_wconf 90' lang='grc'><strong>6</strong></span> <span class='ocrx_word' id='word_1_33' title='bbox 843 632 925 671; x_wconf 84' lang='lat' dir='ltr'>sine</span> <span class='ocrx_word' id='word_1_34' title='bbox 954 632 1114 670; x_wconf 87' lang='lat' dir='ltr'>nomine</span> <span class='ocrx_word' id='word_1_35' title='bbox 1143 606 1330 670; x_wconf 68' lang='lat' dir='ltr'><strong>auctdris.</strong></span> <span class='ocrx_word' id='word_1_36' title='bbox 1381 630 1562 681; x_wconf 82' lang='lat' dir='ltr'><strong>Apostol.</strong></span> <span class='ocrx_word' id='word_1_37' title='bbox 1596 626 1731 684; x_wconf 82' lang='lat' dir='ltr'><strong>(Ars.)</strong></span> 
     </span>
     <span class='ocr_line' id='line_1_7' title="bbox 182 685 1289 740; baseline -0.001 -13"><span class='ocrx_word' id='word_1_38' title='bbox 182 691 253 740; x_wconf 82' lang='lat'><em>12,</em></span> <span class='ocrx_word' id='word_1_39' title='bbox 288 691 376 728; x_wconf 82' lang='grc'>1411</span> <span class='ocrx_word' id='word_1_40' title='bbox 408 685 643 740; x_wconf 80' lang='grc' dir='ltr'><em>Φιλήμονος.</em></span> <span class='ocrx_word' id='word_1_41' title='bbox 695 690 744 728; x_wconf 84' lang='lat' dir='ltr'><strong>cf.</strong></span> <span class='ocrx_word' id='word_1_42' title='bbox 778 689 960 727; x_wconf 79' lang='lat' dir='ltr'><strong>Menand.</strong></span> <span class='ocrx_word' id='word_1_43' title='bbox 994 690 1163 727; x_wconf 85' lang='lat' dir='ltr'><strong>monost.</strong></span> <span class='ocrx_word' id='word_1_44' title='bbox 1193 689 1289 727; x_wconf 88' lang='lat'><strong>383.</strong></span> 
     </span>
    </p>
   </div>
   <div class='ocr_carea' id='block_1_5' title="bbox 447 799 1418 934">
    <p class='ocr_par' dir='ltr' id='par_1_5' title="bbox 447 799 1418 934">
     <span class='ocr_line' id='line_1_8' title="bbox 916 799 1000 841; baseline 0 0"><span class='ocrx_word' id='word_1_45' title='bbox 916 799 1000 841; x_wconf 84' lang='lat'><em>203</em></span> 
     </span>
     <span class='ocr_line' id='line_1_9' title="bbox 447 854 1418 934; baseline -0.003 -13"><span class='ocrx_word' id='word_1_46' title='bbox 447 854 610 921; x_wconf 72' lang='grc' dir='ltr'><em>θανεῖν</em></span> <span class='ocrx_word' id='word_1_47' title='bbox 640 876 880 934; x_wconf 79' lang='grc' dir='ltr'><em>κράτιστόν</em></span> <span class='ocrx_word' id='word_1_48' title='bbox 914 875 1036 920; x_wconf 82' lang='grc' dir='ltr'><em>ἐστιν</em></span> <span class='ocrx_word' id='word_1_49' title='bbox 1065 873 1095 932; x_wconf 76' lang='grc' dir='ltr'><em>ἢ</em></span> <span class='ocrx_word' id='word_1_50' title='bbox 1125 878 1205 932; x_wconf 83' lang='grc' dir='ltr'><em>ζῆν</em></span> <span class='ocrx_word' id='word_1_51' title='bbox 1234 875 1418 926; x_wconf 81' lang='grc' dir='ltr'><em>ἀθλίως.</em></span> 
     </span>
    </p>
   </div>
   <div class='ocr_carea' id='block_1_6' title="bbox 177 967 1732 1083">
    <p class='ocr_par' dir='ltr' id='par_1_6' title="bbox 177 967 1732 1083">
     <span class='ocr_line' id='line_1_10' title="bbox 294 967 1732 1022; baseline -0.003 -10"><span class='ocrx_word' id='word_1_52' title='bbox 294 974 488 1012; x_wconf 83' lang='lat' dir='ltr'><strong>Stobaeus</strong></span> <span class='ocrx_word' id='word_1_53' title='bbox 505 973 641 1012; x_wconf 80' lang='lat' dir='ltr'><strong>Floril.</strong></span> <span class='ocrx_word' id='word_1_54' title='bbox 662 974 760 1022; x_wconf 83' lang='lat'>121,</span> <span class='ocrx_word' id='word_1_55' title='bbox 780 973 804 1010; x_wconf 90' lang='grc'>8</span> <span class='ocrx_word' id='word_1_56' title='bbox 829 969 1055 1022; x_wconf 85' lang='grc' dir='ltr'><em>Φιλήμονος</em></span> <span class='ocrx_word' id='word_1_57' title='bbox 1074 971 1105 1010; x_wconf 92' lang='grc' dir='ltr'>Α</span> <span class='ocrx_word' id='word_1_58' title='bbox 1123 970 1241 1010; x_wconf 82' lang='lat' dir='ltr'><strong>Voss.</strong></span> <span class='ocrx_word' id='word_1_59' title='bbox 1319 968 1532 1022; x_wconf 77' lang='grc' dir='ltr'><em>κράτιστον</em></span> <span class='ocrx_word' id='word_1_60' title='bbox 1547 970 1582 1009; x_wconf 87' lang='grc' dir='ltr'><strong>Α</strong></span> <span class='ocrx_word' id='word_1_61' title='bbox 1599 967 1732 1022; x_wconf 68' lang='lat' dir='ltr'>Voss]</span> 
     </span>
     <span class='ocr_line' id='line_1_11' title="bbox 177 1024 1059 1083; baseline 0 -16"><span class='ocrx_word' id='word_1_62' title='bbox 177 1028 351 1081; x_wconf 73' lang='grc' dir='ltr'><em>ἄριστον.</em></span> <span class='ocrx_word' id='word_1_63' title='bbox 403 1030 544 1069; x_wconf 81' lang='lat' dir='ltr'>deinde</span> <span class='ocrx_word' id='word_1_64' title='bbox 574 1026 626 1080; x_wconf 74' lang='grc' dir='ltr'><em>ἢν</em></span> <span class='ocrx_word' id='word_1_65' title='bbox 656 1030 724 1083; x_wconf 77' lang='grc' dir='ltr'><em>ζῇς</em></span> <span class='ocrx_word' id='word_1_66' title='bbox 754 1024 907 1074; x_wconf 70' lang='grc' dir='ltr'><em>ἀθλίως</em></span> <span class='ocrx_word' id='word_1_67' title='bbox 938 1029 1059 1069; x_wconf 82' lang='lat' dir='ltr'><strong>Mein.</strong></span> 
     </span>
    </p>
   </div>
   <div class='ocr_carea' id='block_1_7' title="bbox 450 1213 1410 1275">
    <p class='ocr_par' dir='ltr' id='par_1_7' title="bbox 450 1213 1410 1275">
     <span class='ocr_line' id='line_1_12' title="bbox 450 1213 1410 1275; baseline -0.004 -14"><span class='ocrx_word' id='word_1_68' title='bbox 450 1219 599 1275; x_wconf 78' lang='grc' dir='ltr'><em>χρόνῳ</em></span> <span class='ocrx_word' id='word_1_69' title='bbox 629 1213 682 1260; x_wconf 80' lang='grc' dir='ltr'><em>τὰ</em></span> <span class='ocrx_word' id='word_1_70' title='bbox 712 1216 858 1260; x_wconf 77' lang='grc' dir='ltr'><em>πάντα</em></span> <span class='ocrx_word' id='word_1_71' title='bbox 889 1219 1060 1271; x_wconf 77' lang='grc' dir='ltr'><em>γίνεται</em></span> <span class='ocrx_word' id='word_1_72' title='bbox 1091 1218 1165 1258; x_wconf 77' lang='grc' dir='ltr'><em>καὶ</em></span> <span class='ocrx_word' id='word_1_73' title='bbox 1196 1218 1410 1271; x_wconf 78' lang='grc' dir='ltr'><em>κρίνεται.</em></span> 
     </span>
    </p>
   </div>
   <div class='ocr_carea' id='block_1_8' title="bbox 179 1307 1733 1478">
    <p class='ocr_par' dir='ltr' id='par_1_8' title="bbox 179 1307 1733 1478">
     <span class='ocr_line' id='line_1_13' title="bbox 293 1307 1733 1362; baseline -0.003 -10"><span class='ocrx_word' id='word_1_74' title='bbox 293 1313 485 1352; x_wconf 83' lang='lat' dir='ltr'><strong>Stobaeus</strong></span> <span class='ocrx_word' id='word_1_75' title='bbox 515 1313 598 1351; x_wconf 82' lang='lat' dir='ltr'><strong>Ecl.</strong></span> <span class='ocrx_word' id='word_1_76' title='bbox 627 1314 660 1362; x_wconf 92' lang='lat'><em>1,</em></span> <span class='ocrx_word' id='word_1_77' title='bbox 683 1314 721 1361; x_wconf 84' lang='lat'><em>8,</em></span> <span class='ocrx_word' id='word_1_78' title='bbox 745 1313 796 1350; x_wconf 87' lang='grc'><em>29</em></span> <span class='ocrx_word' id='word_1_79' title='bbox 819 1311 1018 1349; x_wconf 81' lang='lat' dir='ltr'><strong>Wachsm.</strong></span> <span class='ocrx_word' id='word_1_80' title='bbox 1050 1307 1290 1361; x_wconf 85' lang='grc' dir='ltr'><em>Φιλήμονος.</em></span> <span class='ocrx_word' id='word_1_81' title='bbox 1322 1310 1370 1348; x_wconf 83' lang='lat' dir='ltr'><strong>cf.</strong></span> <span class='ocrx_word' id='word_1_82' title='bbox 1395 1322 1494 1359; x_wconf 84' lang='lat' dir='ltr'>quae</span> <span class='ocrx_word' id='word_1_83' title='bbox 1523 1309 1733 1348; x_wconf 80' lang='lat' dir='ltr'><strong>adnotavit</strong></span> 
     </span>
     <span class='ocr_line' id='line_1_14' title="bbox 179 1362 1732 1420; baseline -0.003 -13"><span class='ocrx_word' id='word_1_84' title='bbox 179 1370 377 1408; x_wconf 81' lang='lat' dir='ltr'><strong>Wachsm.</strong></span> <span class='ocrx_word' id='word_1_85' title='bbox 418 1370 603 1408; x_wconf 80' lang='lat' dir='ltr'><strong>Menand.</strong></span> <span class='ocrx_word' id='word_1_86' title='bbox 625 1371 794 1407; x_wconf 84' lang='lat' dir='ltr'><strong>monost.</strong></span> <span class='ocrx_word' id='word_1_87' title='bbox 818 1369 912 1408; x_wconf 85' lang='lat'><strong>368.</strong></span> <span class='ocrx_word' id='word_1_88' title='bbox 1000 1362 1145 1420; x_wconf 81' lang='grc' dir='ltr'><em>χρόνῳ]</em></span> <span class='ocrx_word' id='word_1_89' title='bbox 1177 1362 1284 1420; x_wconf 80' lang='grc' dir='ltr'><em>νόμῳ</em></span> <span class='ocrx_word' id='word_1_90' title='bbox 1315 1368 1486 1405; x_wconf 82' lang='lat' dir='ltr'><strong>monost.</strong></span> <span class='ocrx_word' id='word_1_91' title='bbox 1531 1364 1732 1420; x_wconf 70' lang='grc' dir='ltr'><em>κραίνεται</em></span> 
     </span>
     <span class='ocr_line' id='line_1_15' title="bbox 180 1425 629 1478; baseline -0.002 -13"><span class='ocrx_word' id='word_1_92' title='bbox 180 1427 241 1465; x_wconf 89' lang='lat' dir='ltr'><em>vel</em></span> <span class='ocrx_word' id='word_1_93' title='bbox 272 1425 480 1478; x_wconf 84' lang='grc' dir='ltr'><em>φθείρεται</em></span> <span class='ocrx_word' id='word_1_94' title='bbox 510 1426 629 1464; x_wconf 89' lang='lat' dir='ltr'><strong>Mein.</strong></span> 
     </span>
    </p>
   </div>
   <div class='ocr_carea' id='block_1_9' title="bbox 849 1489 1060 1531">
    <p class='ocr_par' dir='ltr' id='par_1_9' title="bbox 849 1489 1060 1531">
     <span class='ocr_line' id='line_1_16' title="bbox 849 1489 1060 1531; baseline -0.005 0"><span class='ocrx_word' id='word_1_95' title='bbox 849 1490 945 1531; x_wconf 81' lang='lat'><strong>205.</strong></span> <span class='ocrx_word' id='word_1_96' title='bbox 976 1489 1060 1531; x_wconf 87' lang='grc'>206</span> 
     </span>
    </p>
   </div>
   <div class='ocr_carea' id='block_1_10' title="bbox 450 1566 1462 1692">
    <p class='ocr_par' dir='ltr' id='par_1_10' title="bbox 450 1566 1462 1692">
     <span class='ocr_line' id='line_1_17' title="bbox 450 1566 1394 1625; baseline -0.004 -13"><span class='ocrx_word' id='word_1_97' title='bbox 450 1571 594 1624; x_wconf 78' lang='grc' dir='ltr'><em>κρίσει</em></span> <span class='ocrx_word' id='word_1_98' title='bbox 625 1569 778 1625; x_wconf 78' lang='grc' dir='ltr'><em>δικαίᾳ</em></span> <span class='ocrx_word' id='word_1_99' title='bbox 808 1568 881 1609; x_wconf 81' lang='grc' dir='ltr'><em>καὶ</em></span> <span class='ocrx_word' id='word_1_100' title='bbox 913 1568 1044 1610; x_wconf 83' lang='grc' dir='ltr'><em>δίδου</em></span> <span class='ocrx_word' id='word_1_101' title='bbox 1074 1566 1150 1609; x_wconf 85' lang='grc' dir='ltr'><em>καὶ</em></span> <span class='ocrx_word' id='word_1_102' title='bbox 1180 1567 1394 1622; x_wconf 78' lang='grc' dir='ltr'><em>λάμβανε.</em></span> 
     </span>
     <span class='ocr_line' id='line_1_18' title="bbox 451 1633 1462 1692; baseline -0.005 -12"><span class='ocrx_word' id='word_1_103' title='bbox 451 1639 512 1688; x_wconf 86' lang='grc' dir='ltr'><em>εἰς</em></span> <span class='ocrx_word' id='word_1_104' title='bbox 541 1644 668 1692; x_wconf 81' lang='grc' dir='ltr'><em>χεῖρα</em></span> <span class='ocrx_word' id='word_1_105' title='bbox 700 1638 868 1679; x_wconf 84' lang='grc' dir='ltr'><em>δοῦλον</em></span> <span class='ocrx_word' id='word_1_106' title='bbox 898 1635 1095 1691; x_wconf 79' lang='grc' dir='ltr'><em>δεσπότῃ</em></span> <span class='ocrx_word' id='word_1_107' title='bbox 1126 1633 1184 1690; x_wconf 84' lang='grc' dir='ltr'><strong><em>μή</em></strong></span> <span class='ocrx_word' id='word_1_108' title='bbox 1218 1633 1462 1690; x_wconf 81' lang='grc' dir='ltr'><em>συμβάλῃς.</em></span> 
     </span>
    </p>
   </div>
   <div class='ocr_carea' id='block_1_11' title="bbox 180 1727 1734 1838">
    <p class='ocr_par' dir='ltr' id='par_1_11' title="bbox 180 1727 1734 1838">
     <span class='ocr_line' id='line_1_19' title="bbox 292 1727 1734 1782; baseline -0.002 -12"><span class='ocrx_word' id='word_1_109' title='bbox 292 1731 474 1782; x_wconf 82' lang='lat' dir='ltr'><strong>Compar.</strong></span> <span class='ocrx_word' id='word_1_110' title='bbox 514 1733 618 1771; x_wconf 86' lang='lat' dir='ltr'><strong>Men.</strong></span> <span class='ocrx_word' id='word_1_111' title='bbox 659 1734 698 1771; x_wconf 79' lang='lat' dir='ltr'><em>et</em></span> <span class='ocrx_word' id='word_1_112' title='bbox 735 1731 838 1770; x_wconf 89' lang='lat' dir='ltr'><strong>Phil.</strong></span> <span class='ocrx_word' id='word_1_113' title='bbox 877 1745 915 1780; x_wconf 93' lang='lat' dir='ltr'><em>p.</em></span> <span class='ocrx_word' id='word_1_114' title='bbox 949 1731 1043 1769; x_wconf 88' lang='lat'><strong>360.</strong></span> <span class='ocrx_word' id='word_1_115' title='bbox 1104 1743 1140 1769; x_wconf 91' lang='lat' dir='ltr'><strong>v.</strong></span> <span class='ocrx_word' id='word_1_116' title='bbox 1181 1731 1200 1767; x_wconf 88' lang='lat'>1</span> <span class='ocrx_word' id='word_1_117' title='bbox 1239 1729 1289 1768; x_wconf 86' lang='lat' dir='ltr'><em>ad</em></span> <span class='ocrx_word' id='word_1_118' title='bbox 1330 1729 1576 1767; x_wconf 77' lang='lat' dir='ltr'><strong><em>Thesaurum</em></strong></span> <span class='ocrx_word' id='word_1_119' title='bbox 1613 1727 1734 1767; x_wconf 79' lang='lat' dir='ltr'><strong>refert</strong></span> 
     </span>
     <span class='ocr_line' id='line_1_20' title="bbox 180 1787 1127 1838; baseline -0.001 -12"><span class='ocrx_word' id='word_1_120' title='bbox 180 1787 225 1829; x_wconf 80' lang='lat' dir='ltr'><strong>G.</strong></span> <span class='ocrx_word' id='word_1_121' title='bbox 258 1789 511 1828; x_wconf 81' lang='lat' dir='ltr'>Hermannus</span> <span class='ocrx_word' id='word_1_122' title='bbox 542 1789 673 1827; x_wconf 83' lang='lat' dir='ltr'><strong>Plaut.</strong></span> <span class='ocrx_word' id='word_1_123' title='bbox 706 1788 815 1827; x_wconf 85' lang='lat' dir='ltr'><strong>Trin.</strong></span> <span class='ocrx_word' id='word_1_124' title='bbox 848 1788 972 1838; x_wconf 82' lang='lat' dir='ltr'><strong>praef.</strong></span> <span class='ocrx_word' id='word_1_125' title='bbox 1003 1799 1127 1826; x_wconf 86' lang='lat' dir='ltr'><strong>xxv11.</strong></span> 
     </span>
    </p>
   </div>
   <div class='ocr_carea' id='block_1_12' title="bbox 437 1909 1457 2044">
    <p class='ocr_par' dir='ltr' id='par_1_12' title="bbox 437 1909 1457 2044">
     <span class='ocr_line' id='line_1_21' title="bbox 910 1909 991 1950; baseline 0 0"><span class='ocrx_word' id='word_1_126' title='bbox 910 1909 991 1950; x_wconf 81' lang='grc'><em>207</em></span> 
     </span>
     <span class='ocr_line' id='line_1_22' title="bbox 437 1985 1457 2044; baseline -0.003 -13"><span class='ocrx_word' id='word_1_127' title='bbox 437 1991 582 2043; x_wconf 84' lang='grc' dir='ltr'><em>ψυχῆς</em></span> <span class='ocrx_word' id='word_1_128' title='bbox 613 1989 751 2039; x_wconf 89' lang='grc' dir='ltr'><em>πόνος</em></span> <span class='ocrx_word' id='word_1_129' title='bbox 779 1986 867 2044; x_wconf 74' lang='grc' dir='ltr'><em>γὰρ</em></span> <span class='ocrx_word' id='word_1_130' title='bbox 898 1985 988 2030; x_wconf 85' lang='grc' dir='ltr'><em>ὑπὸ</em></span> <span class='ocrx_word' id='word_1_131' title='bbox 1019 1987 1159 2041; x_wconf 84' lang='grc' dir='ltr'><em>λόγου</em></span> <span class='ocrx_word' id='word_1_132' title='bbox 1189 1987 1457 2041; x_wconf 82' lang='grc' dir='ltr'><em>κουφίζεται.</em></span> 
     </span>
    </p>
   </div>
   <div class='ocr_carea' id='block_1_13' title="bbox 179 2067 1732 2290">
    <p class='ocr_par' dir='ltr' id='par_1_13' title="bbox 179 2067 1732 2290">
     <span class='ocr_line' id='line_1_23' title="bbox 293 2067 1732 2132; baseline -0.003 -11"><span class='ocrx_word' id='word_1_133' title='bbox 293 2082 476 2132; x_wconf 87' lang='lat' dir='ltr'><strong>Compar.</strong></span> <span class='ocrx_word' id='word_1_134' title='bbox 510 2083 613 2121; x_wconf 84' lang='lat' dir='ltr'><strong>Men.</strong></span> <span class='ocrx_word' id='word_1_135' title='bbox 645 2085 686 2121; x_wconf 83' lang='lat' dir='ltr'><em>et</em></span> <span class='ocrx_word' id='word_1_136' title='bbox 722 2083 825 2123; x_wconf 88' lang='lat' dir='ltr'><strong>Phil.</strong></span> <span class='ocrx_word' id='word_1_137' title='bbox 863 2095 902 2131; x_wconf 90' lang='lat' dir='ltr'><em>p.</em></span> <span class='ocrx_word' id='word_1_138' title='bbox 935 2082 1031 2120; x_wconf 81' lang='lat'><strong>362.</strong></span> <span class='ocrx_word' id='word_1_139' title='bbox 1135 2067 1259 2126; x_wconf 87' lang='grc' dir='ltr'><em>πόνος</em></span> <span class='ocrx_word' id='word_1_140' title='bbox 1294 2077 1369 2131; x_wconf 79' lang='grc' dir='ltr'><em>γὰρ</em></span> <span class='ocrx_word' id='word_1_141' title='bbox 1407 2075 1616 2131; x_wconf 70' lang='lat' dir='ltr'><strong>Rutgers]</strong></span> <span class='ocrx_word' id='word_1_142' title='bbox 1655 2075 1732 2130; x_wconf 77' lang='grc' dir='ltr'><em>γὰρ</em></span> 
     </span>
     <span class='ocr_line' id='line_1_24' title="bbox 180 2134 1728 2188; baseline -0.001 -12"><span class='ocrx_word' id='word_1_143' title='bbox 180 2136 318 2185; x_wconf 86' lang='grc' dir='ltr'><em>πόνος.</em></span> <span class='ocrx_word' id='word_1_144' title='bbox 369 2153 391 2177; x_wconf 85' lang='lat' dir='ltr'>a</span> <span class='ocrx_word' id='word_1_145' title='bbox 421 2140 470 2177; x_wconf 87' lang='lat' dir='ltr'><strong>fr.</strong></span> <span class='ocrx_word' id='word_1_146' title='bbox 505 2140 596 2180; x_wconf 87' lang='grc'>112.</span> <span class='ocrx_word' id='word_1_147' title='bbox 632 2141 731 2188; x_wconf 89' lang='grc'>113,</span> <span class='ocrx_word' id='word_1_148' title='bbox 764 2139 908 2188; x_wconf 84' lang='lat' dir='ltr'>quibus</span> <span class='ocrx_word' id='word_1_149' title='bbox 938 2137 1148 2185; x_wconf 82' lang='lat' dir='ltr'><strong>subicitur,</strong></span> <span class='ocrx_word' id='word_1_150' title='bbox 1180 2138 1378 2187; x_wconf 80' lang='lat' dir='ltr'><strong>separavit</strong></span> <span class='ocrx_word' id='word_1_151' title='bbox 1406 2136 1628 2176; x_wconf 83' lang='lat' dir='ltr'><strong>Meinekius</strong></span> <span class='ocrx_word' id='word_1_152' title='bbox 1660 2134 1728 2186; x_wconf 82' lang='lat' dir='ltr'><strong>(cf.</strong></span> 
     </span>
     <span class='ocr_line' id='line_1_25' title="bbox 179 2193 1000 2290; baseline -0.001 -56"><span class='ocrx_word' id='word_1_153' title='bbox 179 2196 303 2234; x_wconf 91' lang='lat' dir='ltr'><strong>Dobr.</strong></span> <span class='ocrx_word' id='word_1_154' title='bbox 335 2195 437 2235; x_wconf 84' lang='lat' dir='ltr'><strong>Adv.</strong></span> <span class='ocrx_word' id='word_1_155' title='bbox 468 2195 508 2234; x_wconf 93' lang='lat' dir='ltr'><em>II</em></span> <span class='ocrx_word' id='word_1_156' title='bbox 539 2193 655 2249; x_wconf 78' lang='lat'><strong>287).</strong></span> <span class='ocrx_word' id='word_1_157' title='bbox 917 2248 1000 2290; x_wconf 74' lang='grc'><em>208</em></span> 
     </span>
    </p>
   </div>
   <div class='ocr_carea' id='block_1_14' title="bbox 408 2318 1465 2384">
    <p class='ocr_par' dir='ltr' id='par_1_14' title="bbox 408 2318 1465 2384">
     <span class='ocr_line' id='line_1_26' title="bbox 408 2318 1465 2384; baseline -0.004 -13"><span class='ocrx_word' id='word_1_158' title='bbox 408 2325 435 2382; x_wconf 83' lang='grc' dir='ltr'><strong><em>ἡ</em></strong></span> <span class='ocrx_word' id='word_1_159' title='bbox 466 2328 549 2384; x_wconf 79' lang='grc' dir='ltr'><em>μὲν</em></span> <span class='ocrx_word' id='word_1_160' title='bbox 579 2326 771 2383; x_wconf 75' lang='grc' dir='ltr'><em>χελιδών</em></span> <span class='ocrx_word' id='word_1_161' title='bbox 801 2325 850 2369; x_wconf 88' lang='grc' dir='ltr'><em>τὸ</em></span> <span class='ocrx_word' id='word_1_162' title='bbox 879 2327 1039 2382; x_wconf 83' lang='grc' dir='ltr'><em>θέρος,</em></span> <span class='ocrx_word' id='word_1_163' title='bbox 1071 2318 1106 2369; x_wconf 76' lang='grc' dir='ltr'><em>ὦ</em></span> <span class='ocrx_word' id='word_1_164' title='bbox 1135 2326 1294 2381; x_wconf 76' lang='grc' dir='ltr'><em>γύναι,</em></span> <span class='ocrx_word' id='word_1_165' title='bbox 1326 2327 1465 2368; x_wconf 81' lang='grc' dir='ltr'><em>λαλεῖ.</em></span> 
     </span>
    </p>
   </div>
   <div class='ocr_carea' id='block_1_15' title="bbox 178 2411 1732 2746">
    <p class='ocr_par' dir='ltr' id='par_1_15' title="bbox 178 2411 1732 2746">
     <span class='ocr_line' id='line_1_27' title="bbox 219 2411 1732 2478; baseline -0.001 -18"><span class='ocrx_word' id='word_1_166' title='bbox 219 2472 235 2478; x_wconf 30' lang='grc' dir='ltr'><em>ᾗ</em></span> <span class='ocrx_word' id='word_1_167' title='bbox 293 2422 420 2461; x_wconf 84' lang='lat' dir='ltr'><strong>Schol.</strong></span> <span class='ocrx_word' id='word_1_168' title='bbox 444 2423 646 2472; x_wconf 86' lang='lat' dir='ltr'><strong>Aristoph.</strong></span> <span class='ocrx_word' id='word_1_169' title='bbox 670 2423 746 2462; x_wconf 89' lang='lat' dir='ltr'><strong>Av.</strong></span> <span class='ocrx_word' id='word_1_170' title='bbox 769 2423 820 2460; x_wconf 88' lang='grc'><em>39</em></span> <span class='ocrx_word' id='word_1_171' title='bbox 847 2417 1037 2471; x_wconf 87' lang='grc' dir='ltr'><em>Φιλήμων</em></span> <span class='ocrx_word' id='word_1_172' title='bbox 1057 2422 1137 2461; x_wconf 85' lang='grc' dir='ltr'><em>κτλ.</em></span> <span class='ocrx_word' id='word_1_173' title='bbox 1226 2412 1444 2471; x_wconf 60' lang='lat' dir='ltr'><strong>15‚Bent1.]</strong></span> <span class='ocrx_word' id='word_1_174' title='bbox 1465 2415 1561 2458; x_wconf 80' lang='grc' dir='ltr'><em>αὐτὸ</em></span> <span class='ocrx_word' id='word_1_175' title='bbox 1582 2418 1619 2457; x_wconf 92' lang='lat' dir='ltr'><strong>V</strong></span> <span class='ocrx_word' id='word_1_176' title='bbox 1637 2411 1732 2458; x_wconf 76' lang='lat' dir='ltr'><strong>Ald.</strong></span> 
     </span>
     <span class='ocr_line' id='line_1_28' title="bbox 180 2473 1732 2518; baseline -0.003 -1"><span class='ocrx_word' id='word_1_177' title='bbox 180 2480 232 2517; x_wconf 84' lang='grc' dir='ltr'><em>αύ</em></span> <span class='ocrx_word' id='word_1_178' title='bbox 266 2476 308 2516; x_wconf 86' lang='grc' dir='ltr'><em>τὸ</em></span> <span class='ocrx_word' id='word_1_179' title='bbox 337 2479 386 2518; x_wconf 90' lang='grc' dir='ltr'><em>Κ.</em></span> <span class='ocrx_word' id='word_1_180' title='bbox 433 2492 509 2518; x_wconf 88' lang='lat' dir='ltr'><strong>om.</strong></span> <span class='ocrx_word' id='word_1_181' title='bbox 532 2473 577 2518; x_wconf 72' lang='grc' dir='ltr'><em>ὦ.</em></span> <span class='ocrx_word' id='word_1_182' title='bbox 620 2478 792 2518; x_wconf 83' lang='lat' dir='ltr'><strong>Cobetus</strong></span> <span class='ocrx_word' id='word_1_183' title='bbox 813 2479 863 2517; x_wconf 91' lang='lat' dir='ltr'><strong>N.</strong></span> <span class='ocrx_word' id='word_1_184' title='bbox 885 2479 912 2516; x_wconf 90' lang='lat' dir='ltr'><strong>l.</strong></span> <span class='ocrx_word' id='word_1_185' title='bbox 935 2479 1001 2517; x_wconf 88' lang='lat'><strong>33.</strong></span> <span class='ocrx_word' id='word_1_186' title='bbox 1024 2478 1051 2515; x_wconf 86' lang='lat'><strong>4</strong></span> <span class='ocrx_word' id='word_1_187' title='bbox 1081 2478 1320 2516; x_wconf 75' lang='lat' dir='ltr'><strong>sententiam</strong></span> <span class='ocrx_word' id='word_1_188' title='bbox 1350 2477 1432 2515; x_wconf 89' lang='lat' dir='ltr'><strong>fere</strong></span> <span class='ocrx_word' id='word_1_189' title='bbox 1461 2474 1732 2515; x_wconf 80' lang='lat' dir='ltr'><strong>huiuscemodi</strong></span> 
     </span>
     <span class='ocr_line' id='line_1_29' title="bbox 182 2527 1731 2587; baseline -0.001 -13"><span class='ocrx_word' id='word_1_190' title='bbox 182 2537 303 2574; x_wconf 83' lang='lat' dir='ltr'>fuisse</span> <span class='ocrx_word' id='word_1_191' title='bbox 325 2538 478 2574; x_wconf 80' lang='lat' dir='ltr'><strong>censet:</strong></span> <span class='ocrx_word' id='word_1_192' title='bbox 509 2530 534 2587; x_wconf 85' lang='grc' dir='ltr'><em>ἡ</em></span> <span class='ocrx_word' id='word_1_193' title='bbox 563 2532 635 2585; x_wconf 81' lang='grc' dir='ltr'><em>μὲν</em></span> <span class='ocrx_word' id='word_1_194' title='bbox 664 2532 830 2586; x_wconf 77' lang='grc' dir='ltr'><em>χελιδών</em></span> <span class='ocrx_word' id='word_1_195' title='bbox 859 2532 901 2573; x_wconf 91' lang='grc' dir='ltr'><em>τὸ</em></span> <span class='ocrx_word' id='word_1_196' title='bbox 928 2531 1068 2586; x_wconf 83' lang='grc' dir='ltr'><em>θέρος,</em></span> <span class='ocrx_word' id='word_1_197' title='bbox 1099 2527 1132 2572; x_wconf 69' lang='grc' dir='ltr'><em>ὦ</em></span> <span class='ocrx_word' id='word_1_198' title='bbox 1152 2547 1208 2584; x_wconf 83' lang='grc' dir='ltr'><em>γ.,</em></span> <span class='ocrx_word' id='word_1_199' title='bbox 1237 2535 1364 2582; x_wconf 85' lang='grc' dir='ltr'><em>λαλεῖ,</em></span> <span class='ocrx_word' id='word_1_200' title='bbox 1395 2529 1444 2571; x_wconf 79' lang='grc' dir='ltr'><em>σὺ</em></span> <span class='ocrx_word' id='word_1_201' title='bbox 1466 2529 1510 2570; x_wconf 87' lang='grc' dir='ltr'><em>δὲ</em></span> <span class='ocrx_word' id='word_1_202' title='bbox 1530 2527 1587 2570; x_wconf 88' lang='grc' dir='ltr'><em>δι’</em></span> <span class='ocrx_word' id='word_1_203' title='bbox 1609 2529 1731 2577; x_wconf 76' lang='grc' dir='ltr'><em>ἔτους.</em></span> 
     </span>
     <span class='ocr_line' id='line_1_30' title="bbox 181 2582 1727 2642; baseline -0.003 -12"><span class='ocrx_word' id='word_1_204' title='bbox 181 2592 351 2630; x_wconf 88' lang='lat' dir='ltr'><strong>Meinek.</strong></span> <span class='ocrx_word' id='word_1_205' title='bbox 382 2593 531 2632; x_wconf 81' lang='lat' dir='ltr'><strong>Moseh.</strong></span> <span class='ocrx_word' id='word_1_206' title='bbox 561 2606 601 2642; x_wconf 90' lang='lat' dir='ltr'><strong>p.</strong></span> <span class='ocrx_word' id='word_1_207' title='bbox 634 2593 718 2631; x_wconf 89' lang='grc'><em>440</em></span> <span class='ocrx_word' id='word_1_208' title='bbox 746 2588 771 2642; x_wconf 82' lang='grc' dir='ltr'><em>ἡ</em></span> <span class='ocrx_word' id='word_1_209' title='bbox 801 2588 875 2642; x_wconf 83' lang='grc' dir='ltr'><em>μὲν</em></span> <span class='ocrx_word' id='word_1_210' title='bbox 911 2589 1074 2641; x_wconf 81' lang='grc' dir='ltr'><em>χελιδὼν</em></span> <span class='ocrx_word' id='word_1_211' title='bbox 1102 2583 1200 2628; x_wconf 79' lang='grc' dir='ltr'><em>αὐτὸ</em></span> <span class='ocrx_word' id='word_1_212' title='bbox 1229 2586 1271 2627; x_wconf 87' lang='grc' dir='ltr'><em>τὸ</em></span> <span class='ocrx_word' id='word_1_213' title='bbox 1301 2586 1443 2639; x_wconf 81' lang='grc' dir='ltr'><em>θέρος,</em></span> <span class='ocrx_word' id='word_1_214' title='bbox 1481 2582 1514 2626; x_wconf 71' lang='grc' dir='ltr'><em>ὦ</em></span> <span class='ocrx_word' id='word_1_215' title='bbox 1549 2584 1690 2640; x_wconf 78' lang='grc' dir='ltr'><em>γύναι,</em></span> <span class='ocrx_word' id='word_1_216' title='bbox 1721 2582 1727 2642; x_wconf 85' lang='grc' dir='ltr'>Ι</span> 
     </span>
     <span class='ocr_line' id='line_1_31' title="bbox 178 2641 1730 2699; baseline -0.001 -13"><span class='ocrx_word' id='word_1_217' title='bbox 178 2650 306 2699; x_wconf 85' lang='grc' dir='ltr'><em>λαλεῖ,</em></span> <span class='ocrx_word' id='word_1_218' title='bbox 337 2646 387 2686; x_wconf 85' lang='grc' dir='ltr'><em>σὺ</em></span> <span class='ocrx_word' id='word_1_219' title='bbox 418 2645 462 2687; x_wconf 83' lang='grc' dir='ltr'><em>δὲ</em></span> <span class='ocrx_word' id='word_1_220' title='bbox 493 2646 559 2688; x_wconf 84' lang='grc' dir='ltr'><em>καὶ</em></span> <span class='ocrx_word' id='word_1_221' title='bbox 588 2643 750 2699; x_wconf 80' lang='grc' dir='ltr'><em>χειμῶν’</em></span> <span class='ocrx_word' id='word_1_222' title='bbox 773 2645 867 2686; x_wconf 82' lang='grc' dir='ltr'><em>ὅλον</em></span> <span class='ocrx_word' id='word_1_223' title='bbox 895 2641 1227 2698; x_wconf 83' lang='grc' dir='ltr'><em>προσλαμβάνεις.</em></span> <span class='ocrx_word' id='word_1_224' title='bbox 1268 2648 1310 2684; x_wconf 83' lang='lat' dir='ltr'><em>at</em></span> <span class='ocrx_word' id='word_1_225' title='bbox 1338 2647 1449 2684; x_wconf 84' lang='grc' dir='ltr'><em>λαλεῖ</em></span> <span class='ocrx_word' id='word_1_226' title='bbox 1468 2657 1556 2684; x_wconf 83' lang='lat' dir='ltr'><em>meo</em></span> <span class='ocrx_word' id='word_1_227' title='bbox 1585 2645 1730 2684; x_wconf 78' lang='lat' dir='ltr'>iudicio</span> 
     </span>
     <span class='ocr_line' id='line_1_32' title="bbox 178 2704 471 2746; baseline -0.007 -2"><span class='ocrx_word' id='word_1_228' title='bbox 178 2708 238 2744; x_wconf 86' lang='lat' dir='ltr'><em>est</em></span> <span class='ocrx_word' id='word_1_229' title='bbox 269 2704 471 2746; x_wconf 67' lang='lat' dir='ltr'><em>“nwntiat&#39;.</em></span> 
     </span>
    </p>
   </div>
   <div class='ocr_carea' id='block_1_16' title="bbox 477 2757 1390 2892">
    <p class='ocr_par' dir='ltr' id='par_1_16' title="bbox 477 2757 1390 2892">
     <span class='ocr_line' id='line_1_33' title="bbox 909 2757 995 2799; baseline 0 0"><span class='ocrx_word' id='word_1_230' title='bbox 909 2757 995 2799; x_wconf 84' lang='lat'><em>209</em></span> 
     </span>
     <span class='ocr_line' id='line_1_34' title="bbox 477 2834 1390 2892; baseline 0 -13"><span class='ocrx_word' id='word_1_231' title='bbox 477 2839 660 2892; x_wconf 87' lang='grc' dir='ltr'><em>μεθύει,</em></span> <span class='ocrx_word' id='word_1_232' title='bbox 692 2837 1020 2892; x_wconf 82' lang='grc' dir='ltr'><em>διαγραμμίζει,</em></span> <span class='ocrx_word' id='word_1_233' title='bbox 1053 2834 1238 2889; x_wconf 86' lang='grc' dir='ltr'><em>κυβεύει</em></span> <span class='ocrx_word' id='word_1_234' title='bbox 1258 2874 1280 2879; x_wconf 72' lang='grc'>-</span> <span class='ocrx_word' id='word_1_235' title='bbox 1307 2869 1330 2879; x_wconf 74' lang='grc'><em>.,</em></span> <span class='ocrx_word' id='word_1_236' title='bbox 1353 2871 1390 2880; x_wconf 73' lang='grc'><em>-.</em></span> 
     </span>
    </p>
   </div>
  </div>
 </body>
</html>
