1864 3204
227 228 309 270 466
672 224 998 259 ΤΙΜΟΚΛΕΟΤΣ
1025 223 1171 259 ΑΔΗΛ.
1197 223 1341 256 ΔΡΑΜ.

968 323 1024 365 35

492 401 737 457 τάργύριόν
765 401 888 444 ἐστιν
919 395 1027 457 αἷμα
1058 402 1133 444 καὶ
1164 399 1280 455 ψυχὴ
1311 402 1503 456 βροτοῖς.

493 469 613 520 ὅστις
643 470 691 512 δὲ
721 468 778 525 μὴ
811 471 896 524 ἔχει
925 473 1056 512 τοῦτο
1088 467 1192 524 μηδ’
1218 468 1459 523 ἐκτήσατο,

491 531 622 587 οὗτος
651 535 760 593 μετὰ
789 537 966 589 ζεόντων
995 536 1228 593 τεθνηκώς
1258 543 1503 591 περιπατεῖ.

336 632 530 671 Stobaeus
560 632 697 670 Floril.
719 633 852 676 91‚15
887 628 1123 682 Τιμοκλέους
1152 631 1201 670 A.
1291 631 1330 670 2.
1362 627 1429 680 ἔχη
1459 630 1509 668 A.
1557 625 1655 681 μηδ’
1679 627 1779 680 ἔχων

222 687 411 740 ἐχρήσατο
441 689 563 728 Mein.
585 688 621 725 V
644 700 807 727 ccxxvr.

973 775 1029 817 36

798 851 919 908 σῦκ’,
951 854 1118 907 ἔλαιον,
1151 852 1360 908 ἰσχάδας,
1391 852 1503 908 μέλι.

450 925 499 964 Β.
531 919 589 963 σύ
618 921 702 976 μὲν
733 920 1013 976 εἰρεσιώνην,
1047 919 1102 963 οὐ
1131 922 1356 975 γεωργίαν
1386 919 1541 975 λέγεις.

333 1015 514 1055 Clemens
545 1016 659 1054 Alex.
693 1015 841 1054 Strom.
872 1016 918 1065 4,
943 1016 988 1065 2,
1012 1017 1035 1053 7
1077 1014 1119 1053 οἵ
1151 1016 1390 1066 στρωματεῖς
1427 1009 1542 1064 ἡμῶν
1580 1007 1679 1052 κατὰ
1708 1005 1777 1053 τὸν

216 1068 392 1124 γεωργὸν
418 1070 652 1122 Τιμοκλέους
682 1076 754 1110 τοῦ
784 1071 958 1120 κωμικοῦ
990 1065 1080 1109 σῦκ’
1104 1069 1236 1109 ἔλαιον
1266 1067 1428 1120 ἰσχάδας
1455 1067 1542 1121 μέλι
1561 1065 1775 1123 προσοδεύ-

217 1140 325 1179 ουσι,
363 1127 549 1176 καθάπερ
581 1126 624 1166 ἐκ
653 1123 867 1179 παμφόρου
898 1127 1054 1178 χωρίου.
1103 1122 1159 1166 δι’
1182 1124 1235 1178 ἣν
1264 1123 1489 1176 εὐκαρπίαν
1519 1124 1695 1179 ἐπιφέρει
1724 1125 1775 1166 σὺ

216 1183 289 1236 μὲν
309 1187 386 1225 κτλ.
445 1199 493 1224 ex
522 1185 658 1224 fabula
688 1186 750 1224 cui
772 1182 953 1236 Γεωργός
981 1198 1127 1224 nomen
1156 1185 1278 1223 fuerit
1299 1185 1479 1234 eclogam
1501 1184 1775 1235 depromptam

215 1247 257 1282 et
290 1241 494 1294 Γεωργίαν
522 1243 564 1281 in
595 1254 775 1281 scaenam
805 1242 1041 1291 productam
1072 1241 1194 1281 fuisse
1224 1241 1444 1280 arbitratur
1473 1241 1706 1282 Meinokius„

968 1351 1022 1394 37

1234 1409 1338 1448 Χῖοι
1367 1404 1485 1448 πολὺ

486 1472 636 1530 ἄριστ’
661 1474 969 1530 ἀνευρήκασιν
1000 1471 1317 1530 ὀψαρτυτικήν.

329 1569 560 1608 Athenaeus
594 1570 629 1619 1,
648 1569 732 1607 25f
757 1574 1050 1620 μαρτυροῦνται
1078 1565 1153 1620 γὰρ
1182 1565 1249 1606 καὶ
1280 1568 1374 1606 Χῖοι
1403 1563 1477 1606 οὐκ
1507 1564 1666 1606 ἔλαττον
1693 1573 1774 1607 τῶν

219 1623 513 1677 προειρημένων
542 1621 606 1663 ἐπὶ
637 1621 898 1678 ὀψαρτυτικῇ.
946 1627 1138 1676 Τιμοκλῆς
1168 1627 1250 1663 κτλ.
1326 1620 1514 1676 πρώτιστ’
1547 1627 1616 1663 aut
1645 1617 1772 1676 ὀψαρ-

216 1681 353 1720 τυτικά
385 1683 504 1742 Μθὶῃ.
535 1682 652 1720 Anal.
684 1682 779 1721 Ath.
815 1683 878 1723 12.

961 1792 1017 1834 38

418 1869 478 1925 μοὶ
507 1873 609 1925 γῆν,
640 1853 700 1925 μὰ
731 1869 922 1926 κρήνας,
954 1868 1014 1925 μοὶ
1044 1868 1290 1925 ποταμούς,
1321 1868 1381 1924 μοὶ
1413 1869 1600 1924 νάματα.

326 1965 559 2004 Plutarchus
591 1965 691 2003 Mor.
724 1965 844 2004 8451>
882 1958 1093 2016 προελθών
1124 1960 1427 2016 (Δημοσθένης)
1458 1960 1577 2002 πάλιν
1615 1963 1670 2010 εἰς
1701 1960 1771 2010 τὰς

215 2018 421 2070 ἐκκλησίας
452 2025 693 2072 νεωτερικῶς
725 2035 812 2059 τινα
844 2018 967 2072 λέγων
995 2018 1211 2071 διεσύρετο,
1243 2016 1296 2066 ὡς
1325 2019 1623 2072 κωμῳδηθῆναι
1644 2016 1772 2058 αὐτὸν

210 2070 289 2115 ὑπὸ
315 2072 576 2126 Ἀντιφάνους
608 2075 674 2115 καὶ
709 2075 943 2127 Τιμοκλέους
974 2080 1054 2116 κτλ.
1105 2077 1155 2116 cf.
1188 2077 1406 2126 Antiphan.
1432 2078 1525 2116 296.

963 2187 1020 2230 39

322 2270 543 2320 Hesychius
579 2263 845 2316 ἆπυξῖνος·
882 2265 1058 2319 ἆπονεύρ
1082 2298 1090 2307 .
1116 2298 1126 2308 .
1176 2267 1426 2317 Τιμοκλέους.
1474 2263 1667 2316 ἄπεξίνου
1697 2263 1766 2322 (ab

209 2321 423 2378 άπεξινόω)
455 2329 494 2365 et
523 2322 746 2377 ἆπενεύρου
772 2325 827 2364 Ἠ.
860 2325 1099 2375 Stephanus.
1150 2325 1252 2364 Poll.
1274 2326 1314 2373 4,
1337 2326 1415 2363 179
1446 2322 1491 2363 τὸ
1521 2321 1566 2362 δὲ
1595 2329 1769 2363 κενῶσαι

209 2380 276 2420 διὰ
314 2381 550 2431 καθάρσεως
587 2380 654 2420 καὶ
693 2380 876 2430 ἐξινῶσαι
914 2380 1108 2434 λέγουσιν,
1148 2380 1214 2420 καὶ
1252 2378 1488 2430 ἕξινωμένον
1524 2377 1550 2430 ἡ
1581 2379 1768 2434 κωμῳδία

209 2437 280 2477 τὸν
308 2439 608 2491 κεκαθαρμένον
639 2437 764 2489 φησὶν
795 2434 849 2485 ὥς
881 2436 923 2477 ἐκ
954 2443 1034 2477 τῶν
1063 2438 1163 2477 ἰνῶν
1193 2435 1411 2489 φερομένης
1441 2442 1510 2488 τῆς
1540 2438 1667 2488 χολῆς.
1711 2437 1765 2477 of.

210 2496 381 2547 Hesych.
413 2493 667 2547 ἐξινώμενον·
701 2492 998 2546 ἐκκενούμενον.
1035 2491 1420 2546 ἕκστραγγιζόμενον·
1451 2491 1601 2545 λέγεται
1632 2490 1675 2531 δὲ
1703 2491 1768 2532 ἐπὶ

209 2552 291 2590 τῶν
321 2548 435 2606 (τὴν)
465 2549 587 2603 χολὴν
616 2549 931 2602 καθαιρομένων.
982 2552 1144 2602 adparet
1173 2551 1215 2590 in
1237 2551 1422 2589 lemmate
1452 2548 1640 2600 Hesjchii
1670 2550 1764 2589 scri-

209 2609 380 2648 bendum
413 2622 498 2648 esse
527 2621 607 2648 non
638 2605 884 2659 ἐξινωμένον,
923 2612 971 2648 ut
1007 2608 1111 2659 apud
1139 2608 1364 2658 Pollucem,
1404 2606 1470 2646 sed
1501 2602 1763 2657 ἐξινούμενον.
