1890 3190
195 231 198 234 ‚
253 179 309 222 30
879 183 1198 218 ΑΝΤιΦΑΝοΤΣ

254 278 326 335 τήν
355 285 404 324 A.
453 280 599 338 ᾑδέτην
627 286 746 325 Petit.
778 286 944 324 Miscell.
976 299 1037 326 v11
1070 288 1134 325 12.
1269 288 1308 326 4.
1349 288 1404 326 sie
1432 288 1484 327 A.
1533 285 1634 340 αὕτη
1665 302 1704 328 τε
1735 284 1808 338 λή-

252 337 382 389 ψεσθ’
415 342 584 380 Meinek.
642 335 726 379 εἷθ’
754 338 783 379 ἁ
811 338 884 392 μὲν
913 339 964 380 σὺ
994 341 1200 394 τυγχάνεις
1230 343 1364 382 Dindf.
1424 340 1453 382 ὁὶ
1489 341 1563 395 μὲν
1599 349 1678 384 νῦν
1714 358 1806 396 τυγ·

253 392 384 447 χάνεις
417 396 555 436 Cobet.
585 397 635 436 N.
657 399 684 436 1.
708 399 773 436 11.
861 399 900 439 5.
931 401 1066 438 αυλων
1094 411 1253 451 περαινε
1284 401 1332 439 A.
1423 402 1460 440 6.
1488 401 1544 440 sic
1564 401 1614 440 A.
1701 397 1808 452 εἡδύ

255 455 348 492 fort.
380 456 610 504 corruptum
640 467 687 493 ex
716 451 1019 505 22'621’.Dindf.
1145 458 1182 495 7.
1225 452 1482 508 προβλήμαθ’
1515 451 1574 504 οἷς
1620 456 1806 510 Casaub.]

252 509 560 561 προβλήμαθοις
589 510 639 549 Α.

366 567 593 606 audaciores
622 569 667 606 ut
695 568 738 606 in
768 568 905 618 ecloga
936 569 1212 608 obscurissima
1240 570 1486 610 coniecturas
1509 571 1740 640 separatim
1742 571 1810 610 ad-

253 623 380 662 iciam.
441 624 479 661 2.
510 621 660 673 ταύτην
690 619 945 663 ἐπιστάσεσθέ
976 621 1030 678 (Ῥ)
1059 621 1099 676 γ’
1119 617 1301 676 ἀλλήλοιν
1331 624 1394 664 ἔπι
1422 625 1428 677 1
1453 625 1675 678 μαθόντες,
1705 620 1807 666 αἵδε·

254 684 389 730 πρῶτα
420 676 512 726 τοὺς
543 675 688 726 αὐλοὺς
720 676 771 718 σύ
791 694 830 719 τε
857 681 863 729 Ι
889 678 992 731 αὕτη
1014 694 1052 719 τε
1072 677 1248 732 λήψεσθ’
1266 676 1350 720 εἶθ’
1369 684 1450 720 κτλ.
1472 684 1684 734 Emperius
1704 684 1808 724 Mus.

254 736 381 774 Rhen.
413 736 433 774 I
461 736 556 786 458,
587 731 815 787 μανθάνειν
845 734 912 775 ἐπί
940 751 1044 784 τινος
1075 751 1239 778 monens
1270 752 1354 778 esse
1384 741 1525 780 discere
1554 741 1682 789 aliquo
1711 744 1810 780 tam-

258 806 375 841 quam
406 794 582 842 exemplo.
678 795 716 831 4.
748 790 868 862 αντη]
900 790 1020 844 Λύδη
1050 795 1168 834 Mein.
1277 797 1314 835 6.
1352 793 1430 847 ἤδη
1460 810 1496 834 τι
1525 794 1663 835 κοινόν
1691 794 1811 848 ἐστιν,

261 845 308 887 οὐ
339 846 456 900 χωρὶς
485 851 566 888 κτλ.
597 849 764 889 Dobree.
815 848 904 920 ἤδη
927 865 962 888 τι
991 846 1125 889 κοινόν
1155 849 1257 890 ἐστι·
1288 857 1360 891 σοῦ
1388 851 1505 903 χωρις
1535 851 1678 892 πάλιν·
1712 863 1811 892 συν-

255 902 437 956 νεύματᾌ
469 919 516 943 ου
547 902 817 972 προρρήμαθᾌ
862 901 920 952 οἷς
948 906 1178 958 σημαίνεται
1206 909 1531 959 κτλ.Ε111ΡθΥ1118.
1581 905 1674 959 ἥδ’·
1705 907 1756 948 οὕ
1775 923 1811 948 τι

254 960 397 1001 κοινόν
427 960 552 1012 ἐστιν,
583 958 630 1000 οὖ
661 961 777 1015 χωρὶς
807 962 950 1014 πάλιν,
980 960 1027 1002 οὐ
1058 961 1241 1014 νεύματ’,
1273 960 1320 1003 οὗ
1349 962 1620 1018 προβλήμαθ’
1649 960 1710 1013 οἷς
1739 975 1808 1017 ση-

251 1017 412 1069 μαίνετε
443 1016 608 1063 ἕκαστα;
641 1019 779 1060 Cobet.

373 1076 515 1114 horum
545 1077 723 1115 omnium
752 1077 853 1115 nihil
883 1090 969 1128 ego,
1001 1080 1046 1116 ut
1064 1078 1191 1117 libere
1213 1078 1413 1129 profitear,
1445 1079 1650 1130 intellego,
1681 1092 1809 1129 neque

256 1145 349 1171 vexo
389 1133 515 1182 magis
556 1146 600 1171 ea
636 1146 735 1183 quae
766 1134 918 1172 Petitus
956 1135 999 1172 in
1028 1135 1290 1174 Miscellaneis
1321 1136 1666 1186 interpretationis
1695 1148 1812 1175 causa

259 1189 425 1239 adiecit,
457 1191 528 1228 aut
559 1202 660 1239 quae
690 1190 912 1230 Boeekhius
942 1190 1000 1228 De
1030 1193 1145 1230 metr.
1177 1191 1293 1230 Pind.
1316 1193 1396 1231 258
1429 1193 1658 1243 disputavit.

758 1347 1011 1381 ΑΤΑΗΤΡΙΣ
1035 1349 1071 1381 H
1097 1348 1306 1382 ΔΙΔΤΜΑΙ

1007 1426 1062 1468 48

527 1501 550 1545 ὁ
581 1503 664 1558 μὲν
696 1502 933 1554 Μενέλεως
964 1503 1200 1560 ἐπολέμησ’
1226 1506 1300 1560 ἔτη
1331 1506 1438 1548 δέκα

528 1578 620 1620 τοῖς
649 1569 795 1625 Τρωσὶ
826 1571 900 1614 διὰ
931 1579 1126 1627 γυναῖκα
1155 1571 1238 1628 τὴν
1268 1571 1375 1624 ὄψιν
1405 1575 1564 1630 καλήν,

528 1639 791 1694 Φοινικίδης
821 1639 870 1682 δὲ
908 1641 1082 1697 Ταυρέα
1112 1639 1172 1682 δι’
1197 1643 1396 1696 ἔγχελυν.

227 1772 230 1775 ,
371 1734 598 1772 Athenaeus
624 1734 667 1801 ⁷8,
691 1734 772 1772 343
790 1734 814 1771 d
842 1729 1085 1784 Ἀντιφάνης
1116 1732 1160 1772 ἐν
1190 1731 1408 1785 Αὐλητρίδι
1435 1732 1464 1786 ἢ
1497 1734 1693 1787 Διδύμαις
1714 1735 1809 1775 Φοι

258 1789 421 1840 νικίδην
451 1787 539 1828 τινὰ
571 1787 633 1827 ἐπ’
657 1785 864 1843 ὀψοφαγία
893 1791 1097 1843 κωμῳδῶν
1126 1802 1251 1841 φησιν
1270 1793 1349 1830 κτλ.
1443 1795 1479 1831 1.
1499 1790 1573 1843 μὲν
1591 1794 1682 1832 add.
1704 1794 1812 1843 Kop-

255 1847 375 1897 piers.
409 1847 574 1886 Observ.
601 1847 667 1885 31.
763 1846 952 1896 μενέλεως
982 1847 1031 1898 Ρ]
1063 1845 1247 1898 μενέλαος
1277 1849 1325 1889 Α
1416 1846 1620 1900 ἐπολέμησ’
1655 1849 1808 1903 Dindf.]

257 1901 491 1954 ἐπολέμησεν
521 1903 570 1941 Α.
1545 1902 1547 1904 ’

372 1961 419 1998 de
449 1961 680 1999 Phoenicide
710 1962 750 1998 et
781 1961 936 2000 Taurea
965 1961 1014 2001 ef.
1040 1962 1133 2000 190.
1163 1962 1375 2003 Philetaer.
1397 1964 1435 2000 3.
1467 1962 1674 2012 Euphron.
1697 1965 1736 2002 8.

870 2117 1038 2151 ΑΥΤΟΥ
1065 2118 1198 2151 ΕΡῼΝ

1007 2195 1063 2238 49

356 2285 632 2340 τροφαλίδας
660 2300 708 2327 τε
739 2284 1056 2340 λινοσάρκους,
1088 2286 1357 2341 μανθάνεις;
1402 2286 1544 2341 τυρὸν
1575 2288 1702 2342 λέγω.

369 2378 598 2418 Athenaeus
629 2380 695 2426 10,
718 2379 799 2417 455
816 2379 869 2418 ef
899 2375 1141 2430 Ἀντιφάνης
1179 2377 1222 2418 ἐν
1250 2374 1393 2420 Αὑτοῦ
1434 2378 1576 2431 ἕρωντί
1601 2391 1700 2432 φησι
1729 2383 1808 2425 κτλ

259 2436 493 2474 Eustathius
525 2436 646 2483 1339,
672 2437 720 2473 17
759 2433 826 2473 καὶ
865 2435 1050 2487 τροφαλὶς
1089 2433 1134 2474 δὲ
1170 2434 1268 2475 κατὰ
1294 2434 1546 2489 ἹΙρωδιανὸν
1575 2435 1639 2477 ἐπὶ
1675 2443 1811 2491 τυροῦ,

257 2488 304 2542 ἧς
343 2496 481 2542 χρῆσις
519 2490 586 2530 καὶ
623 2489 731 2543 παρὰ
770 2497 822 2545 τῷ
860 2498 1020 2547 κωμικῷ
1054 2489 1280 2542 Ἀντιφάνει
1321 2491 1364 2532 ἐν
1407 2499 1459 2532 τῶ
1503 2496 1583 2533 κτλ.
1644 2510 1712 2534 ινα
1747 2495 1811 2546 εἴη

258 2547 555 2599 αἰνιγματωδῶς
592 2545 716 2599 λέγων
754 2534 1011 2601 λινοσάρκους
1048 2547 1176 2600 ἤγουν
1204 2547 1347 2597 λεπτὰς
1378 2534 1446 2588 καλ
1475 2545 1630 2598 ἆπαλὰς
1661 2566 1810 2604 τροφα-

259 2604 371 2650 λίδας
412 2601 479 2643 τὸν
519 2608 698 2643 τοιοῦτον
736 2603 867 2655 τυρόν.
995 2603 1248 2659 τροφαλίδας]
1295 2607 1557 2659 τροφαλινὸας
1600 2609 1684 2648 sine
1727 2622 1806 2649 ace

259 2661 308 2699 A.
425 2657 738 2712 λιπαροσάρκους
769 2661 891 2700 Mein.
924 2662 1041 2704 Anal.
1075 2663 1285 2711 11111207,
1317 2664 1392 2702 sibi
1425 2666 1557 2704 tamen
1587 2666 1674 2714 ipse
1705 2666 1809 2706 diffi-

260 2718 369 2758 dens.
400 2715 653 2767 λιτοσάρκους
684 2718 785 2756 Lob.
807 2718 962 2757 Pathol.
983 2720 1081 2769 p1·.ol
1100 2720 1174 2756 111
1197 2721 1280 2759 not.
1295 2721 1357 2759 13.
1389 2717 1641 2773 λειοσάρκους
1661 2721 1807 2762 Naber.

259 2774 406 2812 Mnem.
428 2786 521 2813 nov.
533 2774 632 2812 VIII
647 2775 713 2813 46.
761 2774 1011 2814 scribendum
1042 2778 1105 2815 est
1134 2773 1507 2827 χιονοσάρκους,
1537 2779 1651 2817 nivea
1679 2791 1808 2825 carne,

261 2832 307 2868 ut
337 2830 443 2879 apud
473 2830 728 2870 Eustathium
757 2828 899 2877 λευκὰς
928 2844 1000 2882 pro
1030 2830 1184 2879 λεπτάς.
1235 2834 1285 2872 cf.
1316 2833 1552 2875 Eubu1.37.
1603 2835 1659 2873 sic
1687 2837 1808 2887 γαλα·
