1864 3204
0 0 106 108 π,

618 211 772 245 onom
802 229 841 235 -
867 210 1113 245 ΠΑΛΛΛΚΗ
1554 208 1639 251 359

75 315 224 365 Θάσιος
254 311 382 367 οἶνος,
411 314 509 368 ’ὅπερ
538 310 734 367 ἡδυτερον
763 310 784 353 ὃ
815 308 987 366 κωμικὸς
998 312 1152 363 ’Ἀλεξις
1173 311 1341 365 φράζων
1360 312 1501 364 φησίν·
1530 307 1637 362 οἶνος

13 401 16 405 Δ
74 373 142 414 καὶ
170 370 273 426 μάλα
293 371 417 422 πολύς
442 387 507 426 γε,
535 369 704 420 ὀδόντας
724 367 799 411 οὐκ
820 369 935 423 ἔχων,
964 369 1045 424 ἤδη
1066 369 1232 439 σαπρός,
1262 368 1386 423 γέρων
1409 369 1636 421 δαιμονίως.

74 433 112 473 2.
145 436 218 471 τῶι
248 434 351 471 θεῶι
381 431 429 471 A.
517 431 557 469 3.
587 426 686 469 ὅσον
715 425 807 482 C]
795 443 841 475 ος
870 429 920 467 A.
1007 423 1199 495 4.ἡδύς]
1229 424 1352 475 πολύς
1382 428 1495 467 Eust.
1533 443 1536 448 ’
1592 442 1636 480 γε

75 490 124 528 Δ.
186 483 312 540 ἡδύς,
341 486 476 534 πολιός
508 483 650 539 (πολύς
682 486 792 525 Euat.
800 485 834 538 )‚
872 479 1035 531 ὀδόντας
1071 481 1146 524 οὐκ
1185 483 1301 536 ἔχων,
1331 482 1481 534 σαπρὸς
1506 484 1513 535 Ι
1538 482 1634 536 ἤδη,

74 542 202 597 γέρων
228 559 273 597 γε
303 546 381 584 κτλ.
413 544 616 595 Hirschig.
647 543 751 582 Diss.
783 556 822 593 p.
847 543 914 582 60.
953 543 1053 582 nihil
1092 542 1328 582 mutandum
1368 544 1430 581 est
1470 545 1636 593 propter

78 602 347 642 Eustathium.
427 602 464 640 5.
494 598 619 652 λέγων
647 612 724 639 om.
757 599 786 639 C
815 602 857 640 et
885 599 999 639 Eust.
1059 592 1166 646 οἶνος
1196 597 1321 651 λέγων
1349 589 1546 649 quomodo
1578 599 1630 637 H.

78 658 211 698 Iocobi
233 654 375 712 (Mein
389 658 425 696 V
443 657 513 708 90)
543 657 830 707 interpretetur
857 658 1075 708 praetereo.
1121 656 1373 696 scribendum
1405 659 1466 695 est
1496 657 1636 707 utique

71 712 250 755 πέπων.
288 715 339 755 cf.
363 714 568 764 Aristoph.
592 714 639 755 fr.
661 714 805 762 579‚5.
886 715 923 752 6.
955 713 1078 753 verba
1108 725 1208 764 quae
1238 715 1330 764 post
1360 711 1509 765 σφίγγα
1540 715 1634 752 sunt

73 773 115 812 in
146 773 363 822 Athenaeo,
393 784 522 823 neque
552 773 693 821 poetae
722 783 852 821 neque
881 770 1081 810 Athenaei
1110 782 1194 810 esse
1223 770 1417 810 iudicavit
1447 770 1585 809 Dindf.

652 874 1065 928 ΠΑΓΚΡΑΤΙΑΣΤΗΣ

185 976 441 1026 Scripserunt
479 976 782 1015 Pamatiasten
818 975 940 1014 etiam
971 975 1214 1025 Theophilus
1257 977 1299 1014 et
1328 975 1556 1022 Philemon,
1589 978 1629 1014 et

69 1033 193 1072 latine
223 1033 269 1081 Q.
301 1033 466 1074 Ennius,
518 1032 564 1072 Ο.
595 1032 786 1072 Ribbeck.
819 1031 929 1073 Gom.
961 1032 1074 1071 Rom.
1105 1028 1175 1073 fr.²
1206 1045 1246 1081 p.
1268 1031 1307 1070 5.

273 1224 454 1276 πρῶτον
483 1221 566 1278 μὲν
595 1215 655 1277 ἦν
684 1231 756 1264 σοι
788 1220 1084 1276 Καλλιμέδων
1114 1218 1139 1263 ὁ
1170 1220 1406 1277 Κάραβος,

272 1292 424 1334 ἔπειτα
454 1289 687 1345 Κόρυδος,
720 1290 928 1344 Κωβίων,
959 1290 1223 1344 Κυρηβίων,

273 1356 297 1402 ὁ
330 1356 589 1413 Σκόμβρος,
620 1354 647 1413 ἡ
680 1358 934 1414 Σεμίδαλις.
982 1359 1031 1399 Β.
1058 1350 1296 1413 Ἡράκλεις
1325 1360 1452 1413 φίλε,

271 1423 549 1482 ἀγοράσματ’
573 1421 630 1468 οὗ
660 1424 916 1481 συμπόσιον
947 1429 1154 1482 εἴρηκας,
1185 1424 1339 1480 γύναι.

180 1521 411 1560 Athenaeus
442 1522 487 1568 6,
513 1520 630 1559 242ᾶ
675 1517 719 1558 ἐν
762 1523 820 1574 τῷ
850 1520 1160 1588 Παγκρατιαστῇ
1195 1517 1347 1568 ’Ἄλεξις
1386 1521 1630 1588 τρεχεδεί-

68 1589 227 1624 πνους
257 1574 486 1629 καταλέγων
515 1575 642 1627 φησίν
669 1579 750 1616 κτλ.
789 1559 1059 1644 Κυρηβίων
1089 1571 1129 1614 δ’
1150 1573 1375 1616 ἐπεκαλεῖτο
1399 1571 1632 1629 Ἐπικρα-
1637 1598 1641 1601 ·

70 1647 157 1684 της
187 1629 208 1672 ὁ
241 1633 437 1685 Αἰσχίνου
467 1638 538 1672 τοῦ
567 1630 729 1685 ῥήτορος
755 1629 967 1684 κηδεστης,
998 1647 1071 1729 ως3
1085 1643 1183 1684 φησι
1215 1630 1494 1685 Δημοσθένης.
1594 1637 1629 1673 1.

67 1695 221 1738 πρῶτος
251 1689 294 1730 C.
398 1692 437 1730 2.
469 1688 612 1742 κωβιὸς
642 1689 684 1732 C.
735 1690 783 1732 cf
817 1692 883 1739 97,
905 1691 943 1728 4.
1047 1691 1084 1729 3.
1116 1686 1157 1743 ὁ]
1190 1686 1236 1726 θ’
1259 1687 1280 1728 ὁ
1311 1691 1354 1732 C.
1464 1687 1510 1744 ἡ]
1541 1688 1570 1742 ἢ
1595 1693 1631 1731 Α

68 1750 111 1787 et
139 1746 182 1786 C.

181 1803 386 1843 Demosth.
412 1805 477 1854 19,
490 1803 571 1843 287
594 1784 711 1842 δυοῖν
729 1802 943 1854 κηδεσταῖν
962 1801 1320 1855 παρεστηκότοιν..
1340 1801 1428 1843 ,καὶ
1449 1803 1517 1842 τοῦ
1539 1818 1629 1842 κατ·

67 1873 220 1911 αρατου
243 1859 515 1911 Κυρηβίωνος,
547 1856 592 1907 ὃς
623 1858 665 1898 ἐν
696 1863 782 1907 ταῖς
803 1862 980 1910 πομπαῖς
1000 1857 1102 1900 ἄνευ
1122 1866 1193 1899 τοῦ
1213 1858 1430 1912 προσώπου
1451 1858 1631 1909 κωμαζει.

70 1917 306 1968 Harpocrat.
339 1919 415 1967 80,
438 1918 493 1956 30
527 1913 764 1968 Ἐπικράτης
804 1916 997 1967 Αἰσχίνου
1034 1916 1104 1956 τοῦ
1143 1914 1307 1968 ρήτορος
1346 1916 1596 1967 κηδεστης..
1616 1949 1624 1957 .

69 1967 184 2020 οὗτος
213 1970 347 2024 μέντοι
377 1971 604 2024 ἐπωνύμιον
634 1968 711 2024 εἶχε
742 1972 973 2026 Κυρηβίων,
1004 1969 1058 2021 ὦς
1093 1971 1358 2025 Δημοσθένης
1389 1973 1528 2024 φησίν.
1580 1976 1629 2014 ef.

76 2031 166 2077 117,
190 2031 241 2070 25
273 2033 315 2069 et
343 2030 456 2070 Phot.
479 2029 711 2082 Κυρηβίων.
763 2031 811 2070 de
842 2031 1035 2070 eiusmodi
1065 2031 1368 2081 cognominibus
1399 2031 1630 2070 Anaxendr.

69 2087 136 2126 34.
187 2082 212 2137 ἡ
234 2085 470 2137 Σεμίδαλις,
500 2100 740 2138 quamquam
772 2088 834 2126 vir
863 2087 952 2136 fuit,
985 2091 1031 2127 ut
1050 2086 1267 2135 Φιλόξενος
1297 2083 1321 2138 ἡ
1345 2087 1631 2136 Πτερνοκοπίς.

69 2141 256 2195 Κύρηβος
285 2156 441 2190 nomen,
473 2156 553 2183 non
582 2157 804 2195 cognomen
833 2147 895 2183 est
925 2144 1022 2184 Xen.
1055 2145 1171 2184 Mem.
1197 2145 1234 2195 2,
1258 2146 1295 2192 7,
1319 2146 1355 2184 6.
1386 2166 1442 2173 —
1471 2158 1629 2184 enume-

71 2202 133 2239 rat
162 2200 304 2239 mulier
333 2212 399 2240 eos
427 2202 496 2251 qui
525 2202 568 2240 in
594 2201 777 2241 convivio
807 2201 1030 2241 adfuerant.

181 2256 393 2296 Praeterea
421 2258 471 2296 fr.
494 2258 589 2296 272.
606 2259 631 2297 3
663 2258 712 2297 ad
733 2258 1033 2297 Paneratiasten
1063 2258 1188 2297 refert
1209 2258 1430 2297 Meinekius
1451 2258 1512 2297 111
1535 2259 1631 2298 505.

726 2379 972 2413 HAAAAKH

186 2459 280 2498 Fuit
314 2457 504 2510 Παλλακή
534 2460 654 2499 etiam
685 2460 894 2499 Menandri
924 2462 966 2499 et
993 2460 1148 2510 Diphili
1177 2473 1223 2500 ac
1252 2461 1395 2500 Paelex
1424 2461 1496 2501 Cn.
1528 2462 1630 2500 Nae-

72 2517 141 2555 vii.
195 2514 243 2555 O.
275 2515 465 2555 Ribbeck.
497 2515 606 2555 Com.
637 2516 749 2557 Rom.
780 2513 850 2555 fr.²
883 2517 947 2555 17.

815 2624 895 2667 169

789 2698 872 2746 οὐκ
902 2704 987 2759 ἔχω
1016 2702 1102 2759 γὰρ
1132 2702 1236 2747 ἄλλ’
1261 2703 1286 2745 ὄ
1315 2719 1356 2746 τι

341 2774 452 2813 εἴπω
483 2772 665 2821 τοναίας
693 2771 963 2827 τηλικαύτης
992 2770 1134 2823 ἄξιον.

184 2865 355 2904 Photius
386 2867 428 2903 et
459 2865 635 2915 Etymol.
659 2867 710 2904 rn.
733 2866 827 2916 761,
846 2866 899 2904 55
931 2863 1113 2904 τοναίαν·
1140 2863 1291 2913 ’Ἀλεξις
1326 2866 1518 2919 Παλλακῇ
1548 2868 1630 2905 κτλ.
