1864 3204
499 223 565 257 ΘΕ
570 223 670 257 ΣΜΟ
675 222 839 258 ΦΟΡΟΣ
892 221 1158 257 ΟΜΩΝΤΜΟΙ
1528 220 1614 263 425

43 352 100 361 -
118 324 313 383 ἀγοράσαι
349 322 498 378 μόνος
537 324 766 377 πέφυκεν
794 326 1047 367 scribendum
1077 326 1248 366 videtur.
1337 328 1405 366 22.
1437 323 1514 365 αἰεὶ
1543 326 1605 366 bis

31 389 93 429 Ἀ.
198 383 314 438 χάριν
351 385 504 427 Iacobo.
534 384 638 425 Add.
669 385 764 424 Ath.
797 381 899 436 213]
937 379 1065 436 ἀρχὴν
1093 384 1142 423 Α.
1193 378 1328 435 ἀκμὴν
1355 383 1510 424 Iacobs.
1541 397 1609 434 ap.

43 443 262 495 Schweigh.
351 442 419 482 23.
450 439 554 494 ἔχεις
573 438 748 495 Iamba]
778 438 856 492 ἔχει
875 433 924 479 θ’
947 441 998 480 A.
1039 437 1137 489 ἕξεις
1159 441 1278 481 Mein.
1296 440 1374 480 An.
1389 440 1486 480 Ath.
1508 437 1602 480 176.

44 502 111 543 24.
142 495 315 553 γέγραφέ
343 496 395 552 Β]
424 495 620 551 γέγραφέν
650 499 700 542 Α,
777 494 838 552 τε]
869 511 906 536 τι
935 497 1059 537 Mein.
1089 498 1133 537 in
1161 497 1258 537 Ath.
1339 498 1404 538 28.
1437 502 1519 536 τῶν
1547 497 1606 549 βι-

41 556 165 611 βλίων
194 552 423 609 Emporias]
454 554 600 607 βιαίων
630 557 679 595 A.
728 550 806 594 36’
838 551 941 594 ἐστὶ
979 551 1362 606 καταγεγραμμένα
1402 552 1469 607 Κ.]
1514 550 1610 593 ἐσθ’

46 612 162 655 ἕνεκα
191 610 239 652 τὰ
270 609 517 665 γεγραμμένα
547 612 598 651 A.
701 612 750 652 de
778 625 817 652 v.
840 612 893 651 29
926 624 1045 662 quem
1076 612 1185 651 solus
1214 611 1329 651 addit
1358 611 1396 650 A
1426 612 1607 662 despero,

42 672 120 713 nisi
158 670 264 723 quod
301 682 391 710 cum
430 669 486 709 eis
524 682 624 720 quae
661 670 883 720 sequuntur
920 668 1242 719 coniungendam
1281 681 1370 708 esse
1417 669 1608 719 suspicor.

43 726 140 769 κενὰ
197 721 318 767 ἄλλόν
348 723 456 765 ἔστιν
479 721 640 765 οὐδέπω
659 722 942 778 γεγραμμένων
961 725 1187 776 Emperius.
1256 726 1323 765 32.
1355 719 1406 764 οὗ
1427 721 1448 763 ὁ
1473 723 1612 776 καιρός

44 783 107 853 Al
134 781 228 825 ουδὲ
263 778 403 835 κύριον
439 783 560 825 Mein.
591 782 777 822 Menand.
807 782 935 834 praef.
967 795 1050 822 xv1.
1102 777 1196 821 οὐδ’
1225 777 1251 835 ,ὁ
1292 777 1427 835 κύριος
1470 782 1606 822 Dindf.

42 838 134 896 (ουχ
163 837 186 881 ὅ
214 835 350 892 κύριος
380 837 632 893 Schweigh).
682 833 735 891 ἦς
765 835 787 878 ὁ
816 834 975 890 καιρός,
1007 835 1098 878 οὐκ
1123 836 1130 890 Ι
1155 833 1256 891 αὕτη
1287 836 1330 877 δ’
1355 837 1497 891 ἑαυτῆς
1528 841 1609 881 κτλ,

43 898 251 940 Herword.
273 897 392 937 Anal.
415 898 502 936 crit.
526 897 594 936 44.
683 897 751 936 33.
782 892 974 946 δεσπότης
1004 893 1059 949 Α]
1093 892 1273 943 δεσπότις
1303 897 1348 936 Ρ.
1438 897 1507 936 34.
1539 891 1612 934 τυ’-

44 970 118 1008 χης
139 951 280 1008 Mein]
300 951 437 1005 τέχνης
460 953 509 993 Α.
577 954 644 994 35.
675 947 816 1005 καιρὸν
844 949 884 992 δ’
908 949 1099 1007 casaub]
1131 950 1175 992 δὲ
1204 950 1346 1005 καιρὸν
1375 954 1424 994 Α.
1484 962 1612 1004 προσ-

44 1008 247 1052 απόλωλεν
278 1010 326 1051 G.
355 1011 404 1053 A.
434 1011 634 1061 Hirschig.
742 1012 809 1050 36.
839 1006 960 1062 μέγας
990 1009 1134 1051 Adam.
1165 1024 1228 1061 ap.
1260 1008 1448 1064 Villebr.]
1490 1007 1613 1062 μέγας

42 1067 119 1123 γὰρ
147 1070 196 1111 Α.
284 1065 327 1106 δὲ
343 1067 409 1117 ,Α.
499 1069 565 1107 38.
597 1066 721 1118 Σιμία
750 1065 891 1120 Mein]
922 1062 1064 1117 σήμεια
1094 1067 1143 1107 A.
1231 1069 1299 1108 40.
1330 1081 1371 1107 τε
1399 1068 1490 1108 add.
1513 1067 1612 1109 VL.

44 1128 113 1167 41.
144 1122 183 1164 δ’
211 1127 301 1177 post
330 1121 489 1172 ἀντλίας
519 1125 609 1164 add.
641 1124 832 1164 Fritzsch.
865 1123 976 1165 Com.
1007 1137 1066 1174 gr.
1096 1124 1146 1163 fr.
1169 1126 1208 1164 8.
1285 1121 1435 1176 ἥκοντα
1466 1124 1607 1176 Mein]

42 1181 183 1236 ἥκοντι
211 1183 263 1222 Α.
350 1176 508 1233 γέμοντ’
532 1178 587 1220 ἔτι
617 1182 738 1221 Mein.
791 1194 1001 1232 γεμωντετι
1031 1180 1079 1221 Α.
1118 1182 1289 1222 fortasse
1319 1179 1458 1233 ἥκοντι
1489 1194 1612 1220 κατα-

44 1238 204 1294 γέμοντί
229 1253 270 1279 τε
298 1235 495 1293 (suspens.
527 1251 550 1277 a
578 1240 752 1290 παραθῶ
805 1238 926 1277 Mein.
958 1237 1075 1276 Anal.
1095 1236 1192 1278 Ath.
1219 1240 1312 1279 176.
1411 1240 1481 1279 42.
1513 1252 1612 1289 φορ-

45 1301 219 1350 τηγικῶν
237 1297 356 1337 Mein.
398 1299 650 1347 φορτητικῶν
672 1295 720 1334 Α.
798 1291 999 1347 κάγωνίας
1019 1294 1233 1349 Fritzsch.]
1255 1292 1459 1347 ἀγωνίαις.
1537 1296 1607 1335 43.

45 1351 150 1409 τήμῇ
178 1353 367 1394 Fritzsch.
421 1351 458 1391 εἰ
483 1346 537 1403 μὴ
568 1352 618 1391 Α.
706 1347 916 1405 νυστάσαι]
945 1350 1116 1391 ποππύ
1126 1361 1205 1390 σαι
1236 1354 1300 1393 vel
1329 1353 1482 1404 aliquid
1512 1354 1611 1393 eius-

6 1408 9 1411 *
47 1411 169 1452 modi.
257 1423 296 1450 v.
318 1410 372 1449 43
403 1411 496 1449 ante
526 1410 579 1448 41
611 1409 955 1460 transponendum
984 1409 1174 1450 censebat
1203 1410 1324 1450 Mein.

159 1467 417 1518 conloquitur
446 1479 538 1506 erus
568 1479 658 1506 cum
688 1479 838 1517 coquos
869 1466 1024 1505 dixerat
1053 1467 1145 1506 ante
1176 1467 1224 1506 de
1244 1467 1382 1507 amicis
1413 1479 1511 1518 quos
1543 1480 1608 1506 ex-

49 1527 257 1577 spectaret,
287 1524 469 1574 inprimis
491 1524 540 1563 de
560 1523 751 1574 opulento
773 1523 907 1575 aliquo
928 1524 1195 1563 transmarino
1216 1524 1611 1575 lautissimammque

49 1583 261 1633 epularum
290 1580 419 1631 perito
451 1577 525 1632 (36
542 1578 635 1632 sq.).

162 1639 199 1678 2.
230 1635 437 1689 προείπας,
467 1638 514 1676 ut
541 1636 710 1676 Philem.
733 1637 800 1687 42,
820 1638 844 1677 3
876 1635 1008 1685 εἴπας.
1089 1639 1128 1677 3.
1160 1632 1262 1676 πολύ
1291 1637 1615 1689 coniungendam

49 1708 137 1735 cum
169 1690 377 1745 πρότερον.
451 1694 488 1735 5.
518 1694 798 1745 gravissimum
829 1707 956 1745 coquo
989 1706 1073 1734 esse
1103 1694 1201 1734 dicit
1230 1694 1330 1735 scire
1360 1696 1448 1744 quis
1476 1695 1529 1734 sit
1557 1695 1616 1734 in-

48 1753 200 1792 vitatus
238 1753 280 1791 et
318 1763 437 1801 quem
475 1753 638 1801 gustum
677 1751 851 1790 habeant
887 1752 924 1790 ei
955 1752 1024 1802 qui
1055 1752 1137 1791 sint
1166 1751 1310 1791 vocati.
1362 1752 1413 1792 cf.
1448 1753 1514 1791 19.
1546 1752 1615 1791 36.

50 1810 116 1849 21.
146 1805 289 1860 λήψει,
319 1819 440 1847 emere
463 1809 624 1856 poteris.
694 1808 760 1846 24.
791 1807 1066 1848 Archestratus
1097 1808 1368 1859 Syracusanus
1390 1809 1454 1848 vel
1476 1807 1616 1848 Gelen-

50 1867 116 1916 sis‚
148 1866 260 1906 cuius
290 1864 479 1914 reliquias
509 1864 686 1915 conlegit
715 1865 781 1902 W.
802 1865 993 1905 Ribbeck.
1025 1865 1165 1916 Progr.
1189 1865 1323 1906 Berol.
1349 1866 1471 1905 1877.
1548 1867 1614 1905 27.

49 1923 132 1963 nobi
162 1934 208 1962 ca:
237 1922 348 1961 libris
377 1921 519 1961 discere
548 1922 682 1961 omnia
711 1933 809 1971 quae
839 1917 901 1975 (in
931 1919 1029 1972 illis)
1052 1923 1274 1972 perscripta
1301 1925 1406 1962 sunt.
1468 1923 1535 1964 28.
1568 1923 1616 1962 de

51 1979 251 2019 sententia
281 1978 333 2018 cf.
364 1977 503 2017 Sotad.
531 1979 563 2026 1,
588 1978 654 2018 34.
677 1979 717 2017 5.
791 1979 857 2018 30.
889 1981 1011 2030 negat
1041 1979 1088 2017 de
1118 1981 1203 2019 arte
1233 1992 1304 2018 sua
1333 1978 1454 2019 scribi
1484 1992 1614 2030 posse,

50 2049 142 2076 cum
172 2048 222 2075 ne
252 2035 383 2074 dicere
411 2034 574 2085 quidem
604 2036 697 2084 apte
729 2035 776 2074 de
808 2048 853 2074 ea
882 2036 998 2076 facile
1029 2036 1101 2075 sit:
1142 2039 1227 2075 tam
1257 2036 1407 2075 variam
1446 2038 1486 2075 et
1515 2036 1616 2075 mul·

49 2093 227 2144 tiplicem
257 2104 356 2132 esse.
395 2104 524 2142 neque
555 2091 714 2131 definiri
743 2105 871 2143 posse,
903 2106 1003 2144 quae
1033 2106 1191 2144 semper
1221 2093 1515 2144 opportunitati
1545 2106 1614 2143 pa·

49 2152 146 2189 reat.
234 2149 300 2190 42.
346 2146 609 2199 φορτηγικούς
654 2149 763 2189 cibos
808 2149 905 2189 dicit
949 2149 1095 2201 quibus
1139 2151 1182 2189 in
1225 2148 1348 2203 πλοίῳ
1387 2154 1614 2204 φορτηγικῷ

51 2205 169 2258 (Xen.
202 2205 308 2245 Hell·
341 2205 379 2254 5,
406 2207 442 2254 1,
466 2206 532 2245 21.
563 2206 669 2245 Poll.
704 2207 739 2254 1,
763 2205 836 2258 83)
867 2210 1095 2246 vescuntur.

699 2328 970 2362 ΟΜΩΝΤΜΟῙ

256 2472 338 2527 ἄγε
368 2467 423 2526 δὴ
453 2470 666 2527 Δρόμων,
699 2475 787 2515 νῦν
819 2476 863 2515 εἰ
886 2488 928 2515 τι
959 2472 1136 2528 κομψὸν
1164 2470 1196 2530 ἤ
1226 2472 1374 2528 σοφὸν

258 2539 286 2595 ἢ
315 2538 557 2594 γλαφυρὸν
586 2535 723 2582 οἶσθα
753 2543 846 2582 τῶν
875 2544 1070 2584 σεαυτοῦ
1100 2542 1391 2598 πραγμάτων,

258 2605 460 2662 φανερὸν
492 2608 683 2662 ποίησον
712 2609 845 2650 τοῦτο
875 2611 937 2664 τῷ
968 2609 1239 2666 διδασκάλῳ.

258 2678 347 2717 νῦν
377 2673 459 2730 τὴν
489 2671 720 2725 ἀπόδειξιν
750 2677 826 2730 τῆς
855 2676 1009 2732 τέχνης
1039 2678 1147 2720 αἰτῶ
1181 2675 1221 2719 σ’
1242 2676 1343 2732 ἐγώ.

206 2754 226 2783 5
258 2743 320 2792 εἰς
349 2743 569 2797 πολεμίαν
599 2739 691 2797 ἄγω
723 2753 791 2785 σε·
822 2747 1012 2799 θαρρῶν
1044 2745 1307 2799 κατάτρεχε·

257 2808 436 2866 ἀριθμῷ
466 2809 644 2852 διδόασι
673 2810 727 2854 τὰ
758 2812 866 2867 κρέα
897 2814 971 2854 καὶ
1001 2813 1194 2866 τηροῦσί
1221 2823 1284 2855 σε.

261 2876 426 2933 τακερὰ
455 2877 644 2934 ποιήσας
673 2881 813 2921 ταῦτα
844 2878 917 2921 καὶ
948 2879 1074 2932 ζέσας
1103 2879 1308 2935 σφόδρα,
