1864 3204
247 211 332 253 292
800 213 1051 247 KPATINOT
1075 213 1258 248 ΧΕῙΡΩΝ

454 311 528 354 καὶ
559 313 786 367 φράτερας
816 312 890 354 καὶ
921 313 1116 368 δημότας
1145 310 1295 366 εὑρών
1324 312 1474 368 μόλις,

453 380 514 430 εἰς
539 378 590 422 τὸ
619 383 850 423 κυλικεῖον
881 380 1160 435 ἐνεγράφην·
1192 379 1307 430 Ζεὺς
1334 382 1428 423 ἔστι
1457 396 1532 435 μοι

396 457 416 487 5
448 447 642 502 ἑρκεῖος,
674 449 766 490 ἔστι
797 449 1039 503 φράτριος,
1071 446 1125 489 τὰ
1155 445 1257 502 τέλη
1288 450 1415 490 τελῶ.

361 530 589 569 Athenaeus
632 532 702 580 11,
736 531 846 570 460f
893 532 1087 581 Κρατῖνος
1125 526 1146 568 ὃ
1191 527 1378 580 νεώτερος
1424 527 1468 568 ἕν
1510 529 1684 581 Χείρωνι
1723 533 1801 571 κτλ.

247 599 285 625 v.
308 587 334 623 4
364 586 599 626 Eustathius
625 588 744 636 1271,
769 588 819 625 31
852 582 1097 635 κυλικεῖονὴ
1130 591 1206 624 τῶν
1236 586 1412 624 κυλίκων
1440 585 1684 638 σκευοθήκη,
1715 582 1804 626 οἷον

248 639 376 692 εμόλις
408 642 462 689 εἰς
488 640 535 694 ,τό
568 644 768 681 κυλικεῖον
799 641 1038 695 ἐνεγράφη’,
1069 642 1197 694 ἤγουν
1226 642 1281 689 εἰς
1313 640 1354 681 τὸ
1385 639 1624 694 συμπόσιον,
1655 640 1709 690 ὥς
1737 638 1803 682 οἷα

246 698 605 750 πολιτογραφηθείς
626 711 718 738 που.
812 703 845 737 1.
880 697 972 752 ἔτει]
996 698 1050 737 ἔτι
1070 701 1118 738 A.
1199 701 1238 737 2.
1270 698 1407 738 οικαδε
1427 701 1477 741 Α.
1517 697 1630 750 η’κων
1648 700 1799 740 Iacobs.

249 756 362 805 Speo.
394 756 592 795 animadv.
623 756 670 795 ad
702 759 810 795 auct.
841 759 922 796 vet.
938 754 1055 822 111]
1087 754 1186 806 ἥκω.
1281 757 1319 794 4.
1352 752 1595 809 ἐνεγράφην]
1626 754 1804 823 ἐγράφην

250 814 298 850 Α.
350 809 548 864 ἐνεγράφη
578 813 691 852 Eust.
796 814 834 851 5.
859 826 1054 877 ooeoavptog
1082 813 1227 863 Bergk,
1260 813 1305 851 R.
1338 825 1373 851 o.
1402 812 1486 852 Att.
1522 813 1619 864 108]
1651 810 1797 864 φρατό·

250 882 332 917 ριος
365 870 412 907 A.
465 867 674 920 φρατέριος
706 870 825 908 Mein.
857 870 898 908 in
927 869 1024 908 Ath.

361 926 478 964 homo
508 926 640 964 nescio
665 927 752 975 quis
782 929 874 975 post
903 926 1130 964 diuturnam
1161 926 1382 964 absentiam
1415 938 1459 963 ex
1492 926 1665 965 hostium
1695 927 1803 965 terra

247 982 404 1021 rediens
433 982 500 1020 vix
530 995 553 1020 a
582 995 623 1020 se
653 983 842 1032 gentiles,
882 982 1049 1021 tribules
1090 982 1272 1021 inventos
1302 994 1407 1032 esse,
1448 982 1474 1022 i.
1505 995 1538 1020 e.
1577 995 1694 1033 aegre
1725 983 1802 1021 sibi

246 1039 461 1088 contigisse
493 1039 589 1077 dicit
618 1041 664 1077 ut
695 1039 743 1077 ab
773 1038 853 1077 illis
885 1040 1177 1088 agnosceretur.
1238 1036 1293 1084 εἰς
1334 1036 1376 1076 τὸ
1414 1040 1613 1076 κυλικεῖον
1643 1036 1801 1090 ἐνεγρά-

247 1109 333 1144 φην
347 1108 422 1162 per
443 1095 571 1133 iocum
593 1097 634 1133 et
664 1090 758 1144 παρ’
782 1090 979 1132 ὑπόνοιαν
1008 1095 1104 1134 dicit
1133 1107 1203 1145 pro
1232 1094 1287 1140 εἰς
1319 1093 1360 1132 τό
1394 1092 1651 1144 ληξιαρχικὸν
1679 1108 1802 1147 γραμ-

246 1154 408 1201 ματεῐον
439 1150 530 1203 (nos
559 1152 620 1191 ich
644 1152 773 1190 warde
791 1153 856 1190 ins
875 1151 1097 1190 Seidelbueh
1117 1152 1422 1201 einqeschrieben
1440 1164 1510 1201 pro
1530 1153 1595 1191 ins
1614 1153 1801 1192 Kirchen-

251 1205 382 1262 buch).
434 1209 660 1247 hominibus
691 1208 797 1246 enim
826 1208 866 1245 id
898 1221 1022 1257 genus
1052 1205 1094 1245 τὸ
1123 1209 1324 1246 κυλικεῖον
1352 1210 1480 1247 multo
1511 1211 1553 1246 et
1582 1209 1743 1259 gravius
1764 1211 1805 1247 et

248 1266 410 1303 suavius
431 1266 520 1303 est
510 1278 596 1314 lpsa
616 1265 788 1303 civitate.
839 1278 885 1301 τα
914 1262 1000 1314 τέλη
1022 1266 1146 1302 τελεῖν
1167 1264 1460 1303 Sohoemannus
1482 1264 1569 1303 Ind.
1591 1264 1802 1315 Gryphisv.

250 1322 357 1359 1858
388 1335 428 1370 p.
462 1323 500 1358 7.
535 1323 559 1359 8
601 1321 735 1359 docuit
765 1334 854 1358 eum
886 1321 986 1367 dici,
1025 1322 1093 1370 qui
1129 1334 1228 1370 quae
1266 1321 1419 1361 civibus
1457 1322 1694 1370 praestanda
1724 1322 1805 1360 sint

249 1377 496 1416 conferendis
539 1378 702 1415 tributis
745 1377 914 1426 aliisque
958 1378 1189 1416 muneribus
1235 1378 1426 1417 obeundis
1464 1378 1584 1427 probe
1622 1380 1662 1416 et
1698 1378 1802 1416 iuste

248 1436 424 1483 praestet
460 1434 563 1472 conl.
596 1432 640 1472 C.
672 1434 704 1473 Ι.
736 1433 754 1471 Ι
789 1434 885 1483 101,
911 1434 962 1471 25
1002 1435 1127 1471 τελεῖν
1163 1429 1287 1471 αὐτὸν
1324 1431 1372 1471 τὰ
1409 1429 1509 1473 αὐτὰ
1547 1431 1636 1483 τέλη
1672 1430 1716 1471 ἐν
1751 1438 1805 1486 τῳ

248 1488 381 1542 δήμῳ,
418 1487 522 1537 ἅπερ
561 1486 615 1527 ἂν
648 1488 715 1527 καὶ
755 1490 1291 1538 Πειραιεῖς.1)1118,1·οΙι.2,
1318 1493 1367 1529 17
1408 1489 1445 1529 εἶ
1479 1487 1524 1528 τὰ
1564 1487 1652 1540 τέλη
1691 1492 1803 1529 τελεῖ.

249 1559 388 1596 oppos.
422 1548 471 1585 18
503 1551 583 1584 τῶν
613 1542 652 1582 δ’
685 1543 819 1583 σίλλων
846 1539 1074 1594 Ἀθηναίων
1103 1541 1369 1598 εἰσφερόντων
1398 1545 1440 1586 ἐκ
1470 1551 1549 1584 τών
1579 1545 1704 1592 ἰδίων,
1735 1540 1805 1585 οὗ·

248 1616 312 1649 τος
351 1599 445 1641 οὐδὲ
484 1608 563 1641 τῶν
599 1601 800 1653 δημοσίων
837 1617 904 1641 και
941 1603 1000 1641 ών
1030 1596 1137 1652 ὦφλε
1168 1600 1211 1641 τὸ
1239 1600 1432 1654 ἆργνριον
1460 1617 1568 1641 απαν
1598 1600 1801 1642 ἐκτέτικεν.

761 1725 1295 1760 ΨΕΤΔΤΠΟΒΟΛῙΜΑῙΟΣ

362 1794 423 1834 Cf.
454 1795 626 1836 Meinek.
657 1794 677 1833 Ι
707 1795 802 1833 412.
837 1796 899 1833 13.
1001 1849 1054 1890 10

362 1925 604 1979 ἄνθρωπος
635 1923 676 1968 εἷ
703 1927 911 1981 δηλονότι
941 1925 1016 1968 καὶ
1045 1924 1196 1982 ψυχὴν
1225 1929 1356 1982 ἔχειςς

362 1997 412 2036 Β.
444 2009 556 2036 κατα
586 1990 670 2048 μὲν
700 1992 913 2036 Πλατων’
936 1992 1021 2036 οὐκ
1052 1990 1157 2048 οἶδ’,
1189 1990 1371 2037 ὑπονοῶ
1400 1992 1441 2036 δ’
1476 1987 1557 2037 ωδ’
1589 1996 1720 2050 ἔχειν.

361 2077 559 2127 Diogenes
589 2077 724 2115 Laert.
757 2078 801 2123 3,
825 2078 877 2115 28
909 2077 1104 2127 Κρατῖνος
1140 2074 1521 2129 Ψευδυποβολιμαίῳ
1551 2078 1634 2116 κτλ.
1703 2091 1742 2116 v.
1776 2079 1812 2121 1,

250 2134 469 2172 Meinekius
499 2134 556 2171 ita
586 2134 913 2183 distinguendum
944 2135 1078 2172 censet
1108 2134 1159 2172 A.
1190 2130 1408 2184 ἄνθρωπος
1439 2127 1492 2183 εἷ;
1534 2134 1575 2171 B.
1607 2129 1802 2184 δηλονότι.

248 2191 301 2228 Α.
331 2203 399 2228 και
427 2187 568 2239 ψυχὴν
597 2187 714 2239 ἐ’χεις;
803 2190 841 2227 2.
873 2183 950 2227 οἶδ’
975 2211 1030 2217 -—
1058 2182 1132 2227 ωδ’
1167 2187 1270 2240 ἔχειν
1300 2189 1347 2231 G.
1368 2189 1603 2241 Hermann.]
1637 2185 1727 2228 οἶδα
1752 2212 1801 2219 -

249 2244 366 2295 ἔχειν.
818 2279 822 2282 .

519 2355 801 2410 βυβλιοθήκη
1003 2300 1052 2341 ll

362 2422 469 2477 παρὰ
498 2430 551 2479 τῳ
583 2423 754 2491 νεωτέρῳ
784 2425 966 2478 Κρατίνῳ
998 2425 1041 2464 ἐν
1063 2417 1365 2480 Υποβολιμαίῳ.
1396 2427 1535 2466 Pollux
1559 2429 1596 2477 7,
1619 2429 1712 2465 211.
1759 2425 1803 2466 ἕν

244 2466 550 2535 Ὑποβολιμαίῳ]
582 2479 886 2533 ἀπεμπολημένη
906 2483 954 2522 Α.
1005 2485 1162 2522 videtur
1192 2487 1322 2522 tamen
1353 2484 1486 2521 eadem
1519 2484 1654 2522 fabula
1682 2485 1800 2534 signi-

250 2539 384 2589 ficari,
419 2551 519 2588 quae
550 2540 646 2578 alibi
683 2539 1081 2590 Ψευδυποβολιμαῖος
1112 2540 1268 2580 dicitur.
1323 2540 1399 2578 nisi
1431 2540 1530 2578 forte
1559 2535 1801 2590 Ἀπημπολη-

248 2593 348 2645 με’νη
379 2596 480 2633 alter
509 2595 667 2634 fabulae
696 2596 837 2635 titulus
869 2596 958 2634 fuit.
1004 2597 1053 2635 of.
1088 2597 1208 2635 Arist.
1238 2597 1338 2634 th.
1370 2597 1465 2637 374.
1583 2596 1699 2646 βυβλ.
1730 2596 1799 2647 K]

252 2651 356 2703 βιβι.

781 2717 985 2750 ΑΔΗΛΩΝ
1010 2717 1274 2752 ΔΡΑΜΑΤΩΝ

1003 2784 1053 2824 12

452 2851 514 2900 εἰς
544 2850 708 2905 ἐγγύας
736 2857 854 2904 τρεῖς
884 2851 1106 2893 εἰσπεσών
1135 2848 1376 2907 ἀνῃρέθην.
