1864 3204
618 213 971 247 ΝικοΣΤΡΑΤοΤ
1017 213 1142 246 ABPA
1581 212 1665 254 219

854 313 907 357 19

367 371 515 421 ἔωθας

204 448 392 506 Ἀραρώς,
443 453 610 494 Photius
640 457 681 493 et
711 454 854 494 Suidas
885 451 1040 502 ἕωθώς.
1091 456 1141 495 cf.
1174 454 1368 506 Archipp.
1401 457 1469 496 48.
1530 479 1533 483 ,

849 565 907 608 20

367 644 696 700 κοκκυμηλέαν,
729 646 1023 701 κοκκύμηλον

208 727 442 767 Athenaeus
473 730 517 777 2,
541 728 630 767 50b
668 723 843 779 Ἀραρώς
880 724 926 767 δὲ
956 725 1235 779 κοκκυμηλέαν
1265 731 1381 768 καλεῖ
1406 727 1449 768 τὸ
1479 726 1661 780 δένδρον,

91 779 343 835 κοκκύμηλον
373 780 416 823 δὲ
446 781 490 823 τὸ
519 780 759 836 ἀκρόδρυον.
824 784 1099 836 κοκκυμηλίαν
1135 785 1269 825 BCD.
1334 786 1478 826 Pollux
1511 789 1554 838 1,
1579 789 1660 826 232

93 838 345 892 κοκκύμηλον
374 839 449 892 μὲν
479 836 693 894 οὐδετέρως
725 838 747 881 ὁ
777 841 948 894 καρπός,
979 839 1209 893 ἀρσενικῶς,
1231 839 1275 881 δὲ
1297 840 1339 882 τὸ
1360 840 1530 896 δένδρον
1550 846 1667 883 καλεῖ

91 894 116 947 ἡ
149 895 248 948 μέση
278 897 484 952 κωμῳδία,
515 894 536 937 ὁ
566 895 825 950 κοκκύμηλος.
875 900 980 939 unde
1004 900 1261 940 casaubonus
1292 901 1334 940 in
1356 901 1561 940 Athenaeo
1592 897 1662 940 τὸν

91 953 343 1004 κοκκύμηλον
386 969 459 1006 pro
503 953 792 1007 κοκκυμηλὲαν.
852 960 894 996 at
937 958 1123 996 arborum
1167 957 1450 1008 frugiferarum
1497 960 1661 998 nomina

92 1012 305 1052 maximam
336 1015 492 1063 partem
524 1014 565 1052 in
595 1011 638 1052 έα
669 1011 733 1066 (ἢ)
766 1014 967 1054 desinunt.

364 1180 658 1249 χορτᾷζεσθαι
845 1125 899 1167 21

202 1258 392 1315 Ἀραρώς.
436 1263 579 1304 Pollux
613 1266 649 1315 6,
672 1265 738 1304 43.
792 1266 841 1304 ef.
875 1252 1021 1305 Bubul.
1055 1268 1090 1317 7,
1115 1268 1151 1305 5.
1186 1268 1252 1317 30,
1279 1268 1313 1306 1,

624 1527 1124 1623 NIKOZffiPATOE

205 1686 428 1726 Meinekius
447 1686 467 1725 I
488 1688 636 1738 346sq.
681 1687 813 1728 schol,
845 1689 948 1728 Plat.
971 1691 1050 1729 331
1073 1690 1242 1729 Bekker.
1273 1687 1342 1728 καὶ
1372 1688 1503 1737 τρίτον
1532 1686 1657 1741 (Ἀρι-

92 1740 298 1793 στοφάνης
329 1740 443 1793 ἔσχεν
473 1738 604 1798 υἵόν),
641 1741 693 1783 ὃν
717 1739 1014 1794 Ἀπολλόδωρος
1043 1743 1117 1795 μὲν
1148 1743 1426 1798 Νικόστρατον
1455 1749 1588 1797 καλεῖ,
1619 1746 1661 1786 οἱ

89 1795 134 1838 δὲ
173 1796 262 1846 περὶ
296 1799 543 1851 Δικαίαρχον
571 1799 815 1853 Φιλέταιρον.
866 1805 972 1842 unde
1013 1805 1112 1842 miro
1144 1817 1274 1843 errore
1303 1804 1504 1843 Porsonus
1533 1817 1657 1843 unum

89 1856 336 1906 eundemque
374 1857 576 1896 hominem
614 1859 736 1898 fuisse
774 1859 1048 1899 Nicostratum
1088 1863 1128 1899 et
1165 1861 1436 1900 Philetaerum
1475 1862 1656 1910 coniecit,

88 1913 256 1964 probato
294 1915 430 1953 tamen
468 1928 491 1953 a
523 1914 722 1966 Walpolio
753 1915 864 1955 Com.
897 1930 955 1966 gr.
990 1917 1036 1957 fr.
1069 1931 1109 1966 p.
1133 1919 1185 1956 99
1226 1919 1266 1956 et
1303 1917 1489 1957 Clintono
1527 1918 1655 1957 Praef.

88 1970 198 2009 Fast.
229 1970 335 2012 Hell.
358 1983 439 2011 xnv
460 1971 607 2022 Krueg.
641 1973 794 2012 scilicet
823 1973 921 2012 nihil
951 1974 1057 2013 aliud
1089 1974 1305 2014 scholiasta
1334 1974 1558 2025 significare
1589 1988 1655 2014 vo-

90 2027 178 2077 luit,
209 2039 330 2077 quam
351 2027 625 2067 Nicostratum
657 2030 706 2068 ab
729 2030 976 2080 Apollodoro
1010 2032 1174 2070 tertium
1207 2032 1497 2082 (Philetaerum
1519 2044 1654 2071 secun-

93 2082 222 2136 dum),
255 2097 278 2122 ε,
307 2084 544 2124 Dicaearcho
575 2087 792 2125 secundum
826 2085 1118 2140 (Philetaerum
1150 2084 1336 2143 tertium)
1374 2089 1656 2139 Aristophanis

89 2139 212 2179 filium
244 2141 333 2180 dici.
385 2142 436 2181 cf.
468 2142 587 2181 Mein.
619 2142 681 2182 III
713 2145 806 2184 278.

801 2268 926 2301 ABPA

862 2347 883 2386 1

294 2420 428 2472 πίναξ
461 2419 484 2465 ὁ
515 2426 693 2478 πρῶτος
722 2426 815 2466 τῶν
844 2425 1055 2479 μεγάλων
1083 2424 1321 2482 ἡγήσεται,

295 2490 410 2544 ἔχων
440 2488 607 2545 ἐχῖνον,
639 2489 935 2548 ὠμοτάριχον,
968 2493 1214 2550 κάππαριν,

294 2558 608 2614 θρυμματίδα,
639 2559 849 2615 τέμαχος,
880 2559 1052 2616 βολβὸν
1084 2563 1136 2606 ἐν
1165 2561 1484 2619 ὑποτρίμματι.

206 2651 432 2690 Athenaeus
468 2653 516 2702 4,
556 2654 667 2693 1330
707 2649 976 2706 Νικόστρατος
1015 2653 1059 2695 ἐν
1085 2654 1215 2712 ’Ἅβρᾳ
1253 2660 1337 2696 κτλ..
1396 2657 1557 2707 exponit
1587 2670 1653 2696 ero

90 2720 258 2759 coquus,
291 2720 409 2758 quem
439 2720 558 2748 cenae
588 2710 766 2750 ordinem
796 2712 1004 2752 instituere
1034 2715 1143 2754 velit.
1221 2717 1258 2753 1.
1288 2710 1491 2767 μεγάλων]
1523 2715 1651 2751 τελε-

89 2764 214 2803 τῶνῗ
264 2765 368 2814 quod
407 2777 495 2803 cum
532 2766 661 2805 ironia
697 2768 984 2817 accipiendum.
1053 2783 1144 2809 nam
1183 2766 1443 2822 ὠμοτάριχος,
1488 2771 1653 2812 crudum

88 2823 388 2866 salsamentum,
429 2834 510 2861 non
547 2825 702 2862 coctum
732 2828 802 2863 aut
830 2830 1026 2877 assatum,
1065 2828 1152 2867 vilis
1188 2828 1299 2867 cibus
1330 2832 1403 2867 est.
1453 2827 1651 2869 τΒίοεκεοτ.

93 2879 132 2928 2,
150 2879 204 2918 33
235 2873 257 2919 ὁ
287 2873 591 2930 δὲ·ὠμοτα’ριχος
622 2875 719 2933 σάρξ
747 2878 827 2920 ἐστι
856 2878 1018 2922 θύννου
1048 2881 1383 2935 τεταριχευμένου.
1422 2885 1472 2924 cf.
1495 2885 1649 2926 Alexid.
