1890 3190
273 177 329 218 40
890 179 1212 213 ΑΝΤΙΦΑΝΟΤΣ

963 279 1132 314 ΓΑΜΟΣ

1834 0 1881 202 3

1822 171 1878 271 ’ξ

1866 288 1879 341 ζ

390 360 541 399 Eodem
579 362 741 400 nomine
779 360 937 400 fabulas
977 361 1224 410 scripserunt
1253 362 1461 400 Philemon
1499 363 1541 402 et
1569 362 1755 413 Diphilus
1784 376 1830 403 ac
1882 404 1884 407 ,

278 418 401 456 latine
432 416 627 456 Caecilius
659 417 825 456 Statius.
876 416 923 456 O.
945 417 1133 456 Ribbeck
1166 417 1276 457 Gom.
1308 418 1422 458 Rom.
1453 415 1521 458 fr.²
1550 432 1591 469 p.
1613 419 1682 459 43.

1028 538 1084 580 70

481 615 700 670 πατάνια,
731 618 938 670 σεῦτλον,
970 618 1170 671 σίλφιον,
1201 617 1387 672 χύτρας,
1419 619 1634 672 λύχνους,

485 686 729 739 κορίαννα,
761 681 973 739 κρόμμυ’,
1005 683 1139 739 ἅλας,
1171 686 1339 739 ἔλαιον,
1369 686 1600 740 τρύβλιον.

390 762 619 817 Athenaeus
639 778 814 828 4,169ᾶ
846 774 1043 816 πατάνιον
1071 773 1307 830 (πατάνειον
1337 775 1391 832 Α)
1421 775 1464 817 δὲ
1494 775 1562 817 διὰ
1591 784 1662 818 τοῦ
1691 792 1721 818 π
1745 776 1831 820 Ἀν-

276 832 447 884 τιφάνης
487 832 531 872 ἐν
561 833 681 887 Γάμῳ
719 830 862 898 (σάμῳ
879 830 936 900 A)
972 836 1051 874 κτλ.
1109 838 1246 874 eontra,
1285 835 1456 874 Bekker.
1490 835 1639 876 Anecd.
1673 837 1749 889 84,
1781 839 1832 877 13

275 886 463 942 βατάνια·
504 888 573 935 τὰς
610 886 803 940 λοπάδας,
835 905 887 937 ως
927 885 1206 942 Ἀλεξανδρεῖς.
1253 887 1493 943 Ἀντιφάνης
1524 887 1687 942 Γάμοις.
1793 895 1831 933 1.

275 944 445 985 πατάνια
465 945 517 1000 Β]
538 945 730 986 πατάνεια
751 948 798 986 Α.
870 948 906 989 2.
929 944 1119 1018 κρόμμυ’]
1142 943 1321 1000 κρόμμυα
1344 949 1391 987 A.
1459 946 1558 995 ἅλας
1580 948 1808 1002 Schweigh.
1811 946 1830 1004 ]

204 1032 208 1035 -
277 1001 370 1051 ἅλες
400 1005 449 1043 A.
500 1005 551 1043 cf.
584 1005 633 1043 fr.
659 1004 725 1043 95.
753 1005 846 1042 142.

391 1062 558 1100 fortasse
596 1061 867 1111 fragmentum
903 1061 1008 1100 inter
1046 1062 1142 1100 duas
1180 1073 1368 1111 personas
1409 1061 1728 1101 distribuendum
1757 1065 1832 1112 est,

278 1119 322 1156 ut
351 1115 493 1169 χύτρας
522 1115 692 1167 λύχνους
722 1119 763 1156 et
792 1115 982 1168 τρύβλιον
1010 1118 1092 1156 sint
1121 1117 1298 1160 alterius.
1350 1114 1464 1163 τἅλες
1495 1118 1542 1157 de
1571 1118 1660 1158 cibo
1688 1119 1834 1171 frugali
1877 1122 1882 1130 ’

277 1176 318 1213 et
347 1174 498 1224 viliore,
529 1176 575 1212 ut
603 1174 708 1223 apud
739 1174 878 1212 Horat.
910 1174 1157 1223 Serm.1,3,
1184 1175 1234 1213 13
1272 1175 1322 1213 sit
1358 1175 1454 1214 mihi
1490 1188 1625 1215 mensa
1653 1177 1771 1225 tripes
1800 1180 1835 1216 et

278 1232 421 1270 concha
456 1231 551 1270 salis
581 1233 691 1279 puri.
744 1231 795 1269 cf.
827 1231 935 1269 Pers.
966 1232 1003 1280 3,
1028 1231 1095 1269 24.
1148 1230 1309 1269 Lucian.
1341 1231 1443 1269 Tim.
1466 1232 1519 1270 56
1552 1229 1594 1269 εἴ
1618 1244 1710 1270 ποτε
1739 1246 1834 1284 τρν-

276 1284 411 1341 φαίην,
442 1283 573 1338 ὀλίγον
602 1291 683 1325 τῶν
711 1282 832 1325 ἁλῶν.
865 1287 922 1325 De
944 1300 1061 1326 merc.
1083 1287 1197 1326 cond.
1225 1288 1302 1327 19.'
1337 1287 1487 1328 Iacobs.
1511 1288 1649 1327 Addit.
1678 1289 1772 1328 140.
1797 1292 1832 1329 1.
1870 1287 1871 1290 ’

1031 1398 1081 1439 71

449 1477 633 1530 κογχίον
663 1491 712 1517 τε
742 1456 1155 1531 μικρὸνόἰλλᾶντός
1183 1490 1231 1517 τε
1261 1476 1655 1531 προστετμημένον

393 1569 621 1609 Athenaeus
650 1570 835 1618 4‚160d
865 1563 1002 1621 κόγχος
1031 1564 1189 1632 μνήμης
1220 1565 1456 1631 τετύχηκεν.
1505 1567 1677 1622 ,(παρὰ)
1706 1567 1836 1610 ’-Αντι

279 1623 400 1690 φάνει
435 1627 488 1679 τῷ
525 1630 708 1679 κωμικῷ,
753 1623 796 1672 ὃς
826 1619 1226 1676 ὑποκοριστικώτερον
1255 1619 1379 1664 αὐτὸν
1408 1621 1611 1677 ὠνόμασεν
1641 1625 1684 1666 ἐν
1714 1625 1836 1682 Γάμῳ

279 1676 404 1729 οὕτως
434 1684 514 1724 κτλ.
611 1681 770 1733 κογχίον
801 1696 836 1720 τι
867 1683 985 1721 Mein.
1016 1682 1132 1722 Anal.
1158 1683 1251 1721 Ath,
1273 1684 1339 1735 76,
1368 1695 1528 1733 prorsus
1559 1684 1711 1724 incerta
1739 1697 1829 1725 eon—

278 1740 442 1779 iectura.

1035 1792 1089 1834 72

553 1869 750 1927 ἐκτεμών
779 1872 944 1926 χορδῆς
971 1878 1160 1926 μεσαῖον

395 1966 623 2006 Athenaeus
654 1967 692 2017 3,
713 1967 764 2004 95
781 1980 804 2004 a
829 1960 1073 2016 Ἀντιφάνης
1106 1962 1150 2003 ἐν
1181 1959 1327 2016 Γάμοις
1355 1966 1437 2005 κτλ.
1538 1969 1702 2017 μεσαῖον
1731 1969 1834 2007 θυν-

282 2021 401 2069 νάδος
433 2020 596 2073 τέμαχος
627 2023 674 2061 fr.
701 2023 794 2061 181.

904 2166 1212 2201 ΓΑΝΤΜΗΔΗΣ

400 2238 574 2287 Raptum
597 2236 841 2288 Ganymedis
871 2236 1028 2276 fabulae
1047 2236 1337 2288 'argumentum
1367 2238 1488 2277 fuisse
1518 2239 1730 2290 utrumque
1760 2240 1837 2278 fra·
1880 2234 1890 2271 ’ἕ

284 2296 491 2346 gmentum
522 2294 646 2333 docet.
698 2294 775 2333 fuit
804 2294 923 2332 etiam
953 2294 1089 2334 Alcaei
1119 2293 1362 2344 Ganymedes
1391 2296 1432 2333 et
1461 2294 1620 2337 Eubuli.

1035 2404 1087 2446 73
1883 2370 1890 2432 ἒ

553 2486 644 2525 τῶν
674 2484 831 2525 οἰκιῶν
861 2477 946 2525 οὖν
976 2475 1042 2524 οἷν
1072 2481 1206 2539 ὁρᾷς,
1239 2483 1290 2526 ἐν
1320 2484 1427 2540 τῇδε
1456 2484 1539 2538 μὲν

543 2549 566 2593 ὁ
597 2554 688 2593 τῶν
706 2553 903 2604 Φρυγῶν
928 2550 1151 2606 τύραννος
1181 2552 1319 2593 οἰκῶν
1348 2553 1561 2606 τυγχάνει

542 2619 703 2674 γε’ρων,
734 2616 809 2660 ἀπ’
835 2616 973 2673 άρχῆς
994 2619 1238 2674 Λαομέδων
1269 2618 1560 2675 καλούμενος.

397 2712 526 2752 Schol.
544 2714 678 2763 Eurip.
698 2711 841 2751 Troad.
858 2712 937 2750 821
961 2710 1028 2751 καὶ
1044 2708 1285 2762 Ἀντιφάνης
1306 2702 1659 2763 Λαομέδοντος
1678 2711 1835 2752 παῖδα

285 2765 370 2806 τὸν
400 2764 702 2820 Γανυμήδην
731 2765 830 2819 φησὶ
860 2766 927 2806 διὰ
959 2763 1107 2808 τούτων
1135 2770 1215 2807 κτλ.
1262 2770 1405 2810 desunt
1434 2771 1557 2820 igitur
1586 2771 1626 2809 in
1657 2771 1832 2810 extremo
1878 2782 1880 2787 ·

286 2825 511 2876 fragmento
553 2839 598 2865 ea
627 2826 715 2875 ipse¹
744 2825 885 2875 verba,
927 2826 1069 2875 quibus
1106 2828 1225 2876 poeta
1255 2826 1523 2877 Ganymedem
1553 2826 1836 2867 Laomedontis
1876 2860 1878 2862 .
