<?xml version="1.0" encoding="UTF-8"?>
<!DOCTYPE html PUBLIC "-//W3C//DTD XHTML 1.0 Transitional//EN"
    "http://www.w3.org/TR/xhtml1/DTD/xhtml1-transitional.dtd">
<html xmlns="http://www.w3.org/1999/xhtml" xml:lang="en" lang="en">
 <head>
  <title>
</title>
<meta http-equiv="Content-Type" content="text/html;charset=utf-8" />
  <meta name='ocr-system' content='tesseract 3.04.00' />
  <meta name='ocr-capabilities' content='ocr_page ocr_carea ocr_par ocr_line ocrx_word'/>
</head>
<body>
  <div class='ocr_page' id='page_1' title='image "./comicorumatticor02kockuoft_0394.png"; bbox 0 0 1864 3204; ppageno 0'>
   <div class='ocr_carea' id='block_1_1' title="bbox 271 209 1177 252">
    <p class='ocr_par' dir='ltr' id='par_1_1' title="bbox 271 209 1177 252">
     <span class='ocr_line' id='line_1_1' title="bbox 271 209 1177 252; baseline -0.01 0"><span class='ocrx_word' id='word_1_1' title='bbox 271 210 353 252; x_wconf 84' lang='lat'>388</span> <span class='ocrx_word' id='word_1_2' title='bbox 926 209 1177 248; x_wconf 75' lang='grc' dir='ltr'>ΑΛΕΞιΔοΣ</span> 
     </span>
    </p>
   </div>
   <div class='ocr_carea' id='block_1_2' title="bbox 271 310 1829 864">
    <p class='ocr_par' dir='ltr' id='par_1_2' title="bbox 272 310 1827 592">
     <span class='ocr_line' id='line_1_2' title="bbox 273 310 1826 366; baseline 0.003 -15"><span class='ocrx_word' id='word_1_3' title='bbox 273 315 320 351; x_wconf 85' lang='grc' dir='ltr'>οὑ</span> <span class='ocrx_word' id='word_1_4' title='bbox 351 310 589 363; x_wconf 84' lang='grc' dir='ltr'><em>μνημονεύει</em></span> <span class='ocrx_word' id='word_1_5' title='bbox 610 310 806 359; x_wconf 77' lang='grc' dir='ltr'><strong>”Αλεξις..</strong></span> <span class='ocrx_word' id='word_1_6' title='bbox 826 311 897 352; x_wconf 81' lang='grc' dir='ltr'>,ἐν</span> <span class='ocrx_word' id='word_1_7' title='bbox 926 310 971 350; x_wconf 78' lang='grc' dir='ltr'>δὲ</span> <span class='ocrx_word' id='word_1_8' title='bbox 999 312 1160 366; x_wconf 80' lang='grc' dir='ltr'><em>Φαίδρῳ</em></span> <span class='ocrx_word' id='word_1_9' title='bbox 1191 312 1291 363; x_wconf 84' lang='grc' dir='ltr'><em>φησὶ</em></span> <span class='ocrx_word' id='word_1_10' title='bbox 1319 315 1400 353; x_wconf 74' lang='grc' dir='ltr'><strong>κτλ.</strong></span> <span class='ocrx_word' id='word_1_11' title='bbox 1459 327 1498 354; x_wconf 86' lang='lat' dir='ltr'>v.</span> <span class='ocrx_word' id='word_1_12' title='bbox 1529 316 1552 353; x_wconf 87' lang='grc'>2</span> <span class='ocrx_word' id='word_1_13' title='bbox 1570 315 1655 353; x_wconf 82' lang='grc'>-4</span> <span class='ocrx_word' id='word_1_14' title='bbox 1683 315 1826 355; x_wconf 75' lang='lat' dir='ltr'>Eusta-</span> 
     </span>
     <span class='ocr_line' id='line_1_3' title="bbox 272 366 1824 424; baseline 0.001 -16"><span class='ocrx_word' id='word_1_15' title='bbox 272 371 379 408; x_wconf 77' lang='lat' dir='ltr'>thius</span> <span class='ocrx_word' id='word_1_16' title='bbox 412 370 532 418; x_wconf 87' lang='lat'>1554,</span> <span class='ocrx_word' id='word_1_17' title='bbox 557 371 580 407; x_wconf 91' lang='lat'>2</span> <span class='ocrx_word' id='word_1_18' title='bbox 625 366 842 408; x_wconf 82' lang='grc' dir='ltr'><strong><em>πέπαικταί</em></strong></span> <span class='ocrx_word' id='word_1_19' title='bbox 882 383 960 408; x_wconf 88' lang='grc' dir='ltr'><strong><em>τινι</em></strong></span> <span class='ocrx_word' id='word_1_20' title='bbox 1001 372 1158 424; x_wconf 74' lang='grc' dir='ltr'><strong><em>παλαιῷ</em></strong></span> <span class='ocrx_word' id='word_1_21' title='bbox 1194 370 1250 417; x_wconf 84' lang='grc' dir='ltr'>εἰς</span> <span class='ocrx_word' id='word_1_22' title='bbox 1286 368 1440 409; x_wconf 87' lang='grc' dir='ltr'><strong><em>α’σωτον</em></strong></span> <span class='ocrx_word' id='word_1_23' title='bbox 1476 366 1721 422; x_wconf 80' lang='grc' dir='ltr'><strong><em>βραχυήλικα</em></strong></span> <span class='ocrx_word' id='word_1_24' title='bbox 1759 369 1824 410; x_wconf 83' lang='grc' dir='ltr'>τό·</span> 
     </span>
     <span class='ocr_line' id='line_1_4' title="bbox 274 422 1827 478; baseline 0.004 -16"><span class='ocrx_word' id='word_1_25' title='bbox 274 425 471 477; x_wconf 83' lang='grc' dir='ltr'><strong><em>Χαρίδης</em></strong></span> <span class='ocrx_word' id='word_1_26' title='bbox 486 422 506 463; x_wconf 86' lang='grc' dir='ltr'>ὃ</span> <span class='ocrx_word' id='word_1_27' title='bbox 535 423 671 476; x_wconf 81' lang='grc' dir='ltr'><strong><em>μικρὸς</em></strong></span> <span class='ocrx_word' id='word_1_28' title='bbox 703 424 747 465; x_wconf 80' lang='grc' dir='ltr'>ἐν</span> <span class='ocrx_word' id='word_1_29' title='bbox 775 422 896 464; x_wconf 82' lang='grc' dir='ltr'><strong><em>πένθ’</em></strong></span> <span class='ocrx_word' id='word_1_30' title='bbox 921 423 1085 478; x_wconf 83' lang='grc' dir='ltr'><strong><em>ἡμέραις</em></strong></span> <span class='ocrx_word' id='word_1_31' title='bbox 1116 429 1193 465; x_wconf 81' lang='grc' dir='ltr'><strong>κτλ.</strong></span> <span class='ocrx_word' id='word_1_32' title='bbox 1284 429 1321 466; x_wconf 98' lang='grc'>2.</span> <span class='ocrx_word' id='word_1_33' title='bbox 1353 426 1532 478; x_wconf 82' lang='grc' dir='ltr'><strong><em>Χαρίδης</em></strong></span> <span class='ocrx_word' id='word_1_34' title='bbox 1562 428 1688 477; x_wconf 68' lang='lat' dir='ltr'>Eust„</span> <span class='ocrx_word' id='word_1_35' title='bbox 1721 429 1827 468; x_wconf 82' lang='lat' dir='ltr'>unde</span> 
     </span>
     <span class='ocr_line' id='line_1_5' title="bbox 274 475 1827 535; baseline 0.003 -16"><span class='ocrx_word' id='word_1_36' title='bbox 274 480 356 520; x_wconf 81' lang='grc' dir='ltr'><strong><em>ἐπεὶ</em></strong></span> <span class='ocrx_word' id='word_1_37' title='bbox 386 480 564 534; x_wconf 75' lang='grc' dir='ltr'><strong><em>Χαρίδης</em></strong></span> <span class='ocrx_word' id='word_1_38' title='bbox 595 483 715 524; x_wconf 85' lang='lat' dir='ltr'>Mein.</span> <span class='ocrx_word' id='word_1_39' title='bbox 766 484 816 522; x_wconf 85' lang='lat' dir='ltr'>of.</span> <span class='ocrx_word' id='word_1_40' title='bbox 848 484 895 522; x_wconf 85' lang='lat' dir='ltr'>fr.</span> <span class='ocrx_word' id='word_1_41' title='bbox 929 484 1022 534; x_wconf 89' lang='lat'>220,</span> <span class='ocrx_word' id='word_1_42' title='bbox 1046 485 1087 522; x_wconf 89' lang='lat'>4.</span> <span class='ocrx_word' id='word_1_43' title='bbox 1188 475 1211 521; x_wconf 88' lang='lat'><em>5</em></span> <span class='ocrx_word' id='word_1_44' title='bbox 1240 481 1379 535; x_wconf 81' lang='grc' dir='ltr'><strong><em>μιαρὸς</em></strong></span> <span class='ocrx_word' id='word_1_45' title='bbox 1408 484 1553 535; x_wconf 83' lang='lat' dir='ltr'><strong>Bergk.</strong></span> <span class='ocrx_word' id='word_1_46' title='bbox 1649 486 1690 523; x_wconf 89' lang='lat'>4.</span> <span class='ocrx_word' id='word_1_47' title='bbox 1722 481 1827 523; x_wconf 79' lang='grc' dir='ltr'><strong><em>οὕτω</em></strong></span> 
     </span>
     <span class='ocr_line' id='line_1_6' title="bbox 274 536 645 592; baseline -0.003 -15"><span class='ocrx_word' id='word_1_48' title='bbox 274 536 409 592; x_wconf 71' lang='lat' dir='ltr'>Eust]</span> <span class='ocrx_word' id='word_1_49' title='bbox 441 536 566 585; x_wconf 77' lang='grc' dir='ltr'><strong><em>οὕτως</em></strong></span> <span class='ocrx_word' id='word_1_50' title='bbox 597 540 645 578; x_wconf 92' lang='lat' dir='ltr'>A.</span> 
     </span>
    </p>

    <p class='ocr_par' dir='ltr' id='par_1_3' title="bbox 271 589 1828 864">
     <span class='ocr_line' id='line_1_7' title="bbox 389 589 1827 650; baseline 0.002 -16"><span class='ocrx_word' id='word_1_51' title='bbox 389 598 425 634; x_wconf 91' lang='lat'>1.</span> <span class='ocrx_word' id='word_1_52' title='bbox 457 597 566 635; x_wconf 77' lang='lat' dir='ltr'>tarde</span> <span class='ocrx_word' id='word_1_53' title='bbox 594 599 638 635; x_wconf 76' lang='lat' dir='ltr'>tu</span> <span class='ocrx_word' id='word_1_54' title='bbox 666 597 818 645; x_wconf 76' lang='lat' dir='ltr'>quidem</span> <span class='ocrx_word' id='word_1_55' title='bbox 848 595 931 648; x_wconf 87' lang='lat' dir='ltr'>(vel</span> <span class='ocrx_word' id='word_1_56' title='bbox 960 597 1027 636; x_wconf 82' lang='lat' dir='ltr'>ille</span> <span class='ocrx_word' id='word_1_57' title='bbox 1056 595 1234 650; x_wconf 83' lang='lat' dir='ltr'>quidem)</span> <span class='ocrx_word' id='word_1_58' title='bbox 1264 610 1346 636; x_wconf 81' lang='lat' dir='ltr'>rem</span> <span class='ocrx_word' id='word_1_59' title='bbox 1373 597 1609 644; x_wconf 75' lang='lat' dir='ltr'><em>familiarem</em></span> <span class='ocrx_word' id='word_1_60' title='bbox 1635 589 1827 647; x_wconf 64' lang='lat' dir='ltr'>dilapida-</span> 
     </span>
     <span class='ocr_line' id='line_1_8' title="bbox 271 649 1825 721; baseline 0.001 -30"><span class='ocrx_word' id='word_1_61' title='bbox 271 654 361 692; x_wconf 74' lang='lat' dir='ltr'>visti</span> <span class='ocrx_word' id='word_1_62' title='bbox 399 649 692 721; x_wconf 75' lang='lat' dir='ltr'>(dilapidavit),</span> <span class='ocrx_word' id='word_1_63' title='bbox 733 653 930 703; x_wconf 83' lang='lat' dir='ltr'><strong>siquidem</strong></span> <span class='ocrx_word' id='word_1_64' title='bbox 969 654 1195 703; x_wconf 85' lang='lat' dir='ltr'>Epicharidi</span> <span class='ocrx_word' id='word_1_65' title='bbox 1232 655 1406 704; x_wconf 86' lang='lat' dir='ltr'>quinque</span> <span class='ocrx_word' id='word_1_66' title='bbox 1448 654 1531 693; x_wconf 86' lang='lat' dir='ltr'>dies</span> <span class='ocrx_word' id='word_1_67' title='bbox 1574 654 1825 694; x_wconf 76' lang='lat' dir='ltr'>suffecerunt.</span> 
     </span>
     <span class='ocr_line' id='line_1_9' title="bbox 276 705 1828 763; baseline 0.002 -17"><span class='ocrx_word' id='word_1_68' title='bbox 276 711 312 750; x_wconf 83' lang='lat'>2.</span> <span class='ocrx_word' id='word_1_69' title='bbox 355 710 430 747; x_wconf 80' lang='grc' dir='ltr'><strong><em>Κλε</em></strong></span> <span class='ocrx_word' id='word_1_70' title='bbox 413 706 565 759; x_wconf 60' lang='grc' dir='ltr'><strong><em>ειγένης</em></strong></span> <span class='ocrx_word' id='word_1_71' title='bbox 604 705 626 747; x_wconf 84' lang='grc' dir='ltr'>ὀ</span> <span class='ocrx_word' id='word_1_72' title='bbox 664 708 839 760; x_wconf 81' lang='grc' dir='ltr'><strong><em>μικρός</em></strong></span> <span class='ocrx_word' id='word_1_73' title='bbox 883 710 1006 750; x_wconf 83' lang='lat' dir='ltr'>Arist.</span> <span class='ocrx_word' id='word_1_74' title='bbox 1037 710 1137 749; x_wconf 85' lang='lat' dir='ltr'>Ran.</span> <span class='ocrx_word' id='word_1_75' title='bbox 1170 711 1272 758; x_wconf 83' lang='lat'>708,</span> <span class='ocrx_word' id='word_1_76' title='bbox 1320 706 1597 760; x_wconf 82' lang='grc' dir='ltr'><strong><em>Ἀριστόδημος</em></strong></span> <span class='ocrx_word' id='word_1_77' title='bbox 1635 707 1656 749; x_wconf 86' lang='grc' dir='ltr'>ὁ</span> <span class='ocrx_word' id='word_1_78' title='bbox 1690 709 1828 763; x_wconf 82' lang='grc' dir='ltr'><strong><em>μικρός</em></strong></span> 
     </span>
     <span class='ocr_line' id='line_1_10' title="bbox 273 763 1829 820; baseline 0.001 -16"><span class='ocrx_word' id='word_1_79' title='bbox 273 766 452 815; x_wconf 85' lang='lat' dir='ltr'>Xenoph</span> <span class='ocrx_word' id='word_1_80' title='bbox 485 766 602 805; x_wconf 85' lang='lat' dir='ltr'>Mem.</span> <span class='ocrx_word' id='word_1_81' title='bbox 639 768 683 814; x_wconf 86' lang='lat'>1,</span> <span class='ocrx_word' id='word_1_82' title='bbox 706 767 752 814; x_wconf 88' lang='grc'>4,</span> <span class='ocrx_word' id='word_1_83' title='bbox 777 767 799 803; x_wconf 87' lang='grc'>2</span> <span class='ocrx_word' id='word_1_84' title='bbox 832 769 872 804; x_wconf 87' lang='lat' dir='ltr'>et</span> <span class='ocrx_word' id='word_1_85' title='bbox 902 763 1534 820; x_wconf 76' lang='lat' dir='ltr'>Plat.Symp.173b(Mein..)</span> <span class='ocrx_word' id='word_1_86' title='bbox 1625 769 1665 806; x_wconf 87' lang='grc'>3.</span> <span class='ocrx_word' id='word_1_87' title='bbox 1696 768 1748 806; x_wconf 86' lang='lat' dir='ltr'>cf.</span> <span class='ocrx_word' id='word_1_88' title='bbox 1780 767 1829 806; x_wconf 87' lang='lat' dir='ltr'>fr.</span> 
     </span>
     <span class='ocr_line' id='line_1_11' title="bbox 276 796 1373 864; baseline 0.003 -4"><span class='ocrx_word' id='word_1_89' title='bbox 276 823 369 861; x_wconf 87' lang='lat'>105.</span> <span class='ocrx_word' id='word_1_90' title='bbox 413 822 640 862; x_wconf 83' lang='lat' dir='ltr'>Nicomaeh.</span> <span class='ocrx_word' id='word_1_91' title='bbox 673 796 712 861; x_wconf 91' lang='lat'>3.</span> <span class='ocrx_word' id='word_1_92' title='bbox 803 824 842 861; x_wconf 91' lang='lat'>4.</span> <span class='ocrx_word' id='word_1_93' title='bbox 874 823 923 861; x_wconf 83' lang='lat' dir='ltr'>of.</span> <span class='ocrx_word' id='word_1_94' title='bbox 955 822 1090 862; x_wconf 81' lang='lat' dir='ltr'><strong>Cobet.</strong></span> <span class='ocrx_word' id='word_1_95' title='bbox 1121 823 1170 861; x_wconf 89' lang='lat' dir='ltr'>V.</span> <span class='ocrx_word' id='word_1_96' title='bbox 1201 821 1248 864; x_wconf 89' lang='grc'>1.2</span> <span class='ocrx_word' id='word_1_97' title='bbox 1279 825 1373 863; x_wconf 87' lang='grc'><strong>376.</strong></span> 
     </span>
    </p>
   </div>
   <div class='ocr_carea' id='block_1_3' title="bbox 797 945 1303 979">
    <p class='ocr_par' dir='ltr' id='par_1_4' title="bbox 797 945 1303 979">
     <span class='ocr_line' id='line_1_12' title="bbox 797 945 1303 979; baseline 0 -1"><span class='ocrx_word' id='word_1_98' title='bbox 797 945 985 979; x_wconf 80' lang='grc' dir='ltr'><strong>ΦΑΙΔΩΝ</strong></span> <span class='ocrx_word' id='word_1_99' title='bbox 1010 946 1044 978; x_wconf 90' lang='grc' dir='ltr'><strong>Η</strong></span> <span class='ocrx_word' id='word_1_100' title='bbox 1068 946 1303 979; x_wconf 87' lang='grc' dir='ltr'><strong>ΦΑῙΔΡΙΑΣ</strong></span> 
     </span>
    </p>
   </div>
   <div class='ocr_carea' id='block_1_4' title="bbox 272 1015 1826 1122">
    <p class='ocr_par' dir='ltr' id='par_1_5' title="bbox 272 1015 1826 1122">
     <span class='ocr_line' id='line_1_13' title="bbox 392 1015 1826 1065; baseline 0.001 -12"><span class='ocrx_word' id='word_1_101' title='bbox 392 1015 552 1054; x_wconf 82' lang='lat' dir='ltr'>Titulus</span> <span class='ocrx_word' id='word_1_102' title='bbox 583 1015 782 1053; x_wconf 84' lang='lat' dir='ltr'>Meinekio</span> <span class='ocrx_word' id='word_1_103' title='bbox 813 1017 1018 1065; x_wconf 79' lang='lat' dir='ltr'>suspectus</span> <span class='ocrx_word' id='word_1_104' title='bbox 1048 1027 1130 1054; x_wconf 88' lang='lat' dir='ltr'>non</span> <span class='ocrx_word' id='word_1_105' title='bbox 1160 1015 1354 1055; x_wconf 81' lang='lat' dir='ltr'>diversam</span> <span class='ocrx_word' id='word_1_106' title='bbox 1387 1029 1409 1054; x_wconf 80' lang='lat' dir='ltr'>a</span> <span class='ocrx_word' id='word_1_107' title='bbox 1437 1015 1617 1055; x_wconf 86' lang='lat' dir='ltr'>Phaedro</span> <span class='ocrx_word' id='word_1_108' title='bbox 1647 1016 1826 1055; x_wconf 79' lang='lat' dir='ltr'>fabulam</span> 
     </span>
     <span class='ocr_line' id='line_1_14' title="bbox 272 1071 1649 1122; baseline 0.001 -12"><span class='ocrx_word' id='word_1_109' title='bbox 272 1072 440 1112; x_wconf 85' lang='lat' dir='ltr'>indicari</span> <span class='ocrx_word' id='word_1_110' title='bbox 472 1073 659 1113; x_wconf 79' lang='lat' dir='ltr'>censenti.</span> <span class='ocrx_word' id='word_1_111' title='bbox 710 1072 899 1121; x_wconf 74' lang='lat' dir='ltr'>scriptam</span> <span class='ocrx_word' id='word_1_112' title='bbox 929 1084 1012 1111; x_wconf 88' lang='lat' dir='ltr'>esse</span> <span class='ocrx_word' id='word_1_113' title='bbox 1042 1072 1263 1122; x_wconf 82' lang='lat' dir='ltr'>suspicatur</span> <span class='ocrx_word' id='word_1_114' title='bbox 1293 1071 1354 1111; x_wconf 90' lang='lat'>01.</span> <span class='ocrx_word' id='word_1_115' title='bbox 1380 1074 1471 1115; x_wconf 86' lang='grc'>110,</span> <span class='ocrx_word' id='word_1_116' title='bbox 1501 1072 1523 1111; x_wconf 93' lang='grc' dir='ltr'>Ι</span> <span class='ocrx_word' id='word_1_117' title='bbox 1552 1073 1649 1111; x_wconf 90' lang='grc'><strong>385.</strong></span> 
     </span>
    </p>
   </div>
   <div class='ocr_carea' id='block_1_5' title="bbox 455 1159 1640 1553">
    <p class='ocr_par' dir='ltr' id='par_1_6' title="bbox 455 1159 1628 1553">
     <span class='ocr_line' id='line_1_15' title="bbox 1005 1159 1087 1201; baseline 0 0"><span class='ocrx_word' id='word_1_118' title='bbox 1005 1159 1087 1201; x_wconf 86' lang='grc'><strong>247</strong></span> 
     </span>
     <span class='ocr_line' id='line_1_16' title="bbox 506 1222 1433 1281; baseline -0.001 -13"><span class='ocrx_word' id='word_1_119' title='bbox 506 1224 880 1281; x_wconf 75' lang='grc' dir='ltr'>ἀγορανομήσεις,</span> <span class='ocrx_word' id='word_1_120' title='bbox 912 1222 970 1267; x_wconf 70' lang='grc' dir='ltr'>ἂν</span> <span class='ocrx_word' id='word_1_121' title='bbox 999 1227 1100 1268; x_wconf 82' lang='grc' dir='ltr'><strong><em>θεοὶ</em></strong></span> <span class='ocrx_word' id='word_1_122' title='bbox 1130 1227 1322 1281; x_wconf 82' lang='grc' dir='ltr'>θέλωσι,</span> <span class='ocrx_word' id='word_1_123' title='bbox 1355 1225 1433 1279; x_wconf 87' lang='grc' dir='ltr'>σύ,</span> 
     </span>
     <span class='ocr_line' id='line_1_17' title="bbox 502 1292 1616 1349; baseline -0.001 -13"><span class='ocrx_word' id='word_1_124' title='bbox 502 1294 578 1336; x_wconf 78' lang='grc' dir='ltr'>ἵνα</span> <span class='ocrx_word' id='word_1_125' title='bbox 609 1292 936 1348; x_wconf 81' lang='grc' dir='ltr'><strong><em>Καλλιμέδοντ’</em></strong></span> <span class='ocrx_word' id='word_1_126' title='bbox 960 1294 1022 1344; x_wconf 84' lang='grc' dir='ltr'>εἰς</span> <span class='ocrx_word' id='word_1_127' title='bbox 1050 1292 1240 1348; x_wconf 72' lang='grc' dir='ltr'><strong><em>τοῦψον,</em></strong></span> <span class='ocrx_word' id='word_1_128' title='bbox 1274 1295 1313 1336; x_wconf 80' lang='grc' dir='ltr'>εἰ</span> <span class='ocrx_word' id='word_1_129' title='bbox 1342 1296 1487 1349; x_wconf 78' lang='grc' dir='ltr'><em>φιλεῖς</em></span> <span class='ocrx_word' id='word_1_130' title='bbox 1518 1293 1616 1348; x_wconf 82' lang='grc' dir='ltr'>ἐμέ,</span> 
     </span>
     <span class='ocr_line' id='line_1_18' title="bbox 506 1359 1443 1418; baseline -0.002 -14"><span class='ocrx_word' id='word_1_131' title='bbox 506 1360 683 1418; x_wconf 82' lang='grc' dir='ltr'><em>παύσῃς</em></span> <span class='ocrx_word' id='word_1_132' title='bbox 713 1363 1020 1415; x_wconf 80' lang='grc' dir='ltr'>καταιγίζοντα</span> <span class='ocrx_word' id='word_1_133' title='bbox 1050 1360 1112 1404; x_wconf 92' lang='grc' dir='ltr'>δι’</span> <span class='ocrx_word' id='word_1_134' title='bbox 1134 1361 1240 1417; x_wconf 79' lang='grc' dir='ltr'><strong><em>ὅλης</em></strong></span> <span class='ocrx_word' id='word_1_135' title='bbox 1269 1359 1443 1417; x_wconf 76' lang='grc' dir='ltr'><strong>ἡμέρας.</strong></span> 
     </span>
     <span class='ocr_line' id='line_1_19' title="bbox 505 1427 1640 1485; baseline -0.001 -13"><span class='ocrx_word' id='word_1_136' title='bbox 505 1432 555 1476; x_wconf 88' lang='grc' dir='ltr'>Β,</span> <span class='ocrx_word' id='word_1_137' title='bbox 587 1431 722 1484; x_wconf 77' lang='grc' dir='ltr'><strong><em>ἔργον</em></strong></span> <span class='ocrx_word' id='word_1_138' title='bbox 751 1445 1010 1484; x_wconf 71' lang='grc' dir='ltr'><strong><em>τυραννῶν,</em></strong></span> <span class='ocrx_word' id='word_1_139' title='bbox 1042 1427 1126 1472; x_wconf 84' lang='grc' dir='ltr'>οὐκ</span> <span class='ocrx_word' id='word_1_140' title='bbox 1157 1427 1456 1485; x_wconf 71' lang='grc' dir='ltr'><strong><em>ἀγορανόμων</em></strong></span> <span class='ocrx_word' id='word_1_141' title='bbox 1485 1430 1640 1484; x_wconf 81' lang='grc' dir='ltr'><strong><em>λέγεις.</em></strong></span> 
     </span>
     <span class='ocr_line' id='line_1_20' title="bbox 455 1495 1560 1553; baseline 0.001 -15"><span class='ocrx_word' id='word_1_142' title='bbox 455 1508 475 1538; x_wconf 84' lang='grc'><strong>5</strong></span> <span class='ocrx_word' id='word_1_143' title='bbox 505 1497 692 1552; x_wconf 81' lang='grc' dir='ltr'><strong><em>μάχιμος</em></strong></span> <span class='ocrx_word' id='word_1_144' title='bbox 721 1513 807 1552; x_wconf 75' lang='grc' dir='ltr'>γαρ</span> <span class='ocrx_word' id='word_1_145' title='bbox 839 1495 979 1552; x_wconf 78' lang='grc' dir='ltr'><strong><em>ἁνήρ,</em></strong></span> <span class='ocrx_word' id='word_1_146' title='bbox 1012 1498 1227 1553; x_wconf 80' lang='grc' dir='ltr'><strong><em>χρήσιμος</em></strong></span> <span class='ocrx_word' id='word_1_147' title='bbox 1257 1497 1306 1540; x_wconf 81' lang='grc' dir='ltr'>δὲ</span> <span class='ocrx_word' id='word_1_148' title='bbox 1335 1500 1390 1553; x_wconf 85' lang='grc' dir='ltr'>τῇ</span> <span class='ocrx_word' id='word_1_149' title='bbox 1421 1498 1560 1542; x_wconf 84' lang='grc' dir='ltr'><strong><em>πόλει</em></strong></span> 
     </span>
    </p>
   </div>
   <div class='ocr_carea' id='block_1_6' title="bbox 264 1576 1832 2143">
    <p class='ocr_par' dir='ltr' id='par_1_7' title="bbox 264 1576 1832 1746">
     <span class='ocr_line' id='line_1_21' title="bbox 387 1576 1832 1632; baseline -0.001 -13"><span class='ocrx_word' id='word_1_150' title='bbox 387 1581 615 1619; x_wconf 82' lang='lat' dir='ltr'>Athenaeus</span> <span class='ocrx_word' id='word_1_151' title='bbox 646 1582 690 1628; x_wconf 87' lang='lat'>8,</span> <span class='ocrx_word' id='word_1_152' title='bbox 714 1581 836 1619; x_wconf 82' lang='grc'>3401)</span> <span class='ocrx_word' id='word_1_153' title='bbox 874 1579 929 1626; x_wconf 85' lang='grc' dir='ltr'>εἰς</span> <span class='ocrx_word' id='word_1_154' title='bbox 969 1576 1013 1618; x_wconf 80' lang='grc' dir='ltr'>δὲ</span> <span class='ocrx_word' id='word_1_155' title='bbox 1049 1576 1281 1631; x_wconf 83' lang='grc' dir='ltr'><strong><em>ὀψοφαγίαν</em></strong></span> <span class='ocrx_word' id='word_1_156' title='bbox 1318 1576 1632 1632; x_wconf 81' lang='grc' dir='ltr'><strong><em>(Καλλιμέδοντα</em></strong></span> <span class='ocrx_word' id='word_1_157' title='bbox 1661 1577 1832 1619; x_wconf 72' lang='grc' dir='ltr'><strong><em>σκώπτει</em></strong></span> 
     </span>
     <span class='ocr_line' id='line_1_22' title="bbox 264 1631 1827 1704; baseline 0.001 -30"><span class='ocrx_word' id='word_1_158' title='bbox 264 1631 433 1687; x_wconf 81' lang='grc' dir='ltr'><strong><em>’Ἀλεξις)</em></strong></span> <span class='ocrx_word' id='word_1_159' title='bbox 476 1634 518 1675; x_wconf 84' lang='grc' dir='ltr'>ἐν</span> <span class='ocrx_word' id='word_1_160' title='bbox 548 1636 729 1675; x_wconf 87' lang='grc' dir='ltr'><strong><em>Φαίδωνι</em></strong></span> <span class='ocrx_word' id='word_1_161' title='bbox 765 1633 794 1685; x_wconf 80' lang='grc' dir='ltr'><em>ἢ</em></span> <span class='ocrx_word' id='word_1_162' title='bbox 822 1635 995 1704; x_wconf 83' lang='grc' dir='ltr'><strong><em>Φαιδρία</em></strong></span> <span class='ocrx_word' id='word_1_163' title='bbox 1027 1634 1152 1683; x_wconf 77' lang='grc' dir='ltr'><strong><em>οὕτως</em></strong></span> <span class='ocrx_word' id='word_1_164' title='bbox 1181 1639 1263 1674; x_wconf 80' lang='grc' dir='ltr'><strong>κτλ.</strong></span> <span class='ocrx_word' id='word_1_165' title='bbox 1372 1639 1408 1676; x_wconf 96' lang='grc'>1.</span> <span class='ocrx_word' id='word_1_166' title='bbox 1439 1633 1608 1687; x_wconf 81' lang='grc' dir='ltr'><strong><em>θέλωσι,</em></strong></span> <span class='ocrx_word' id='word_1_167' title='bbox 1638 1634 1708 1688; x_wconf 79' lang='grc' dir='ltr'>σύ,</span> <span class='ocrx_word' id='word_1_168' title='bbox 1740 1634 1827 1688; x_wconf 79' lang='grc' dir='ltr'>ἵνα]</span> 
     </span>
     <span class='ocr_line' id='line_1_23' title="bbox 274 1688 1677 1746; baseline 0.001 -15"><span class='ocrx_word' id='word_1_169' title='bbox 274 1691 452 1733; x_wconf 81' lang='grc' dir='ltr'><strong><em>θέλωσιν</em></strong></span> <span class='ocrx_word' id='word_1_170' title='bbox 481 1699 601 1732; x_wconf 87' lang='grc' dir='ltr'><strong><em>συϊνα</em></strong></span> <span class='ocrx_word' id='word_1_171' title='bbox 631 1693 680 1732; x_wconf 86' lang='grc' dir='ltr'>Α.</span> <span class='ocrx_word' id='word_1_172' title='bbox 771 1694 811 1731; x_wconf 88' lang='grc'>5.</span> <span class='ocrx_word' id='word_1_173' title='bbox 841 1688 947 1745; x_wconf 71' lang='grc' dir='ltr'><strong><em>ἀνὴρ</em></strong></span> <span class='ocrx_word' id='word_1_174' title='bbox 977 1691 1133 1746; x_wconf 87' lang='lat' dir='ltr'>Dindf.]</span> <span class='ocrx_word' id='word_1_175' title='bbox 1163 1689 1266 1743; x_wconf 76' lang='grc' dir='ltr'><strong><em>ἀνήρ</em></strong></span> <span class='ocrx_word' id='word_1_176' title='bbox 1297 1693 1346 1732; x_wconf 91' lang='lat' dir='ltr'>A.</span> <span class='ocrx_word' id='word_1_177' title='bbox 1380 1716 1427 1720; x_wconf 97' lang='lat'><strong>—</strong></span> <span class='ocrx_word' id='word_1_178' title='bbox 1461 1694 1509 1732; x_wconf 85' lang='lat' dir='ltr'>cf.</span> <span class='ocrx_word' id='word_1_179' title='bbox 1541 1694 1589 1732; x_wconf 87' lang='lat' dir='ltr'>fr.</span> <span class='ocrx_word' id='word_1_180' title='bbox 1611 1694 1677 1732; x_wconf 87' lang='grc'><strong>67.</strong></span> 
     </span>
    </p>

    <p class='ocr_par' dir='ltr' id='par_1_8' title="bbox 273 1748 1831 2142">
     <span class='ocr_line' id='line_1_24' title="bbox 389 1748 1827 1801; baseline -0.001 -12"><span class='ocrx_word' id='word_1_181' title='bbox 389 1753 424 1790; x_wconf 93' lang='grc'>1.</span> <span class='ocrx_word' id='word_1_182' title='bbox 459 1751 506 1789; x_wconf 87' lang='lat' dir='ltr'>de</span> <span class='ocrx_word' id='word_1_183' title='bbox 537 1751 785 1801; x_wconf 74' lang='lat' dir='ltr'>ayoranomis</span> <span class='ocrx_word' id='word_1_184' title='bbox 815 1750 862 1790; x_wconf 84' lang='lat' dir='ltr'>of.</span> <span class='ocrx_word' id='word_1_185' title='bbox 893 1750 1018 1789; x_wconf 89' lang='lat' dir='ltr'>Arist.</span> <span class='ocrx_word' id='word_1_186' title='bbox 1050 1750 1148 1789; x_wconf 85' lang='lat' dir='ltr'>Ach.</span> <span class='ocrx_word' id='word_1_187' title='bbox 1182 1751 1275 1789; x_wconf 84' lang='lat'>723.</span> <span class='ocrx_word' id='word_1_188' title='bbox 1308 1751 1401 1789; x_wconf 88' lang='grc'>824.</span> <span class='ocrx_word' id='word_1_189' title='bbox 1453 1749 1711 1790; x_wconf 77' lang='lat' dir='ltr'>Schoemann.</span> <span class='ocrx_word' id='word_1_190' title='bbox 1731 1748 1827 1788; x_wconf 79' lang='lat' dir='ltr'>Ant.</span> 
     </span>
     <span class='ocr_line' id='line_1_25' title="bbox 275 1803 1831 1858; baseline -0.001 -13"><span class='ocrx_word' id='word_1_191' title='bbox 275 1805 363 1858; x_wconf 83' lang='lat' dir='ltr'>gr.²</span> <span class='ocrx_word' id='word_1_192' title='bbox 393 1808 413 1846; x_wconf 93' lang='grc' dir='ltr'>Ι</span> <span class='ocrx_word' id='word_1_193' title='bbox 443 1808 538 1846; x_wconf 89' lang='grc'><strong>431.</strong></span> <span class='ocrx_word' id='word_1_194' title='bbox 637 1809 673 1847; x_wconf 91' lang='grc'><strong>2.</strong></span> <span class='ocrx_word' id='word_1_195' title='bbox 718 1807 767 1845; x_wconf 88' lang='lat' dir='ltr'>of.</span> <span class='ocrx_word' id='word_1_196' title='bbox 809 1807 934 1846; x_wconf 87' lang='lat' dir='ltr'>Arist.</span> <span class='ocrx_word' id='word_1_197' title='bbox 971 1807 1078 1845; x_wconf 89' lang='lat' dir='ltr'>Nub.</span> <span class='ocrx_word' id='word_1_198' title='bbox 1110 1807 1177 1846; x_wconf 89' lang='grc'><strong>82.</strong></span> <span class='ocrx_word' id='word_1_199' title='bbox 1267 1809 1304 1844; x_wconf 86' lang='grc'>3.</span> <span class='ocrx_word' id='word_1_200' title='bbox 1353 1803 1407 1844; x_wconf 89' lang='grc' dir='ltr'>δι’</span> <span class='ocrx_word' id='word_1_201' title='bbox 1437 1803 1533 1857; x_wconf 82' lang='grc' dir='ltr'><strong><em>δ’λης</em></strong></span> <span class='ocrx_word' id='word_1_202' title='bbox 1569 1803 1739 1858; x_wconf 80' lang='grc' dir='ltr'><strong><em>ἡμέρας,</em></strong></span> <span class='ocrx_word' id='word_1_203' title='bbox 1783 1807 1831 1844; x_wconf 86' lang='lat' dir='ltr'>ut</span> 
     </span>
     <span class='ocr_line' id='line_1_26' title="bbox 273 1859 1828 1914; baseline -0.001 -12"><span class='ocrx_word' id='word_1_204' title='bbox 273 1864 398 1903; x_wconf 87' lang='lat' dir='ltr'>Arist.</span> <span class='ocrx_word' id='word_1_205' title='bbox 414 1864 503 1902; x_wconf 82' lang='lat' dir='ltr'>Pae.</span> <span class='ocrx_word' id='word_1_206' title='bbox 522 1865 574 1902; x_wconf 83' lang='lat'>27</span> <span class='ocrx_word' id='word_1_207' title='bbox 607 1859 659 1900; x_wconf 83' lang='grc' dir='ltr'>δι’</span> <span class='ocrx_word' id='word_1_208' title='bbox 682 1859 829 1914; x_wconf 80' lang='grc' dir='ltr'><strong><em>ἡμέρας</em></strong></span> <span class='ocrx_word' id='word_1_209' title='bbox 860 1859 965 1913; x_wconf 80' lang='grc' dir='ltr'><strong>ὅλης.</strong></span> <span class='ocrx_word' id='word_1_210' title='bbox 1013 1864 1083 1902; x_wconf 86' lang='lat' dir='ltr'>sed</span> <span class='ocrx_word' id='word_1_211' title='bbox 1113 1876 1202 1902; x_wconf 87' lang='lat' dir='ltr'>cum</span> <span class='ocrx_word' id='word_1_212' title='bbox 1232 1863 1379 1903; x_wconf 82' lang='lat' dir='ltr'>versari</span> <span class='ocrx_word' id='word_1_213' title='bbox 1409 1864 1450 1902; x_wconf 90' lang='lat' dir='ltr'>in</span> <span class='ocrx_word' id='word_1_214' title='bbox 1480 1864 1566 1902; x_wconf 89' lang='lat' dir='ltr'>foro</span> <span class='ocrx_word' id='word_1_215' title='bbox 1595 1876 1667 1913; x_wconf 85' lang='lat' dir='ltr'>per</span> <span class='ocrx_word' id='word_1_216' title='bbox 1695 1864 1828 1902; x_wconf 89' lang='lat' dir='ltr'>totum</span> 
     </span>
     <span class='ocr_line' id='line_1_27' title="bbox 276 1916 1829 1971; baseline -0.002 -12"><span class='ocrx_word' id='word_1_217' title='bbox 276 1922 381 1959; x_wconf 87' lang='lat' dir='ltr'>diem</span> <span class='ocrx_word' id='word_1_218' title='bbox 411 1922 548 1971; x_wconf 83' lang='lat' dir='ltr'>possit,</span> <span class='ocrx_word' id='word_1_219' title='bbox 579 1921 735 1959; x_wconf 88' lang='lat' dir='ltr'>inruere</span> <span class='ocrx_word' id='word_1_220' title='bbox 765 1920 807 1958; x_wconf 88' lang='lat' dir='ltr'>in</span> <span class='ocrx_word' id='word_1_221' title='bbox 836 1920 967 1959; x_wconf 83' lang='lat' dir='ltr'>forum</span> <span class='ocrx_word' id='word_1_222' title='bbox 997 1933 1078 1959; x_wconf 89' lang='lat' dir='ltr'>non</span> <span class='ocrx_word' id='word_1_223' title='bbox 1107 1920 1247 1970; x_wconf 84' lang='lat' dir='ltr'>possit,</span> <span class='ocrx_word' id='word_1_224' title='bbox 1280 1920 1532 1959; x_wconf 85' lang='lat' dir='ltr'>scribendum</span> <span class='ocrx_word' id='word_1_225' title='bbox 1562 1920 1718 1959; x_wconf 86' lang='lat' dir='ltr'>videtur</span> <span class='ocrx_word' id='word_1_226' title='bbox 1747 1916 1829 1964; x_wconf 79' lang='grc' dir='ltr'>δὶς</span> 
     </span>
     <span class='ocr_line' id='line_1_28' title="bbox 274 1973 1828 2028; baseline -0.001 -14"><span class='ocrx_word' id='word_1_227' title='bbox 274 1982 358 2028; x_wconf 80' lang='grc' dir='ltr'>τῆς</span> <span class='ocrx_word' id='word_1_228' title='bbox 396 1974 588 2028; x_wconf 81' lang='grc' dir='ltr'><strong>ἡμέρας.</strong></span> <span class='ocrx_word' id='word_1_229' title='bbox 655 1977 704 2015; x_wconf 80' lang='lat' dir='ltr'>of.</span> <span class='ocrx_word' id='word_1_230' title='bbox 735 1976 838 2015; x_wconf 84' lang='lat' dir='ltr'>Plat.</span> <span class='ocrx_word' id='word_1_231' title='bbox 869 1989 968 2015; x_wconf 86' lang='lat' dir='ltr'>com</span> <span class='ocrx_word' id='word_1_232' title='bbox 1001 1978 1095 2015; x_wconf 87' lang='lat'>207.</span> <span class='ocrx_word' id='word_1_233' title='bbox 1133 1977 1306 2015; x_wconf 85' lang='lat' dir='ltr'>Polioch.</span> <span class='ocrx_word' id='word_1_234' title='bbox 1340 1977 1376 2026; x_wconf 90' lang='grc'>2,</span> <span class='ocrx_word' id='word_1_235' title='bbox 1401 1978 1438 2015; x_wconf 91' lang='grc'>3.</span> <span class='ocrx_word' id='word_1_236' title='bbox 1488 1976 1638 2015; x_wconf 82' lang='lat' dir='ltr'>seilicet</span> <span class='ocrx_word' id='word_1_237' title='bbox 1667 1973 1728 2022; x_wconf 81' lang='grc' dir='ltr'>δὶς</span> <span class='ocrx_word' id='word_1_238' title='bbox 1758 1978 1828 2026; x_wconf 79' lang='grc' dir='ltr'>τῆς</span> 
     </span>
     <span class='ocr_line' id='line_1_29' title="bbox 273 2027 1826 2085; baseline -0.001 -15"><span class='ocrx_word' id='word_1_239' title='bbox 273 2030 421 2085; x_wconf 83' lang='grc' dir='ltr'><strong><em>ημέρας</em></strong></span> <span class='ocrx_word' id='word_1_240' title='bbox 459 2031 636 2072; x_wconf 81' lang='grc' dir='ltr'><strong><em>δειπνεῖν</em></strong></span> <span class='ocrx_word' id='word_1_241' title='bbox 669 2033 863 2072; x_wconf 84' lang='lat' dir='ltr'>luxuriosi</span> <span class='ocrx_word' id='word_1_242' title='bbox 899 2036 982 2072; x_wconf 80' lang='lat' dir='ltr'>erat</span> <span class='ocrx_word' id='word_1_243' title='bbox 1018 2034 1200 2072; x_wconf 89' lang='lat' dir='ltr'>hominis.</span> <span class='ocrx_word' id='word_1_244' title='bbox 1289 2033 1327 2074; x_wconf 85' lang='lat'>5.</span> <span class='ocrx_word' id='word_1_245' title='bbox 1373 2029 1580 2083; x_wconf 85' lang='grc' dir='ltr'><strong><em>δόκιμος</em></strong></span> <span class='ocrx_word' id='word_1_246' title='bbox 1617 2029 1693 2084; x_wconf 78' lang='grc' dir='ltr'>γὰρ</span> <span class='ocrx_word' id='word_1_247' title='bbox 1720 2027 1826 2083; x_wconf 70' lang='grc' dir='ltr'><strong><em>ἀνὴρ</em></strong></span> 
     </span>
     <span class='ocr_line' id='line_1_30' title="bbox 274 2085 787 2143; baseline -0.002 -15"><span class='ocrx_word' id='word_1_248' title='bbox 274 2087 464 2142; x_wconf 81' lang='grc' dir='ltr'><strong><em>χρήσιμός</em></strong></span> <span class='ocrx_word' id='word_1_249' title='bbox 494 2104 541 2128; x_wconf 83' lang='grc' dir='ltr'>τε</span> <span class='ocrx_word' id='word_1_250' title='bbox 571 2094 618 2143; x_wconf 81' lang='grc' dir='ltr'>τῇ</span> <span class='ocrx_word' id='word_1_251' title='bbox 648 2085 787 2127; x_wconf 70' lang='grc' dir='ltr'><strong><em>πόλειῖ</em></strong></span> 
     </span>
    </p>
   </div>
   <div class='ocr_carea' id='block_1_7' title="bbox 388 2211 1432 2333">
    <p class='ocr_par' dir='ltr' id='par_1_9' title="bbox 388 2211 1432 2333">
     <span class='ocr_line' id='line_1_31' title="bbox 672 2211 1432 2267; baseline 0 -23"><span class='ocrx_word' id='word_1_252' title='bbox 672 2211 1087 2245; x_wconf 82' lang='grc' dir='ltr'><strong>ΦΑΡΜΑΚΟΠΩΛΗΣ</strong></span> <span class='ocrx_word' id='word_1_253' title='bbox 1113 2213 1147 2244; x_wconf 91' lang='lat' dir='ltr'>H</span> <span class='ocrx_word' id='word_1_254' title='bbox 1172 2212 1432 2267; x_wconf 65' lang='lat' dir='ltr'>KPATETAZ</span> 
     </span>
     <span class='ocr_line' id='line_1_32' title="bbox 388 2277 1115 2333; baseline 0 -13"><span class='ocrx_word' id='word_1_255' title='bbox 388 2281 449 2320; x_wconf 84' lang='lat' dir='ltr'>Cf.</span> <span class='ocrx_word' id='word_1_256' title='bbox 484 2279 687 2333; x_wconf 83' lang='grc' dir='ltr'><strong><em>Κρατεύας</em></strong></span> <span class='ocrx_word' id='word_1_257' title='bbox 716 2277 744 2331; x_wconf 80' lang='grc' dir='ltr'><em>ἢ</em></span> <span class='ocrx_word' id='word_1_258' title='bbox 777 2277 1115 2330; x_wconf 83' lang='grc' dir='ltr'><strong><em>Φαρμακοπώλης.</em></strong></span> 
     </span>
    </p>
   </div>
   <div class='ocr_carea' id='block_1_8' title="bbox 877 2403 1221 2438">
    <p class='ocr_par' dir='ltr' id='par_1_10' title="bbox 877 2403 1221 2438">
     <span class='ocr_line' id='line_1_33' title="bbox 877 2403 1221 2438; baseline -0.003 -1"><span class='ocrx_word' id='word_1_259' title='bbox 877 2403 1221 2438; x_wconf 83' lang='grc' dir='ltr'><strong>ΦῙΛΑΘΗΝΑΙΟΣ</strong></span> 
     </span>
    </p>
   </div>
   <div class='ocr_carea' id='block_1_9' title="bbox 547 2470 1096 2581">
    <p class='ocr_par' dir='ltr' id='par_1_11' title="bbox 547 2470 1096 2581">
     <span class='ocr_line' id='line_1_34' title="bbox 1013 2470 1096 2511; baseline 0 0"><span class='ocrx_word' id='word_1_260' title='bbox 1013 2470 1096 2511; x_wconf 89' lang='grc'><strong>248</strong></span> 
     </span>
     <span class='ocr_line' id='line_1_35' title="bbox 547 2524 937 2581; baseline 0 -13"><span class='ocrx_word' id='word_1_261' title='bbox 547 2524 654 2581; x_wconf 78' lang='grc' dir='ltr'><strong><em>παρ’</em></strong></span> <span class='ocrx_word' id='word_1_262' title='bbox 675 2525 790 2581; x_wconf 80' lang='grc' dir='ltr'><strong><em>ἡμᾶς</em></strong></span> <span class='ocrx_word' id='word_1_263' title='bbox 819 2526 937 2568; x_wconf 80' lang='grc' dir='ltr'><strong><em>οἰκεῖ’</em></strong></span> 
     </span>
    </p>
   </div>
   <div class='ocr_carea' id='block_1_10' title="bbox 388 2604 1825 2678">
    <p class='ocr_par' dir='ltr' id='par_1_12' title="bbox 388 2604 1825 2678">
     <span class='ocr_line' id='line_1_36' title="bbox 388 2604 1825 2678; baseline -0.002 -30"><span class='ocrx_word' id='word_1_264' title='bbox 388 2605 477 2648; x_wconf 75' lang='grc' dir='ltr'><strong><em>ἀντὶ</em></strong></span> <span class='ocrx_word' id='word_1_265' title='bbox 497 2613 566 2648; x_wconf 83' lang='grc' dir='ltr'>τοῦ</span> <span class='ocrx_word' id='word_1_266' title='bbox 586 2605 681 2660; x_wconf 83' lang='grc' dir='ltr'><strong><em>παρ’</em></strong></span> <span class='ocrx_word' id='word_1_267' title='bbox 699 2604 813 2658; x_wconf 81' lang='grc' dir='ltr'><strong>ἡμῖν.</strong></span> <span class='ocrx_word' id='word_1_268' title='bbox 824 2605 976 2655; x_wconf 73' lang='grc' dir='ltr'><strong><em>’Ἄλεξις</em></strong></span> <span class='ocrx_word' id='word_1_269' title='bbox 993 2607 1269 2678; x_wconf 79' lang='grc' dir='ltr'><strong><em>Φιλαθηναίῳ.</em></strong></span> <span class='ocrx_word' id='word_1_270' title='bbox 1301 2607 1467 2648; x_wconf 87' lang='lat' dir='ltr'>Bekker.</span> <span class='ocrx_word' id='word_1_271' title='bbox 1484 2607 1633 2649; x_wconf 85' lang='lat' dir='ltr'>Anecd.</span> <span class='ocrx_word' id='word_1_272' title='bbox 1653 2609 1744 2657; x_wconf 89' lang='lat'>111,</span> <span class='ocrx_word' id='word_1_273' title='bbox 1760 2609 1825 2646; x_wconf 89' lang='lat'>11.</span> 
     </span>
    </p>
   </div>
   <div class='ocr_carea' id='block_1_11' title="bbox 275 2665 1096 2759">
    <p class='ocr_par' dir='ltr' id='par_1_13' title="bbox 275 2665 1096 2759">
     <span class='ocr_line' id='line_1_37' title="bbox 275 2665 757 2716; baseline -0.002 -12"><span class='ocrx_word' id='word_1_274' title='bbox 275 2667 324 2705; x_wconf 85' lang='lat' dir='ltr'>cf.</span> <span class='ocrx_word' id='word_1_275' title='bbox 357 2667 560 2716; x_wconf 85' lang='lat' dir='ltr'>Aristoph.</span> <span class='ocrx_word' id='word_1_276' title='bbox 591 2667 639 2704; x_wconf 87' lang='lat' dir='ltr'>fr.</span> <span class='ocrx_word' id='word_1_277' title='bbox 662 2665 757 2704; x_wconf 87' lang='lat'>451.</span> 
     </span>
     <span class='ocr_line' id='line_1_38' title="bbox 1013 2718 1096 2759; baseline 0 0"><span class='ocrx_word' id='word_1_278' title='bbox 1013 2718 1096 2759; x_wconf 88' lang='grc'><strong>249</strong></span> 
     </span>
    </p>
   </div>
   <div class='ocr_carea' id='block_1_12' title="bbox 389 2775 1823 2909">
    <p class='ocr_par' dir='ltr' id='par_1_14' title="bbox 389 2775 1823 2909">
     <span class='ocr_line' id='line_1_39' title="bbox 546 2775 757 2817; baseline -0.005 0"><span class='ocrx_word' id='word_1_279' title='bbox 546 2775 757 2817; x_wconf 86' lang='grc' dir='ltr'><strong><em>παιδικόν</em></strong></span> 
     </span>
     <span class='ocr_line' id='line_1_40' title="bbox 389 2844 1823 2909; baseline -0.002 -14"><span class='ocrx_word' id='word_1_280' title='bbox 389 2852 477 2895; x_wconf 73' lang='grc' dir='ltr'><strong><em>ἀντὶ</em></strong></span> <span class='ocrx_word' id='word_1_281' title='bbox 500 2861 570 2895; x_wconf 82' lang='grc' dir='ltr'>τοῦ</span> <span class='ocrx_word' id='word_1_282' title='bbox 590 2844 1040 2909; x_wconf 61' lang='grc' dir='ltr'><strong><em>παιδαριῶδεζκΨἌλεξις</em></strong></span> <span class='ocrx_word' id='word_1_283' title='bbox 1056 2854 1332 2908; x_wconf 85' lang='grc' dir='ltr'><strong><em>Φιλαθηναίῳ.</em></strong></span> <span class='ocrx_word' id='word_1_284' title='bbox 1363 2855 1488 2894; x_wconf 83' lang='lat' dir='ltr'>Bekk.</span> <span class='ocrx_word' id='word_1_285' title='bbox 1503 2855 1654 2894; x_wconf 86' lang='lat' dir='ltr'>Anecd.</span> <span class='ocrx_word' id='word_1_286' title='bbox 1675 2855 1766 2903; x_wconf 87' lang='lat'>112,</span> <span class='ocrx_word' id='word_1_287' title='bbox 1784 2855 1823 2893; x_wconf 89' lang='lat'>3.</span> 
     </span>
    </p>
   </div>
  </div>
 </body>
</html>
