1864 3204
202 219 285 262 348
855 220 1108 260 ΑΛΕΞΙΔΟΣ

945 321 1022 363 141

408 396 487 442 εἶτ’
511 398 567 442 οὐ
597 398 837 455 περίεργόν
869 400 993 443 ἐστιν
1025 399 1268 455 ἄνθρωπος
1297 398 1443 454 φυτὸν

410 466 812 517 ὑπεναντιωτάτοις
841 483 887 510 τε
917 470 1141 518 πλείστοις
1170 467 1427 522 χρῶμενονς

408 534 580 591 ἐρῶμεν
610 533 877 590 ἀλλοτρίων,
909 538 1178 591 παρορῶμεν
1208 541 1459 589 συγγενεῖς·

406 605 580 658 ἔχοντες
616 602 754 646 οὐδὲν
784 602 1068 658 εὐποροῦμεν
1098 611 1190 653 τοῖς
1219 603 1373 652 πέλας·

355 680 375 711 5
408 670 601 724 ἐράνους
630 672 846 726 φέροντες
876 668 932 713 οὐ
962 671 1158 726 φέρομεν
1188 668 1286 713 ἀλλ’
1310 668 1339 725 ἤ
1369 672 1538 724 κακῶς,

406 742 567 794 τακτῆς
596 741 767 794 τροφῆς
797 739 845 782 δὲ
875 741 953 794 τῆς
985 737 1092 781 καθ’
1113 737 1284 793 ἡμέραν
1314 736 1452 780 πάλιν

407 805 652 861 γλιχόμεθα
681 807 764 862 μὲν
795 806 878 861 τὴν
908 810 1049 862 μᾶζαν
1078 806 1154 848 ἵνα
1185 805 1321 861 λευκὴ
1352 807 1495 862 παρῇ,

407 873 553 929 ζωμόν
583 875 632 917 δὲ
662 873 801 931 ταύτῃ
832 874 1001 929 μέλανα
1031 873 1357 929 μηχανώμεθα,

405 940 455 984 τὸ
487 940 629 984 καλὸν
659 942 708 984 δὲ
732 944 892 997 ’χρῶμα
923 943 1172 999 δευσοποιῷ
1203 941 1439 999 χρῴζομεν.

337 1019 379 1050 10
409 1010 482 1052 καὶ
512 1009 640 1065 χιόνα
669 1011 753 1064 μὲν
783 1012 930 1052 πίνειν
961 1008 1371 1065 παρασκευάζομεν,

405 1076 454 1120 τὸ
475 1071 526 1120 ’δ’
552 1076 667 1128 ὄψον
697 1076 755 1120 ἂν
785 1075 843 1133 μὴ
876 1078 1051 1133 θερμὸν
1080 1070 1112 1133 ᾗ
1139 1078 1425 1131 διασύρομεν.

407 1145 481 1188 καὶ
511 1144 590 1189 τὸν
620 1145 703 1201 μὲν
734 1144 842 1196 ὀξὺν
872 1143 1001 1188 οἶνον
1031 1145 1336 1200 ἐκπυτίζομεν,

408 1212 481 1256 ἐπὶ
511 1221 607 1264 ταῖς
636 1212 931 1268 ἀβυρτάκαισι
962 1213 1005 1255 δ’
1029 1213 1373 1268 ἐκβακχεύομεν.

409 1348 580 1391 οὐκοῦν
610 1346 659 1390 τὸ
690 1351 874 1399 πολλοῖς
902 1352 993 1391 τῶν
1024 1351 1183 1404 σοφῶν
1214 1349 1466 1403 εἰρημένον,

335 1426 375 1457 15
406 1413 456 1458 τὸ
485 1415 543 1472 μὴ
574 1418 787 1471 γενέσθαι
816 1417 900 1472 μὲν
930 1416 1171 1471 κράτιστόν
1202 1412 1294 1458 ἐστ’
1327 1413 1421 1468 οἷεί,

407 1482 518 1527 ἐπὰν
547 1485 725 1540 γε’νηται
759 1482 802 1526 δ’
834 1482 893 1534 [ὃς
922 1482 1087 1539 τάχιστ’
1124 1486 1240 1539 ἔχειν
1269 1484 1406 1532 τέλος.

315 1579 542 1618 Athenaeus
573 1579 740 1628 3,123f
765 1576 826 1616 ὅτι
855 1575 899 1616 δὲ
929 1576 996 1616 καὶ
1025 1573 1160 1629 χιόνας
1191 1575 1329 1615 ἔτεινον
1358 1574 1401 1614 ἐν
1430 1575 1756 1628 Μανδραγοριζο-

205 1633 304 1689 μένῃ
335 1634 411 1685 ἔφη
433 1633 580 1682 ’Ἀλεξις
612 1637 691 1674 κτλ.
766 1636 806 1673 5.
837 1628 934 1684 ἄλλη
963 1635 1014 1673 Α.
1091 1636 1127 1674 6.
1159 1638 1302 1684 τακτῆς
1332 1630 1472 1685 Mein]
1502 1629 1575 1671 τᾶκ
1605 1637 1675 1683 τῆς
1705 1633 1756 1672 A.

206 1695 242 1730 9.
271 1691 393 1730 καλὸν
423 1688 485 1743 δὲ]
517 1687 637 1729 καλόν
668 1705 706 1730 τε
737 1693 857 1730 Mein.
891 1692 1008 1730 Anal.
1040 1692 1134 1730 Ath.
1166 1693 1231 1730 57.
1320 1689 1539 1743 δευσοποιῷ
1567 1687 1753 1740 Porsen]

203 1753 272 1786 τῶι
309 1748 530 1801 δευσοποιῷ
568 1749 615 1786 A.
707 1750 770 1786 11.
809 1742 915 1797 ὄψον
944 1748 1013 1787 ‘ex
1050 1747 1311 1786 membranis’
1345 1745 1530 1799 Gasaub]
1577 1743 1669 1784 ὅλον
1704 1746 1756 1785 Α.

202 1802 255 1843 ἂν
284 1805 440 1856 Dindf.]
475 1801 546 1842 ἐὰν
576 1806 623 1843 Α.
698 1818 835 1844 versus
859 1805 1022 1843 14—16
1045 1804 1258 1843 manifesto
1279 1803 1437 1842 aliunde
1458 1802 1631 1852 excerpti
1652 1804 1754 1843 sunt.

320 1864 356 1900 1.
388 1862 489 1900 Plat.
522 1861 623 1900 Tim.
658 1863 742 1900 90a
781 1857 835 1908 ὡς
873 1858 992 1907 ὄντας
1031 1856 1314 1913 (ἀνθρώπους)
1344 1856 1473 1908 φυτὸν
1502 1855 1576 1897 οὐκ
1607 1855 1757 1908 ἔγγειον

202 1914 289 1956 ἀλλ’
313 1913 515 1969 οὐράνιον.
594 1919 632 1955 4.
666 1912 786 1956 οὐδὲν
814 1919 863 1956 ad
894 1914 1139 1965 εὐποροῦμεν
1167 1918 1366 1967 pertinere
1396 1919 1529 1954 censet
1559 1915 1754 1964 Schweig-

203 1975 381 2013 haeuser.
481 1977 517 2013 7.
549 1987 676 2023 neque
706 1972 912 2025 γλίχεσθαί
939 1988 974 2011 τι
1003 1987 1130 2023 neque
1159 1972 1364 2024 γλίχεσθαι
1395 1970 1463 2010 ἴνα
1492 1983 1631 2023 graece
1662 1971 1754 2009 dici-

202 2035 283 2069 tur.
335 2031 584 2070 scribendum
617 2033 678 2069 est
707 2029 959 2080 δεχόμεθα
989 2027 1063 2077 μὲν
1083 2027 1156 2079 τὴν
1175 2030 1303 2079 μᾶζαν
1331 2025 1392 2066 οἲν
1421 2026 1539 2078 λευκὴ
1561 2032 1681 2080 παρῇ,
1710 2031 1758 2066 ut

203 2087 344 2137 τακτῆς
389 2088 536 2136 τροφῆς
583 2085 756 2136 (partit.)
801 2088 973 2136 pendeat
1017 2100 1039 2124 a
1080 2086 1219 2136 μάζαν.
1276 2083 1463 2134 δέχεσθαι
1493 2087 1554 2123 est
1583 2085 1756 2123 laudare.

202 2143 345 2193 Eupol.
378 2145 470 2184 119.
513 2143 697 2181 Strattid.
729 2144 795 2181 57.
883 2145 919 2183 9.
966 2143 1066 2181 Tim.
1108 2139 1428 2179 δευσοποιόν·
1477 2138 1648 2191 ἔμμονον
1673 2137 1757 2192 Δκαὶ

206 2195 523 2248 δυσαπόπλυτον,
562 2200 630 2238 ubi
669 2200 719 2238 cf.
750 2199 958 2240 Ruhnken.
1002 2221 1047 2227 —
1088 2193 1154 2236 ‘tc
1182 2195 1303 2236 καλὸν
1332 2202 1467 2248 χρῶμα
1498 2198 1595 2236 dicit
1623 2209 1756 2235 muzae

205 2257 427 2306 eandorem,
460 2269 575 2306 quem
606 2268 694 2294 cum
725 2254 946 2308 δευσοποιῷ
976 2255 1082 2293 infici
1113 2255 1227 2302 dicits,
1259 2257 1439 2304 apertum
1469 2256 1531 2293 cst
1561 2254 1633 2292 hoc
1663 2252 1754 2290 δευ-

203 2311 367 2350 σοποιόν
396 2313 445 2350 ad
476 2309 604 2362 ζωμὸν
633 2310 781 2360 μέλανα
811 2312 1061 2351 referendum
1091 2324 1187 2360 esse,
1219 2311 1330 2350 cuius
1360 2311 1466 2349 color
1495 2313 1602 2348 recte
1623 2308 1755 2347 δευσο-

202 2367 314 2415 ποιός
346 2369 422 2408 dici
452 2371 605 2418 potest,
637 2369 823 2418 quoniam
854 2382 986 2408 mazac
1016 2368 1135 2406 semel
1167 2369 1281 2417 nigro
1311 2368 1394 2406 iure
1424 2366 1594 2405 infectae
1623 2366 1756 2415 pristi-

202 2439 276 2464 nus
308 2426 453 2465 candor
482 2425 621 2474 reponi
651 2438 730 2463 non
761 2426 924 2474 potest?
958 2425 1075 2463 Mein.
1167 2425 1233 2462 13.
1265 2424 1312 2462 de
1341 2419 1546 2475 ἀβυρτάκη
1575 2423 1626 2462 cf.
1658 2422 1756 2460 Phe—

203 2495 300 2521 recr.
336 2483 428 2521 181.
479 2482 721 2531 Theopomp.
756 2483 820 2520 17.

943 2534 1024 2575 142

1082 2587 1165 2631 ἐάν
1196 2588 1430 2643 ἐπιχώριος

407 2657 557 2711 ἰατρὸς
588 2661 688 2714 εἴπῃ
720 2658 959 2712 ττρύβλιον
989 2657 1132 2713 τούτῳ
1162 2655 1264 2698 δότε

405 2725 624 2780 πτισάνης
653 2725 838 2779 ἕωθεν’,
870 2726 1246 2780 καταφρονοῦμεν
1278 2721 1469 2773 εὐθέως·

405 2791 463 2835 ἄν
494 2793 542 2835 δὲ
574 2792 820 2834 ‘mco-dvm
851 2793 925 2834 καὶ
955 2793 1209 2846 τρύβλιον’,
1240 2792 1540 2845 θαυμάζομεν.

358 2871 378 2900 5
410 2860 484 2901 καὶ
514 2860 651 2901 πάλιν
684 2857 764 2902 ἐὰν
793 2859 876 2913 μὲν
907 2861 1173 2913 “τευτλίον’,
1205 2858 1493 2913 παρείδομεν·
