1890 3190
287 192 343 233 20
904 191 1224 226 ΑΝΤΙΦΑΝΟΤΣ

1038 302 1094 344 26

491 393 570 444 τάς
599 395 760 449 σηπίας
791 390 867 442 δός
897 395 1092 447 πρῶτον.
1136 390 1367 447 Ἡράκλεις
1398 389 1530 445 ἅναξ,

492 460 669 504 ἅπαντα
697 458 1023 504 τεθολώκασιν.
1074 459 1129 502 οὐ
1159 461 1311 514 βαλεῖς
1341 459 1478 501 πάλιν

493 529 555 579 εἰς
583 526 668 584 τὴν
696 528 929 571 θάλατταν
959 528 1033 570 καὶ
1063 531 1268 578 πλυνεῖς;
1319 525 1376 583 μὴ
1409 527 1534 582 φῶσί
1559 537 1658 580 σου,

492 595 696 652 Δωριάς,
728 594 949 645 ἀλούτους
979 589 1140 650 σηπίας
1170 596 1415 651 εἰληφέναι.

443 674 463 705 5
494 663 575 706 τὸν
606 664 807 719 κάραβον
838 664 886 707 δὲ
916 662 1047 706 τόνδε
1077 662 1188 718 πρὸς
1216 660 1294 713 τὰς
1323 663 1532 717 μαινίδας

494 730 683 782 ἀπόθες·
715 731 860 787 παχύς
888 747 962 786 γε,
994 730 1050 786 νὴ
1079 729 1179 773 Δί’.
1231 724 1267 773 ὦ
1298 732 1404 785 Ζεῦ,
1435 732 1500 780 τίς
1529 744 1651 784 ποτε,

495 793 532 842 ὦ
561 798 871 854 Καλλιμέδων,
903 799 954 841 σὲ
984 798 1183 842 κατέδετ’
1217 796 1320 850 ἄρτι
1349 799 1442 840 τῶν
1473 799 1640 852 φίλων;

496 865 646 918 οὐδεὶς
677 863 726 917 ὃς
755 863 812 909 ἂν
841 867 900 922 μὴ
934 869 1154 922 κατατιθῇ
1185 865 1264 916 τὰς
1294 865 1535 921 συμβολάς.

496 933 612 990 ὑμᾶς
642 933 683 977 δ’
709 934 838 986 ἔταξα
869 935 1004 990 δεῦρο
1035 932 1148 989 πρὸς
1178 933 1231 976 τὰ
1261 933 1384 986 δεξιὰ

420 1013 461 1043 10
490 1005 696 1059 τρίγλας,
728 1003 892 1057 ἔδεσμα
921 1004 1003 1044 τοῦ
1032 1004 1174 1044 καλοῦ
1205 1002 1563 1052 Καλλισθένους·

494 1072 722 1114 κατεσθίει
751 1070 864 1125 γοῦν
897 1069 970 1112 ἐπὶ
999 1072 1077 1126 μιᾷ
1109 1067 1192 1125 τήν
1222 1068 1397 1112 οὐσίαν.

493 1138 567 1182 καὶ
597 1136 677 1181 τὸν
709 1136 921 1193 Σινώπης
949 1138 1146 1193 γόγγρον
1174 1136 1261 1193 ἤδη
1292 1137 1543 1192 παχυτέρας

496 1205 640 1262 ἔχοντ’
675 1204 881 1256 ἀκάνθας
910 1205 1090 1249 τουτονὶ
1120 1207 1185 1255 τίς
1214 1204 1401 1261 λη’ψεται

496 1276 670 1331 πρῶτος
699 1273 989 1330 προσελθών;
1022 1273 1256 1328 Μισγόλας
1285 1271 1372 1327 γὰρ
1404 1271 1458 1315 οὐ
1489 1272 1611 1316 πάνυ

422 1352 463 1384 15
493 1344 670 1386 τούτων
703 1342 896 1398 ἐδεστής.
949 1340 1063 1384 ἀλλὰ
1094 1343 1284 1398 κίθαρος
1313 1338 1490 1395 οὑτοσί,

495 1410 549 1454 ὃν
579 1409 638 1454 ἀν
669 1412 742 1468 ἴδη
772 1409 850 1461 τάς
877 1417 1055 1465 χεῖρας
1057 1408 1141 1452 οὐκ
1172 1407 1392 1464 ἀφέξεται.

497 1481 571 1522 καὶ
601 1495 691 1535 μην
722 1478 904 1535 ἀληθῶς
933 1485 1026 1528 τοῖς
1055 1478 1327 1534 κιθαρῳδοῖς
1357 1475 1417 1527 ὥς
1446 1476 1625 1533 σφόδρα

497 1547 667 1590 απασιν
696 1547 827 1597 οὗτος
859 1543 1148 1601 ἐπιπεφυκως
1177 1545 1410 1590 λανθάνει.

496 1614 679 1671 ἀνδρῶν
711 1613 754 1657 δ’
777 1614 963 1668 ἄριστον
994 1612 1163 1669 κωβιὸν
1193 1611 1390 1668 πηδῶντ’
1417 1614 1482 1655 ἔτι

425 1694 469 1725 20
499 1682 614 1739 πρὸς
643 1684 933 1737 Πυθιονίκην
963 1698 1046 1736 την
1078 1679 1221 1736 καλην
1251 1681 1420 1735 πέμψαι
1450 1695 1504 1734 με
1535 1681 1622 1723 δεῖ·

495 1749 631 1807 ἁδρὸς
659 1750 746 1806 γάρ
779 1750 912 1793 ἐστιν.
963 1747 1064 1791 ἀλλ’
1089 1747 1203 1804 ὅμως
1234 1746 1288 1790 οὐ
1316 1747 1547 1803 γεύσεται·
1572 1786 1582 1789 -

496 1818 570 1862 ε’πὶ
599 1817 648 1861 τό
679 1818 858 1874 τάριχός
889 1818 1012 1861 ε’στιν
1043 1814 1276 1873 ὡρμηκυῖα
1305 1815 1407 1872 γάρ.

497 1885 648 1942 ἀφύας
678 1886 726 1928 δὲ
757 1883 921 1935 λεπτάς
951 1886 1087 1928 τάσδε
1118 1885 1192 1927 καὶ
1221 1884 1308 1940 τὴν
1336 1885 1536 1941 τρυγόνα

497 1954 631 2010 χωρὶς
663 1957 833 1997 Θεανοῖ
858 1951 983 2008 δεῦρ’
1009 1951 1140 2008 ἔθηκ’
1164 1950 1481 2007 ἀντιρρόπους.

406 2050 635 2089 Athenaeus
665 2050 704 2099 8,
726 2050 845 2088 3380
880 2043 1121 2098 Ἀντιφάνης
1151 2044 1191 2085 δ’
1216 2044 1260 2085 ἐν
1290 2042 1543 2098 Ἁλιευομένῃ
1579 2042 1848 2096 φιληδοῦντάς

295 2121 404 2153 τινας
434 2103 658 2157 καταλέγων
688 2079 853 2155 ἰχθύσιν
883 2102 984 2153 φησί
1011 2106 1092 2142 κτλ.
1155 2105 1220 2142 12.
1253 2103 1478 2143 Athenaeus
1513 2103 1575 2151 13,
1599 2103 1719 2142 5862.
1746 2117 1848 2154 μνη-

297 2158 455 2215 μονεύει
485 2158 526 2201 δ’
556 2159 679 2212 αὖτης
712 2159 938 2229 (Σινώπης)
966 2155 1205 2211 Ἀντιφανης
1236 2158 1279 2199 ἐν
1304 2153 1568 2212 Ἁλιευομένη.
1630 2161 1695 2198 16.
1726 2160 1849 2199 Athe-

296 2233 418 2260 naeus
440 2220 560 2259 3391>
590 2214 843 2257 πιθανώτατ
868 2215 930 2256 ἐπὶ
960 2216 1110 2264 τούτοις
1141 2214 1162 2255 ὁ
1179 2213 1421 2285 Ἀντιφάνης
1450 2213 1518 2254 καὶ
1546 2213 1614 2254 τὸν
1635 2213 1850 2283 Μισγόλαν

298 2272 584 2344 κεκωμῴδηκεν
603 2271 658 2322 ὥς
674 2272 947 2314 ἐσπουδακότα
962 2273 1050 2326 περὶ
1066 2271 1317 2327 κιθαρῳδοὺς
1332 2270 1399 2311 καὶ
1416 2269 1650 2324 κιθαριστας
1666 2268 1849 2325 ὡραίους.

413 2336 449 2375 1.
471 2331 542 2379 τὰς
563 2331 708 2383 σηπίας
730 2325 799 2378 δὸς
821 2335 976 2382 πρῶτον
997 2330 1164 2370 Casaub.
1168 2328 1185 2383 ]
1207 2334 1275 2381 τῆς
1297 2327 1492 2396 σηπιάδος
1510 2333 1667 2398 πρῶτον
1686 2331 1736 2369 Α.
1808 2330 1848 2368 3.

299 2400 372 2428 σου
401 2388 470 2442 Κ.]
501 2401 543 2428 σε
574 2390 621 2429 A.
711 2390 749 2428 4.
780 2383 969 2434 ἀλούτους
1000 2388 1152 2427 Iaeobs.
1174 2387 1312 2426 Addit.
1337 2384 1434 2481 Ιῗίὅ]
1466 2379 1554 2423 ἀλλ’
1587 2381 1655 2424 ὀυε
1686 2385 1734 2424 A.
1781 2382 1849 2424 ἕώ-
1887 2379 1890 2382 ’

298 2448 389 2493 λους
420 2447 608 2497 Toupius.
676 2446 713 2487 5
745 2442 878 2497 τόνδε]
909 2442 981 2483 τὸν
1006 2445 1057 2483 Α.
1117 2446 1153 2484 6.
1185 2439 1336 2488 ἀπόθες
1366 2438 1622 2494 Κ.]ἆπόδος.
1654 2442 1702 2481 ef.
1725 2443 1763 2482 9.
1781 2443 1847 2480 24.
1881 2459 1890 2493 J

301 2501 432 2549 ἐπίδος
471 2502 628 2542 Coraes.
669 2504 710 2540 at
748 2504 835 2541 tum
866 2502 1117 2541 scribendum
1148 2502 1233 2539 erat
1261 2496 1358 2551 πρὸς
1389 2501 1473 2544 ταῖς
1501 2497 1692 2549 μαινίσιν.
1809 2500 1848 2538 7.
1880 2503 1890 2541 ‚³

299 2555 475 2598 κατέδετ’
515 2557 623 2611 ἄρτι]
668 2552 905 2607 κατέδετάρα
944 2558 1062 2596 Mein.
1103 2558 1146 2596 in
1187 2557 1250 2596 ed.
1288 2556 1379 2594 mai.
1423 2550 1685 2608 (οἶμώξετόίρα
1721 2555 1846 2594 Arist.

1879 2586 1890 2605 'n

300 2617 458 2655 Thesm.
478 2617 573 2657 248.
618 2612 820 2667 δήξομαρα
841 2615 940 2653 Ach.
963 2610 1080 2667 325).
1139 2610 1360 2659 κατέδεται,
1391 2610 1447 2657 τίς
1477 2612 1582 2650 idem
1611 2613 1654 2650 in
1683 2610 1847 2662 Athen„
1886 2615 1890 2664 f

299 2668 475 2710 κατέδετ’
508 2666 586 2723 ἆρα
616 2672 732 2710 Anal.
764 2672 848 2711 crit.
877 2673 967 2710 150.
1012 2666 1188 2708 κατέδετ’
1219 2665 1394 2721 ἀριστῶν
1424 2666 1536 2718 φίλος
1569 2667 1706 2707 Cobet.
1737 2668 1788 2707 N.
1819 2669 1846 2707 l.

304 2726 761 2768 136.13.τουτονὶ
802 2726 860 2774 τίς
905 2725 1089 2778 Porson.]
1137 2730 1276 2765 τοῦτον
1316 2723 1357 2763 εί
1397 2738 1453 2771 τις
1498 2725 1547 2764 A.
1668 2726 1733 2763 17.
1769 2719 1890 2762 ἀείὲ

299 2798 399 2831 πως
430 2785 480 2824 Κ.
585 2783 846 2848 κιθαρῳδοῐσι
895 2779 1050 2835 σφόδρα
1093 2783 1349 2823 Herwerden.
1396 2782 1542 2820 Mnem.
1573 2793 1663 2822 nov.
1691 2781 1745 2820 VI
1779 2782 1844 2820 62.
1879 2773 1890 2817 ².

302 2843 367 2882 18.
408 2835 642 2892 ἐμπεφυκὼς
675 2840 722 2881 G.
744 2842 793 2880 A.
815 2841 1013 2890 Hirschig.
1046 2841 1194 2879 Annot.
1227 2839 1381 2879 erit-1.
1439 2834 1689 2885 ἐπικεκυφὼς
1727 2837 1846 2876 Mein.
1879 2835 1890 2887 ξ
