1864 3204
221 179 304 222 398
867 179 1123 220 ΑΛΕΞῐΔοΣ
1152 221 1156 225 ,

226 285 286 321 itu
317 280 370 330 ὡς
402 281 467 333 ἐμὲ
498 284 587 322 add.
619 283 785 323 casaub.
882 287 918 324 5.
949 284 1120 339 κυλιστῷ
1149 285 1336 337 Casaub.]
1367 288 1544 340 κυλιστῇ.
1641 289 1683 335 6.,
1707 300 1779 327 πε-

227 337 364 378 πόνων
395 341 544 379 delevit
573 341 697 380 Dobr.
729 342 833 381 Adv.
866 341 906 380 ΙΙ
937 343 1016 380 297
1049 345 1095 380 ut
1124 355 1169 380 ex
1198 343 1248 381 fr.
1271 344 1351 381 273
1383 343 1591 383 intrusum.

463 539 651 595 ἑόρακας
678 539 767 596 ἤδη
798 539 972 583 πώποτ’
997 541 1328 596 ἐσκευασμένον

457 603 684 662 ἤνυστρον
711 607 742 663 ἦ
773 607 937 664 σπλῆν’
962 607 1100 652 ὀπτὸν
1129 606 1500 665 ὠνθυλευμένον,

455 671 484 731 ἢ
513 675 812 731 κοκκυμήλων
843 677 1042 731 σπυρίδα
1071 675 1304 729 πεπόνων;
1337 675 1411 734 (νὴ
1443 679 1568 733 Δία,)

455 742 624 786 τοιοῦτ’
647 745 736 798 ἔχει
764 745 815 787 τὸ
848 745 1073 799 μέτωπον.

337 838 564 880 Athenaeus
596 839 642 887 2,
665 839 718 877 49
738 839 758 876 f
783 836 934 886 ’Ἄλεξις
963 836 1086 877 πάλιν
1114 840 1194 877 κτλ.
1253 839 1490 878 Eustathius
1512 840 1613 890 211,
1634 842 1685 880 15
1715 838 1784 879 καὶ

225 893 270 933 ἐν
298 899 353 948 τῷ
384 891 562 944 ἑώρακας
592 892 749 932 πώποτε
779 892 1040 945 κοκκυμήλων
1069 894 1242 947 σπυρίδα
1270 893 1478 943 πεπόνων;
1509 900 1688 935 τοιοῦτον
1708 894 1784 948 ἔχει

223 949 267 990 τὸ
295 949 558 1002 πρόσωπον.
639 953 676 989 1.
709 948 877 1003 ἑόρακας
907 949 1064 1004 Dindf.]
1096 947 1284 1001 ἑώρακας.
1363 950 1442 1003 ἤδη
1471 953 1640 992 inseruit
1658 953 1782 993 Dobr.

226 1005 520 1058 ἐσκευασμένον
548 1005 749 1059 ἤνυστρον
777 1005 922 1061 Dobr.]
953 1006 1154 1059 ἤνυστρον
1184 1006 1482 1060 ἐσκευασμένον.
1572 1011 1611 1048 2.
1644 1005 1783 1048 ὠνθυ-

225 1062 420 1115 λευμένον
459 1062 582 1116 idem]
623 1063 1010 1115 μεμονθυλευμένον.
1074 1066 1124 1104 of.
1155 1065 1366 1115 Phrynieh.
1396 1066 1506 1116 Epit.
1538 1067 1618 1105 356
1649 1066 1783 1117 ibique

226 1122 399 1161 Lobeck.
490 1124 528 1160 3.
562 1117 611 1170 νὴ
646 1120 724 1159 Δία
755 1122 845 1160 add.
878 1122 1000 1161 Dobr.
1089 1124 1127 1160 4.
1161 1118 1304 1160 τοιοῦτ’
1334 1120 1475 1174 Mein]
1509 1123 1696 1162 τοιοῦτον.
1726 1145 1784 1152 -

226 1179 407 1228 pugilem
439 1178 515 1216 dici
546 1178 644 1217 facie
674 1178 820 1228 pugnis
851 1181 1017 1217 contusa
1047 1181 1181 1217 censet
1201 1178 1488 1218 Casaubonus.‘
1509 1180 1665 1218 confert
1686 1176 1784 1219 Mei·

226 1235 368 1273 nekius
397 1234 533 1284 adesp.
567 1235 733 1273 Aristot.
755 1235 871 1273 Rhet.
895 1237 931 1281 3,
958 1237 1005 1273 11
1038 1231 1197 1287 ᾠήθητε
1227 1231 1268 1273 δ’
1292 1230 1345 1273 ὅὶν
1373 1231 1496 1273 αὐτὸν
1527 1229 1629 1274 εἶναι
1658 1245 1782 1274 συκα-

230 1290 358 1342 μίνων
389 1286 581 1329 κάλαθον.
636 1292 741 1329 idem
772 1292 821 1330 fr.
854 1293 934 1330 272
966 1295 1007 1330 et
1038 1293 1118 1331 273
1147 1292 1198 1330 ad
1227 1292 1529 1332 Panoratiasten
1556 1293 1692 1332 refert.

830 1412 928 1455 274.
959 1412 1056 1455 275.
1087 1413 1170 1454 276

1002 1492 1196 1545 Λεσβίου
1227 1491 1276 1533 δὲ
1305 1492 1514 1546 πώματος

458 1555 542 1601 οὐκ
574 1559 697 1601 ἔστιν
726 1554 860 1609 ἄλλος
889 1555 1011 1609 οἶνος
1040 1556 1181 1614 ἡδίων
1210 1566 1345 1602 πιεῖν.

745 1696 927 1744 Θασίοις
957 1695 1175 1747 οἰναρίοις
1203 1695 1277 1737 καὶ
1308 1697 1516 1750 Λεσβίοις

458 1765 535 1817 τῆς
562 1760 730 1818 ἡμέρας
758 1763 809 1804 τὸ
840 1760 1002 1804 λοιπὸν
1030 1759 1267 1818 ὑποβρέχει
1296 1764 1430 1819 μέρος

415 1839 435 1870 5
466 1830 541 1872 καὶ
571 1831 816 1884 νωγαλίζει.

459 1964 573 2021 ἡδύς
602 1965 645 2020 γ’
670 1963 693 2007 ὁ
723 1967 922 2020 Βρομίου
952 1963 1034 2020 τὴν
1065 1955 1266 2008 άτέλειαν
1296 1967 1495 2021 Λεσβίου

459 2036 603 2076 ποιῶν
632 2031 714 2076 τὸν
744 2030 871 2075 οἶνον
902 2032 1164 2088 εἰσάγουσιν
1196 2034 1386 2087 ἐνθάδε,

463 2099 512 2151 ὃς
543 2097 600 2143 ἂν
631 2101 693 2150 εἰς
723 2100 878 2156 ἑτέραν
909 2103 1066 2156 ληφθῇ
1097 2098 1138 2142 δ’
1160 2098 1450 2143 ἀποστέλλων
1480 2101 1613 2144 πόλιν

463 2165 550 2211 κᾶν
581 2167 774 2223 κύαθον,
809 2166 935 2223 ἱερὰν
962 2166 1204 2222 ἐγγράφων
1233 2168 1320 2224 τὴν
1348 2167 1522 2214 οὐσίαν.

344 2263 572 2302 Athenaeus
606 2265 641 2312 1,
665 2263 748 2302 28e
779 2261 956 2314 Λεσβίου
978 2283 1032 2289 -
1051 2264 1171 2312 πιεῖν,
1203 2260 1328 2311 φησὶν
1349 2260 1512 2310 Ἄλεξις.
1549 2261 1711 2310 Θασίοις
1729 2285 1780 2291 -

228 2319 446 2372 νωγαλίζει.
495 2314 516 2358 ὁ
548 2314 689 2365 αὐτός·
722 2315 824 2369 ἡδύς
854 2320 934 2359 κτλ.
978 2319 1084 2357 idem
1116 2320 1160 2368 2,
1182 2319 1274 2357 47d
1304 2315 1582 2370 νωγαλεύματα
1613 2317 1783 2358 ἐκάλουν

230 2375 276 2415 τὰ
307 2373 405 2427 ἡδέα
435 2374 622 2428 βρώματα
641 2405 650 2414 .
670 2406 678 2414 .
698 2372 870 2422 .”Αλεξις
905 2373 1064 2421 Θασίοις
1085 2397 1139 2402 ——
1160 2374 1373 2426 νωγαλίζει.
1463 2378 1497 2416 1.
1528 2373 1571 2413 δὲ
1598 2373 1782 2427 πώματος

229 2432 411 2483 Porson.]
444 2429 627 2483 πόματος.
718 2433 757 2471 3.
798 2431 987 2481 οἰναρίοις
1025 2429 1092 2470 καὶ
1121 2430 1311 2481 Λεσβίοις
1341 2431 1469 2483 Pors.]
1499 2429 1566 2470 καὶ
1595 2431 1782 2484 Λεσβίοις

230 2488 432 2540 οἰναρίοις.
514 2491 552 2527 6.
584 2484 685 2538 ἡδύς
715 2484 756 2538 γ’
788 2487 917 2539 Pors.]
948 2484 1064 2538 ἡδὺς.
1144 2486 1361 2538 Βρομίου
1390 2485 1460 2540 Κ.]
1493 2487 1674 2540 Βρόμιος.
1743 2489 1780 2527 8.

230 2542 269 2583 δ’
305 2543 431 2597 (quod
460 2547 552 2596 post
581 2541 626 2591 ὃς
657 2545 856 2583 habebant
875 2543 972 2594 VL)
1003 2545 1251 2594 transposuit
1279 2544 1392 2584 Pors.
1482 2546 1519 2583 9.
1549 2540 1778 2596 κύαθονΙι]

229 2600 387 2640 κύσθον
415 2602 465 2643 V.
554 2599 766 2652 ἐγγράφων
794 2598 847 2652 L]
880 2598 1065 2651 ἐγγράφω
1095 2600 1229 2639 BOD.

345 2659 550 2697 commode
581 2659 848 2708 fragmentum
880 2657 1050 2695 alterum
1081 2659 1173 2695 ante
1202 2657 1376 2707 primum
1406 2657 1500 2706 poni
1530 2658 1571 2695 et
1599 2670 1688 2696 eum
1708 2657 1781 2696 hoc

231 2715 419 2765 coniungi
457 2717 601 2764 potest.
709 2715 747 2752 4.
788 2709 1048 2764 (ὑποβρέχειν
1083 2708 1236 2763 ἡμέραν
1272 2711 1368 2765 οἴνῳ
1399 2713 1546 2751 dieitur
1576 2714 1644 2763 qui
1676 2713 1780 2765 diem

230 2771 592 2820 compotationibus
623 2770 840 2820 transigit?
873 2770 992 2808 Mein.
1140 2771 1178 2807 5.
1221 2769 1406 2807 laudatur
1434 2770 1565 2808 nescio
1595 2770 1683 2819 quis
1713 2769 1781 2819 qui

230 2828 361 2877 legem
399 2827 547 2865 tulerat
583 2828 629 2865 ut
666 2827 722 2865 eis
761 2826 829 2875 qui
866 2827 1003 2865 vinum
1033 2825 1219 2864 Lesbium
1259 2826 1300 2863 in
1330 2826 1505 2864 Atticam
1535 2825 1783 2875 inportarent
