1890 3190
593 198 812 234 ΚΤΚΛΩΨ
836 216 877 224 —
904 198 1114 233 ΔΔΜΠΑΣ
1581 199 1635 242 67

63 300 372 354 conloquuntur
401 305 533 342 autem
564 305 665 353 tres,
712 303 872 354 cynicee
903 303 1135 354 disciplinae
1166 304 1358 353 sectator,
1404 304 1635 354 cynicorum

73 360 336 411 contemptor,
367 359 611 408 adulescens,
642 373 758 411 quem
790 361 951 411 cynicus
982 373 1075 400 suae
1106 359 1262 399 scholae
1292 363 1338 399 ut
1366 361 1526 401 videtur
1545 374 1637 402 con-

73 414 212 457 miliare
248 415 396 458 studet.
455 428 534 456 uno
574 417 623 455 de
661 417 824 456 marinis
864 417 1061 456 fructibus
1097 417 1217 456 etiam
1248 418 1407 468 cynicos
1436 419 1497 457 uti
1527 419 1635 470 dicit,

73 472 169 521 ule.
228 472 365 513 bibere
395 486 438 513 se
467 474 602 513 autem
632 474 770 513 vinum
801 473 1051 513 vilissimum.
1112 486 1193 514 non
1223 475 1377 525 vinum,
1399 475 1541 525 ‘inquit
1570 490 1638 527 cy-

138 542 253 570 orum
285 532 548 581 contemptor,
580 530 650 569 sed
679 532 836 570 acetum
865 521 1156 581 nequissimum
1187 523 1340 584 (ἦδος).
1400 533 1506 582 quod
1540 533 1643 583 quid‘

62 585 127 628 nit
155 599 245 627 cum
275 586 504 627 adulescens
536 587 699 637 nesciat,
731 587 892 638 cynicus
923 587 1192 627 adversarium
1221 590 1478 637 praevertens
1510 590 1646 629 ‘tale'-

62 640 208 695 jaquit
237 642 400 684 ‘vinum
432 644 538 695 quod
561 644 745 684 omnibus
775 644 944 694 prosit'.
975 645 1112 695 itaque
1133 646 1281 695 v.3sq.
1313 645 1371 683 ita
1401 643 1553 685 scribo:
1587 648 1637 686 A.

75 695 170 748 ’λας
207 695 458 754 (καθαρούς,
493 696 729 753 ἀκραιφνεῖς
769 700 817 740 cf.
848 700 1053 752 Aristoph.
1084 701 1135 740 fr.
1158 696 1232 754 32)
1249 712 1258 721 ·
1300 698 1364 740 ἐπὶ
1402 699 1447 740 δὲ
1484 700 1638 750 τούτοις

63 754 238 809 πίνομεν
263 756 270 807 Ι
295 756 474 809 οἰνάριον
503 781 558 788 -
587 758 636 797 Β.
666 751 786 808 ἦδος,
818 750 868 808 νὴ
902 755 1005 808 Δία,
1036 755 1443 810 κοιλιοστρόφον.
1478 760 1521 799 Γ.
1553 765 1640 807 παῖς

51 805 190 866 {dog-⁴,
227 815 279 853 A.
311 807 398 853 οἷον
434 817 518 862 τοῖς
553 819 727 866 παροῦσι
765 812 1050 865 συμφέρειν
1087 810 1363 866 ἁπαξάπασιν,
1397 811 1452 864 ἐξ.
1483 829 1526 856 π.
1585 813 1636 857 cf.

73 870 280 922 Aristoph.
308 871 358 910 fr.
381 872 477 911 462.
536 870 831 924 κοιλιοστροφία
864 871 995 911 Schol.
1027 872 1116 911 Nic.
1149 871 1216 911 Al.
1241 873 1337 912 596.
1398 875 1439 912 e't
1467 873 1516 913 de
1547 875 1637 914 adv.

71 926 158 976 πῶς
188 928 246 968 sic
275 928 407 979 posito
438 927 595 968 Alexid.
629 927 722 979 143,
746 930 783 970 2.
829 927 969 968 Cobet.
991 929 1043 971 N.
1064 929 1092 968 1.

810 1027 892 1070 135

302 1109 486 1162 πρῶτον
515 1106 600 1162 μὲν
629 1105 784 1161 ὥσπερ
814 1109 1136 1163 πυθαγορίζων
1168 1106 1315 1150 ἐσθίει

303 1175 506 1230 ἔμψυχον
536 1172 696 1230 οὐδέν,
725 1177 805 1230 τῆς
834 1174 884 1217 δὲ
915 1176 1126 1231 πλείστης
1154 1172 1383 1230 τούβολοῦ

303 1241 439 1298 μα’ζης
468 1244 692 1299 μελαγχρῆ
722 1243 884 1298 μερίδα
915 1243 1162 1298 λαμβάνων
1194 1243 1332 1287 λέπει.

188 1324 415 1364 Athenaeus
445 1327 491 1376 4,
517 1328 595 1366 161
614 1339 637 1364 a
671 1322 913 1377 Ἀντιφάνης
933 1357 941 1366 .
961 1357 969 1366 .
990 1357 999 1366 .
1019 1324 1064 1365 ἐν
1102 1331 1155 1380 τῷ
1194 1325 1342 1379 κυρίως
1389 1324 1549 1382 (κυρίωι
1581 1327 1637 1384 A)

49 1376 55 1396 ⁷
72 1379 253 1435 Κωρύκῳ
298 1379 600 1436 ἐπιγραφομένῳ
650 1380 729 1437 (cf.
776 1396 878 1434 quae
916 1384 967 1422 ad
1006 1384 1055 1422 fr.
1092 1385 1172 1423 160
1207 1380 1366 1438 adnot.)
1411 1385 1516 1436 φησί
1553 1389 1636 1426 κτλ.

43 1473 45 1480 1
71 1452 111 1480 v.
133 1440 158 1479 3
188 1439 423 1479 Eustathius
457 1441 585 1488 1863,
607 1442 660 1480 56
699 1439 770 1479 τοῦ
807 1437 851 1479 δὲ
888 1437 1020 1479 λέπειν
1041 1470 1050 1479 .
1069 1471 1078 1480 .
1098 1470 1107 1480 .
1125 1439 1260 1492 χρῆσις
1300 1437 1374 1491 μὲν
1412 1441 1479 1480 καὶ
1516 1441 1561 1482 ἐν
1592 1443 1639 1498 τῇ

39 1490 226 1546 Ἰλιάδι,
273 1493 328 1535 ἔτι
366 1492 409 1535 δὲ
447 1495 514 1535 καὶ
543 1494 650 1548 παρὰ
681 1502 735 1552 τῷ
764 1494 917 1536 εἰπόντι
947 1495 990 1536 τὸ
1018 1494 1142 1548 μάζης
1173 1500 1255 1537 κτλ.
1372 1500 1409 1538 3.
1439 1501 1637 1552 μελαγχρη

35 1557 39 1601 ζ
68 1554 155 1592 sine
176 1565 256 1593 acc.
274 1553 322 1592 A.
343 1572 401 1580 ——
422 1553 662 1603 πλείστης
693 1550 1231 1604 τούβολοῦ,ὀοηί;ι·ει·ἰιιιιι
1261 1553 1405 1606 μικρόν
1434 1554 1516 1595 ἐστι
1545 1554 1634 1596 τού-

46 1608 191 1661 ’βολοῦ
220 1610 367 1660 Eupol.
392 1611 487 1650 185.
547 1611 732 1661 Append.
764 1624 878 1661 prov.
901 1613 1006 1660 1,93
1037 1608 1135 1649 δέκα
1165 1616 1237 1650 τοῦ
1266 1607 1430 1664 ὀβολοῦ·
1463 1611 1527 1652 ἐπὶ
1556 1620 1637 1654 τῶν

67 1663 240 1717 μηδενὸς
277 1662 414 1717 ἀξίων,
452 1663 536 1706 ἐπεὶ
575 1665 620 1706 τὰ
651 1665 748 1706 δέκα
778 1671 851 1706 τοῦ
881 1663 1025 1718 ὀβολοῦ
1053 1666 1356 1719 πιπρασκόμενα
1386 1668 1497 1708 πάνυ
1528 1668 1637 1710 ἐστὶν

42 1766 43 1770 Ἰ
69 1718 222 1774 εὐτελῆ.
272 1723 320 1763 cf.
351 1723 524 1775 Hesych.
557 1726 596 1763 et
626 1725 808 1774 Apostol.
842 1726 886 1772 5,
912 1726 964 1764 93
981 1725 1010 1767 f.
1105 1727 1374 1777 μελαγχρῆ,
1405 1728 1452 1765 ut
1482 1727 1634 1768 cratin.

38 1773 51 1836 ξ
67 1779 164 1819 425.
215 1781 357 1831 Eupol.
388 1782 484 1820 430.
589 1778 750 1831 λέπει,
782 1784 827 1821 ut
855 1782 998 1831 Eupol.
1031 1783 1124 1821 255.
1148 1783 1246 1822 427.

812 1892 892 1935 136

274 1967 326 2012 ἐν
355 1968 446 2026 ὅσῳ
477 1968 519 2012 δ’
543 1969 778 2026 ἀκροῶμαί
805 1981 905 2025 σου,
937 1969 1158 2014 κέλευσόν
1186 1974 1266 2027 μοί
1292 1987 1394 2015 τινα

272 2038 430 2092 φέρειν
459 2036 784 2091 ἀπονίψασθαι.
838 2042 883 2082 Β.
917 2038 1034 2082 δότω
1064 2055 1130 2089 τις
1161 2035 1286 2095 δεῦρ’
1310 2038 1439 2098 ὕδωρ

271 2105 347 2148 καὶ
376 2109 539 2161 σμῆμα.

25 2237 27 2243 ⁴
191 2189 423 2228 Athenaeus
453 2190 493 2241 9,
515 2190 597 2230 409
614 2190 671 2229 cd
701 2186 872 2240 ἐχρῶντο
901 2186 946 2228 δὲ
976 2190 1032 2237 εἰς
1061 2188 1130 2238 τὰς
1160 2193 1306 2241 χεῖρας,
1336 2188 1634 2242 ἀποπλύνοντες

71 2241 220 2296 αὐτάς,
257 2242 325 2284 καὶ
365 2243 540 2296 σμήματι
576 2242 842 2298 ἀπορρύψεως
879 2243 1140 2301 (ἀπορύψεως
1170 2245 1227 2302 Α)
1265 2246 1395 2302 χάριν,
1432 2246 1487 2297 ὥς
1516 2251 1633 2304 παρί-

76 2312 218 2353 στησιν
242 2298 484 2352 Ἀντιφάνης
515 2300 560 2341 ἐν
589 2298 768 2356 Κωρύκῳ
798 2305 880 2343 κτλ.
938 2304 1123 2346 Eustath.
1158 2305 1280 2355 1401,
1304 2308 1328 2345 6
1359 2301 1419 2354 οἷς
1449 2303 1550 2361 (τοῖς
1579 2308 1635 2355 εἰς

24 2375 25 2379 ’
74 2356 203 2410 χειρὸς
234 2360 355 2409 νίμμα
385 2357 702 2414 καταχεομένοις)
732 2358 920 2407 πολλάκις
950 2360 1022 2399 καί
1047 2374 1083 2399 τι
1111 2360 1368 2412 προσεδίδοτο
1395 2363 1636 2416 καταρτικὸν

24 2430 49 2459 ζ·
74 2411 169 2469 (scr.
198 2409 463 2470 καθαρτικὸν)
493 2421 651 2467 χειρῶν,
681 2414 781 2456 κατὰ
813 2409 855 2455 τὸ
885 2415 1014 2457 (δότω
1035 2431 1092 2463 τις
1111 2417 1231 2469 δεῦρο
1251 2415 1362 2470 ὕδωρ
1381 2419 1448 2459 καὶ
1469 2421 1633 2473 σμῆμα’,

38 2471 39 2475 ’
77 2468 133 2517 ὤς
163 2482 290 2523 φησιν
315 2468 569 2523 Ἀντιφάνης.
688 2475 724 2513 1.
754 2486 820 2525 μοι
849 2474 938 2513 add.
970 2475 1179 2525 Koppiers.
1213 2475 1379 2516 Observ.
1409 2478 1477 2517 41.
1595 2480 1632 2518 2.

38 2542 47 2548 *¹
67 2526 189 2580 δεῦρο
217 2529 269 2568 Α.

741 2607 952 2643 ΛΑΜΠΑΣ

24 2663 47 2723 ἶ
180 2687 424 2735 Lampadem
454 2690 494 2727 et
522 2688 768 2737 Lamponem
796 2703 916 2730 unam
946 2691 1069 2730 fuisse
1099 2692 1276 2731 fabulam
1307 2694 1469 2731 censent
1491 2693 1630 2732 Fabri-

24 2752 54 2798 εξ·
69 2744 154 2783 cius
184 2746 225 2782 et
246 2743 656 2795 Schweighaeuserus,
688 2746 902 2798 distinguit
920 2748 1157 2797 Meinekius,
1188 2751 1258 2786 aut
1273 2747 1632 2800 λαμπαδηδρομίαν

24 2802 140 2839 «κοΐ,
176 2801 425 2839 meretricem
463 2801 705 2851 Lampadem
744 2803 821 2842 dici
859 2817 1023 2843 censens
1064 2804 1084 2842 I
1114 2805 1209 2843 313.
1242 2805 1336 2844 400.
1396 2805 1475 2844 fuit
1509 2807 1629 2845 etiam

26 2874 27 2910 j
66 2856 247 2902 Alexidis
277 2854 467 2908 Λαμπάς.

28 3034 61 3190 ³2
