1864 3204
239 242 318 286 178
875 243 1150 279 ΕΤΒΟΤΛΟΤ

348 349 577 387 Athenaeus
611 349 676 397 10,
699 349 812 386 4170
845 345 1089 401 (Εὔβουλος)
1121 346 1165 386 ἐν
1185 347 1302 387 Ἴωνι
1330 350 1409 389 κτλ.
1544 349 1582 388 2.
1613 347 1789 403 δειπνῶν

236 404 419 467 Casaub]
453 403 627 443 δείπνων
656 405 706 443 A.
794 401 1056 455 ἐμπίμπλαται
1086 405 1222 444 Dindf
1227 403 1243 457 ]
1275 402 1510 455 ἐμπίπλαται
1538 405 1587 444 Α.

835 526 1193 560 ΚΑΛΑΘΗΦΟΡΟΙ

350 608 522 658 Hesych.
545 603 842 669 καλαθηφόροι·
874 606 916 646 οἵ
941 600 986 645 m}
1014 604 1223 658 μαγειρικὰ
1254 604 1452 658 φέροντες.
1482 605 1651 657 μυστικὰ
1691 608 1787 647 Mei-

235 664 326 702 nek.
357 664 500 702 Philol.
530 650 630 702 XII
639 665 740 713 615,
779 661 1000 715 μυστηρικοὶ
1030 664 1133 703 idem
1165 664 1262 702 XIII
1293 665 1387 702 556.
1446 660 1704 715 Δημητριακᾶ
1733 664 1787 703 Μ.

237 721 429 761 Schmidt.
489 721 620 759 neseio
651 723 786 759 tamen
815 733 866 758 an
894 721 1075 770 neglecto
1095 721 1297 770 Hesychio
1317 721 1472 770 puellae
1492 718 1788 770 intellegendae

236 778 318 815 sint
345 777 486 816 florum
517 777 690 816 calathos
720 779 938 827 portantes.

986 886 1043 927 40

349 969 583 1007 Ammonius
620 968 756 1006 Differ.
787 969 895 1006 verb.
928 968 983 1006 50
1020 970 1062 1006 et
1089 968 1224 1018 Etym.
1259 966 1360 1006 Gud.
1394 968 1494 1015 186,
1527 968 1579 1006 52
1620 965 1753 1008 ἔσω..
1772 998 1782 1008 .

234 1020 323 1062 ἀντὶ
360 1024 429 1063 τοῦ
460 1022 588 1062 ἔνδον.
648 1022 856 1075 Εὔβουλος
896 1020 917 1062 ὁ
949 1028 1017 1073 τῆς
1046 1021 1168 1074 μέσης
1198 1022 1406 1076 κωμῳδίας
1435 1021 1600 1074 ποιητὴς
1630 1021 1672 1062 ἐν
1702 1025 1788 1063 Κα·

236 1076 484 1131 λαθηφόροις
515 1078 639 1126 ’ὅπως
670 1078 719 1118 δὲ
748 1076 990 1118 σπεύσεθ’
1014 1077 1090 1118 ὅτε
1121 1093 1191 1126 τις
1220 1077 1375 1131 γέρων
1404 1077 1513 1130 ἔσω,
1543 1078 1637 1119 δέον
1664 1080 1794 1120 εἰπεῖν.

236 1135 365 1176 ἔνδον.
409 1138 582 1187 Etymol.
606 1137 709 1176 Grud.
737 1131 982 1175 ὀπεύσεσθαι
1010 1133 1087 1175 ὅτι.
1133 1137 1352 1175 Meinekius
1382 1133 1489 1182 ὅπως
1519 1133 1565 1175 δὲ
1591 1132 1788 1176 πεύσεσθ’

201 1230 207 1237 ,
235 1192 313 1232 εἴτε
344 1207 402 1240 τις
433 1191 560 1245 γέρων
590 1191 677 1234 ἔσω.
746 1191 821 1231 ἔσω
859 1189 984 1246 (apud
1014 1193 1184 1232 comicos
1213 1189 1328 1246 εἴσω)
1366 1206 1439 1243 pro
1463 1190 1586 1232 ἔνδον
1614 1194 1789 1243 positum

235 1263 420 1300 magnam
448 1251 568 1289 habet
598 1250 902 1288 dubitationem.

860 1371 1165 1405 ΚΑΜΠΤΛΙΩΝ

350 1454 387 1492 Α
417 1453 656 1503 quibusdam
689 1453 849 1492 Araroti
877 1453 1087 1502 adscripta.
1147 1453 1198 1491 of.
1231 1453 1281 1490 fr.
1313 1453 1380 1491 41.
1441 1453 1557 1494 Mein.
1587 1452 1607 1490 Ι
1639 1453 1719 1506 363
1749 1455 1790 1492 et

235 1511 350 1548 Arar.
383 1511 430 1548 f1.
465 1510 618 1548 8-12,
679 1522 768 1548 cum
806 1507 991 1559 καμπύλη
1028 1510 1081 1548 sit
1117 1510 1379 1559 rusticorum,
1425 1521 1519 1548 voce
1555 1508 1791 1559 καμπυλίων

234 1568 426 1605 hominem
456 1570 646 1616 ayrestem
677 1566 892 1616 significari
921 1566 1104 1604 arbitror.

982 1675 1035 1716 41

466 1758 530 1804 τίς
557 1746 616 1808 ἦν
649 1751 672 1795 ὁ
701 1753 878 1808 γράψας
907 1756 1083 1807 πρῶτος
1113 1751 1373 1807 ἀνθρώπων
1403 1750 1489 1807 ἄρα

465 1818 494 1875 ἦ
525 1821 896 1876 κηροπλαστήσας
911 1819 1088 1875 ’Ἔρωθ’
1109 1817 1388 1875 ὖπόπτερον;

467 1887 524 1937 ὣς
555 1886 692 1931 οὐδὲν
720 1886 820 1944 ᾔδει
850 1887 968 1943 πλὴν
1001 1888 1234 1942 χελιδόνας
1261 1888 1470 1943 γράφειν,

466 1954 564 1998 ἀλλ’
587 1950 648 2011 ἦν
678 1954 860 2009 ἄπειρος
888 1958 980 1997 τῶν
1009 1955 1190 2009 τρόπων
1220 1959 1311 1998 τῶν
1340 1958 1423 1998 τοῦ
1450 1959 1580 1998 θεοῦ.

418 2033 438 2062 5
470 2025 592 2065 ἔστιν
623 2022 708 2078 γὰρ
740 2022 847 2066 οὔτε
877 2026 1071 2078 κοῦφος,
1105 2021 1208 2065 οὔτε
1239 2022 1391 2079 ῥᾴδιος

466 2089 777 2146 ἀπαλλαγῆναι
807 2093 868 2147 τῷ
900 2092 1085 2145 φέροντι
1114 2087 1198 2144 τὴν
1229 2087 1380 2145 νόσον,

464 2154 608 2213 βαρὺς
638 2158 687 2200 δὲ
718 2159 903 2214 κομιδῆ·
935 2161 1030 2207 πῶς
1059 2155 1117 2199 ἂν
1147 2149 1231 2200 οὖν
1262 2159 1354 2213 ἔχοι
1384 2156 1524 2213 πτερὰ

465 2228 641 2268 τοιοῦτο
671 2228 871 2280 πρᾶγμα;
905 2227 1061 2280 λῆρος,
1093 2225 1135 2267 εἰ
1164 2221 1342 2280 κᾶφησέ
1365 2242 1446 2276 τις.

347 2320 575 2358 Athenaeus
607 2321 671 2367 13,
695 2321 775 2358 562
794 2332 814 2358 c
841 2316 1012 2371 Ἀραρώς
1041 2316 1069 2370 ἢ
1098 2317 1306 2368 Εὔβουλος
1336 2317 1379 2357 ἐν
1409 2318 1673 2385 Καμπυλίωνι
1702 2321 1784 2359 κτλ.

235 2377 465 2415 Eustathius
497 2377 598 2426 987,
621 2349 680 2414 24
705 2374 970 2427 Εὔβουλος..
990 2372 1229 2426 ,ἀποστερεῖ
1251 2375 1404 2427 πτερῶν
1433 2374 1502 2414 τὸν
1517 2369 1700 2425 ’Ἑρωτα,
1731 2371 1787 2422 ὧς

235 2428 323 2471 οὕτε
353 2437 508 2481 κοῦφον
537 2430 628 2471 ου’τε
658 2430 800 2486 ῥᾴδιον
828 2428 1105 2484 ἀπαλλαγῆναι
1133 2431 1186 2486 τῷ
1215 2428 1375 2483 φέροντι
1395 2427 1467 2483 τὴν
1487 2430 1622 2482 νόσον,
1651 2429 1785 2483 βαρὺν

234 2487 279 2527 δὲ
308 2503 354 2527 κο
385 2488 451 2526 ιδ

349 2504 385 2584 ζ
415 2504 575 2595 ’Ἔρωτα
606 2546 652 2583 Α.
757 2547 796 2584 8.
834 2546 955 2585 verba
984 2547 1162 2584 extrema
1191 2540 1327 2598 (λῆρος
1357 2541 1459 2597 κτλ.)
1490 2557 1566 2583 om.
1599 2544 1643 2583 G.
1749 2542 1786 2582 εἰ

234 2599 393 2651 κᾶφησέ
423 2615 479 2647 τις
510 2601 665 2652 Dindf.]
706 2595 743 2640 εἷ
769 2615 847 2639 καν
876 2599 1015 2651 φήσειέ
1045 2615 1100 2647 τις
1129 2602 1178 2640 A.
1294 2605 1445 2639 τοιοῦτο
1475 2605 1633 2652 πρᾶγμα
1664 2601 1786 2651 λῆρον

234 2655 287 2697 ἂν
317 2653 459 2707 φήσειέ
489 2671 546 2703 τις
577 2657 745 2699 Porsen

986 2734 1040 2774 42

910 2807 970 2861 ὡς
999 2810 1041 2852 δ’
1067 2812 1260 2854 ἐδείπνει
1291 2812 1508 2866 κοσμίως,

486 2876 568 2934 οὐχ
599 2876 747 2934 ὥσπερ
778 2877 909 2920 ἄλλαι
937 2880 1029 2920 τῶν
1058 2879 1247 2933 πράσων
1275 2877 1541 2933 ποιούμεναι
