1806 3216
205 141 288 183 550
876 133 1089 168 ΔΙΦῙΛοΤ

437 237 484 287 ὂς
513 236 570 279 ἂν
600 236 649 278 δὲ
679 234 737 291 μὴ
769 231 924 288 πίθητ’
951 230 1172 287 ἐπέβαλον
1203 233 1373 287 ζημίαν.

368 316 408 346 10
440 304 519 347 ἐὰν
550 304 598 347 δὲ
629 303 735 359 μηδ’
759 300 912 344 ὁτιοῦν
943 302 1056 355 ἔχων
1087 302 1136 356 ζῇ
1167 301 1445 353 πολυτελῶς,

436 375 498 428 τῷ
528 372 670 427 δημίῳ
701 370 969 424 παρέδωκαν
1001 366 1153 410 αὐτόν.
1204 371 1253 410 Β.
1279 365 1524 423 Ἡράκλεις.

438 445 492 481 A.
525 437 610 480 οὐκ
642 437 866 492 ἐνδέχεται
897 434 983 491 γὰρ
1015 438 1093 490 ζῆν
1125 433 1235 477 ἄνευ
1266 436 1410 477 κακοῦ
1438 451 1558 486 τινος

438 509 619 549 τοῦτον·
652 511 842 554 συνιεῖς;
875 501 975 546 ἀλλ’
997 501 1254 557 ἀναγκαίως
1283 503 1371 557 ἔχει

439 574 467 629 ἢ
499 573 777 615 λωποδυτεῖν
807 571 885 622 τὰς
914 572 1082 622 νύκτας
1111 570 1139 625 ἦ
1169 577 1475 625 τοιχωρυχεῖν,

368 652 407 682 15
437 640 466 696 ἢ
496 643 586 683 τῶν
615 640 871 683 ποιούντων
901 643 1040 682 ταῦτα
1071 644 1309 681 κοινωνεῖν
1338 649 1472 694 τισιν,

440 706 468 764 ἢ
500 715 804 764 συκοφαντεῖν
835 706 932 761 κατ’
956 705 1141 762 ἀγοράν,
1173 703 1201 761 ἢ
1230 713 1476 761 μαρτυρεῖν

439 776 595 830 ψευδῆ.
644 772 694 817 τὸ
726 778 935 818 τοιοῦτον
967 775 1301 829 ἐκκαθαίρομεν
1329 774 1473 828 γένος.

440 848 488 886 Β.
522 843 671 898 ὀρθῶς
700 858 751 897 γε
780 841 836 898 νὴ
867 842 959 884 Δί’.
1006 841 1121 885 ἀλλὰ
1152 840 1206 897 δὴ
1237 843 1284 884 τί
1307 840 1430 884 τοῦτ’
1457 843 1578 896 ε’μοί;

442 917 495 954 Α.
531 908 1000 967 δρώμεν’ὀψωνοῦνθ’
1024 910 1212 964 ἑκάστης
1239 907 1405 963 ἡμέρας

367 989 411 1020 20
443 977 540 1034 οὐχὶ
571 981 758 1032 μετρίως
786 979 987 1033 βέλτιστέ
1016 976 1077 1031 σ’,
1109 975 1206 1019 ἀλλ’
1230 975 1544 1032 ὑπερηφάνως.

441 1045 524 1089 οὐκ
555 1048 677 1089 ἔστιν
708 1043 929 1100 ἰχθυηρὸν
959 1043 1047 1088 ὑπὸ
1078 1048 1163 1088 σοῦ
1193 1047 1473 1100 μεταλαβεῖν.

443 1116 644 1169 συνῆκας
671 1113 800 1168 ἡμῶν
832 1115 893 1164 είς
924 1115 975 1155 τὰ
1008 1113 1178 1168 λάχανα
1208 1113 1292 1168 τὴν
1321 1112 1466 1155 πόλιν.

443 1182 544 1235 περὶ
575 1185 666 1224 τῶν
697 1183 888 1223 σελίνων
917 1179 1137 1236 μαχόμεθ’
1161 1179 1314 1235 ω’σπερ
1339 1179 1564 1235 Ἰσθμίοις.

443 1250 590 1304 λαγώς
618 1265 684 1299 τις
715 1248 989 1304 εἰσελήλυθ’,
1023 1245 1164 1298 εὐθὺς
1193 1247 1411 1305 ἥρπακας.

371 1328 414 1359 25
445 1318 634 1372 πέρδικα
665 1316 707 1358 δ’
730 1313 758 1371 ἢ
788 1318 946 1372 κίχλην
975 1332 1026 1371 γε
1057 1315 1111 1371 νὴ
1142 1315 1219 1359 Δί’
1243 1315 1326 1359 οὐκ
1357 1318 1422 1359 ἔτι

445 1387 566 1427 ἔστιν
598 1383 659 1426 δι’
681 1382 797 1438 ὑμᾶς
826 1381 933 1426 οὐδὲ
963 1386 1215 1439 πετομένην
1245 1385 1375 1427 ἰδεῖν.

444 1450 524 1495 τὸν
555 1452 732 1504 ξενικὸν
763 1448 891 1495 οἶνον
923 1451 1234 1508 ἐπιτετίμηκας
1263 1451 1393 1497 πολύ.

329 1537 556 1576 Athenaeus
589 1538 633 1584 6,
656 1537 768 1574 227e
809 1533 975 1582 Δίφιλος
1015 1532 1057 1573 ἓν
1084 1530 1264 1588 Ἐμπόρῳ
1294 1533 1360 1573 καὶ
1391 1533 1513 1585 νόμον
1542 1528 1648 1573 εἶναί
1673 1544 1770 1584 φησι

215 1591 320 1644 παρὰ
364 1591 598 1644 Κορινθίοις
643 1590 730 1630 τινὰ
777 1591 952 1630 τοιοῦτον
997 1593 1077 1630 κτλ.
1175 1594 1210 1631 1.
1257 1588 1440 1643 νόμιμον]
1486 1587 1770 1641 νενομισμένον

218 1651 338 1689 Mein.
371 1650 487 1688 Anal.
519 1648 615 1687 Ath.
641 1649 706 1688 98.
794 1646 993 1687 τουτεστὶν
1024 1650 1070 1686 A.
1159 1646 1304 1686 ἐνθαδί
1332 1649 1453 1687 Mein.
1484 1649 1525 1686 in
1554 1647 1648 1686 Ath.
1730 1648 1767 1688 2.

217 1705 497 1757 Κορινθίοισιν
527 1702 712 1758 casaub]
745 1703 964 1755 κορινθίοις
997 1700 1052 1742 ἵν’
1078 1707 1124 1743 Α.
1202 1702 1254 1742 ἄν
1283 1703 1438 1756 Dindf.]
1473 1699 1542 1742 ε’ἄν
1570 1705 1621 1742 Α.
1694 1701 1770 1742 αἰεὶ

216 1764 264 1801 A.
355 1764 394 1801 5.
428 1759 473 1800 τὰ
504 1755 615 1802 ἆναλ.
647 1763 694 1800 A.
776 1764 814 1800 6.
845 1757 1079 1812 ἀπολαύειν]
1113 1758 1418 1826 ἀποβάλλειν
1447 1761 1494 1801 Κ.
1527 1761 1626 1799 conl.
1645 1760 1768 1799 Arist.

218 1820 326 1858 Eccl.
351 1821 430 1858 811
463 1814 662 1870 ἀποβαλεῖ
685 1811 756 1868 τὴν
786 1813 941 1857 οὐσίαν.
1031 1819 1171 1856 τοῦτον
1198 1817 1276 1868 ηδη
1307 1815 1491 1870 casaub]
1521 1815 1601 1868 ἤδη
1631 1820 1771 1854 τοῦτον

216 1876 267 1915 A.
370 1878 406 1914 7.
448 1872 490 1913 δὲ
518 1875 568 1915 A.
658 1878 694 1914 9.
725 1875 893 1924 πίθηται
923 1877 963 1913 et
993 1871 1206 1924 ἐπέβαλλον
1235 1874 1284 1916 Α.
1387 1875 1453 1913 13.
1485 1875 1634 1919 συνιεῖς
1663 1874 1770 1912 reete

218 1933 269 1972 A.
301 1933 351 1971 cf.
376 1932 594 1982 Antiphan.
618 1932 683 1982 55,
706 1935 741 1970 l.
774 1931 910 1970 Cobet.
926 1931 974 1969 V.
995 1932 1022 1970 1.
1048 1932 1141 1972 221.
1210 1932 1276 1969 18.
1307 1935 1419 1968 τοῦτο
1446 1931 1495 1970 A.
1557 1931 1624 1972 20.
1653 1925 1696 1967 σὲ
1720 1930 1770 1968 A.

222 1990 288 2027 21.
321 1987 559 2039 ἰχθυδοῖριον
589 1989 707 2029 Mein.
729 1988 807 2026 An.
831 1988 924 2026 Ath.
948 1989 1013 2026 98.
1066 2001 1116 2026 an
1146 1982 1249 2025 οὐδ’
1268 1983 1487 2037 ἓψητόνῗ
1575 1987 1642 2025 22.
1673 1995 1769 2024 συν-

222 2051 322 2095 ῆκας
353 2059 389 2083 τι
418 2042 474 2097 A]
506 2059 540 2082 τι
573 2058 648 2083 om.
681 2045 729 2083 L.
783 2049 956 2094 συνῆχας
987 2043 1205 2093 Schweigh.
1256 2046 1523 2093 συνεῐρχας
1553 2043 1601 2081 Κ.
1705 2043 1772 2082 24.

221 2099 403 2153 ἥρπασας
435 2101 483 2140 G.
513 2102 562 2139 A.
594 2102 794 2151 Hirschig.
825 2101 931 2140 Ann.
963 2101 1051 2139 crit.
1084 2102 1149 2138 28.
1208 2113 1434 2150 perperam:
1474 2100 1522 2139 cf.
1554 2100 1770 2149 Antiphan.

223 2159 318 2197 204.
409 2159 474 2196 25.
507 2155 561 2195 ἔτι
591 2158 679 2195 add.
713 2158 849 2196 Dindf.
939 2158 1004 2195 26.
1037 2154 1116 2194 ἔστι
1140 2156 1190 2194 Α.
1277 2170 1315 2195 v.
1338 2157 1404 2194 21.
1437 2157 1501 2195 23.
1535 2157 1602 2195 25.
1633 2157 1685 2195 26
1715 2155 1772 2195 vi·

222 2216 365 2254 dentur
380 2227 572 2264 personae
591 2215 629 2250 Γ
636 2215 837 2253 tribuendi
851 2227 947 2264 esse,
979 2214 1095 2253 sicuti
1118 2214 1217 2252 duae
1234 2213 1452 2251 Plathanae
1473 2212 1620 2251 suntin
1638 2212 1770 2252 Ranis.

338 2272 375 2311 5.
416 2268 555 2309 λύουσι
592 2273 638 2308 ut
677 2271 776 2310 Xen.
807 2271 926 2322 Ages.
962 2271 1005 2317 2,
1029 2271 1080 2308 31
1118 2267 1271 2320 μισθὸν
1304 2265 1506 2319 οὐδέτερος
1543 2266 1654 2307 λύσει
1690 2270 1771 2315 τοῖς

211 2326 413 2378 Ἕλλησιν.
466 2328 515 2366 ef.
549 2325 657 2364 λύειν
687 2324 785 2376 τέλη.
876 2328 942 2366 13.
983 2328 1154 2373 συνιεῖς;
1192 2327 1241 2366 cf.
1281 2338 1379 2376 quae
1415 2325 1690 2365 adnotavimus
1721 2325 1772 2364 ad

222 2385 347 2423 Arist.
370 2385 474 2422 Nub.
499 2384 592 2422 355.
684 2383 747 2421 23.
780 2383 827 2421 de
857 2385 946 2432 apio
975 2383 1231 2421 Isthmiorum
1261 2383 1435 2432 praemio
1467 2382 1517 2423 ef.
1540 2381 1583 2421 C.
1607 2381 1652 2419 F.
1673 2381 1771 2420 Her-

223 2454 355 2479 mann.
387 2441 484 2479 Ant.
517 2453 614 2479 sacr.
648 2440 714 2487 50,
739 2441 803 2480 27.
825 2440 849 2477 8
881 2445 919 2478 et
949 2440 996 2477 de
1026 2440 1224 2478 sententia
1255 2439 1408 2477 Alexid.
1433 2439 1499 2488 46,
1523 2439 1559 2476 7.
1576 2439 1614 2476 8.
1702 2437 1770 2478 25.

228 2497 356 2535 Varro
389 2497 471 2536 Sat.
504 2497 570 2544 86,
598 2498 644 2534 11
669 2499 830 2544 propter
851 2497 1050 2545 phayones
1075 2497 1279 2543 ficedulam
1302 2497 1491 2544 pisnyuem
1519 2497 1588 2534 aut
1616 2494 1773 2533 tardam

223 2555 303 2592 ‘nisi
339 2555 530 2592 volantem
566 2565 649 2591 ‘non
683 2550 792 2591 video
823 2548 994 2605 (Mein.)
1085 2553 1151 2593 27.
1182 2549 1334 2599 ξενικὸς
1364 2545 1468 2597 οἶνος
1499 2563 1588 2600 opp.
1620 2545 1770 2602 αὕτίτῃ.

223 2611 273 2649 cf.
295 2610 451 2648 Alexid.
469 2611 563 2658 230,
582 2611 620 2647 5.
653 2609 747 2658 285,
766 2610 802 2646 2.
850 2607 1007 2655 ξενικόν
1037 2611 1182 2658 autem,
1214 2609 1306 2658 quia
1334 2607 1613 2658 Κορίνθιος
1642 2605 1769 2657 βασα-

225 2664 362 2715 νισμός
384 2663 476 2704 ἐστι.
509 2666 620 2704 Alex.
639 2666 734 2703 290.
796 2662 1064 2715 ἐπιτετίμηκας
1088 2666 1218 2704 carius
1235 2665 1359 2712 fecisti
1378 2664 1526 2703 vinum.
1557 2662 1656 2701 Tim.
1673 2662 1769 2702 Lex.

223 2723 327 2761 Plat.
349 2719 527 2772 ἐπετίμα·
559 2715 652 2772 ηὗξε
682 2718 758 2770 τὴν
777 2719 908 2772 τιμήν,
939 2721 1008 2759 ubi
1028 2722 1077 2759 cf.
1095 2721 1250 2760 Ruhnk.
1265 2716 1469 2759 Demosth.
1483 2720 1611 2770 34‚39
1628 2713 1650 2756 ὁ
1666 2720 1770 2765 σῖτος

224 2774 454 2829 ἐπετιμήθη.
519 2779 592 2829 50,
617 2781 639 2818 6
670 2774 837 2828 ὁρῶντες
869 2774 911 2815 ἐν
940 2782 996 2831 τῷ
1026 2778 1211 2829 Πειραιεῖ
1234 2771 1302 2815 τὸν
1331 2778 1440 2815 σῖτον
1470 2770 1766 2825 ἐπιτιμώμενον.
