1864 3204
222 202 307 245 280
811 204 1196 238 ΑΡΙΣΤΟΦῼΝΤΟΣ

980 306 1031 347 10

397 370 508 427 πρὸς
537 373 619 428 μὲν
650 374 700 415 τὸ
731 376 894 428 πεινῆν
927 371 1101 415 ἐσθίειν
1131 388 1178 416 τε
1207 373 1318 429 μηδὲ
1350 373 1399 415 ἓν

396 440 535 496 νόμιζ’
560 438 673 496 ὁρᾶν
710 441 1001 495 Τιθύμαλλον
1030 440 1059 496 ἢ
1091 441 1382 496 Φιλιππίδην.

398 507 522 563 ὕδωρ
553 508 603 550 δὲ
633 510 782 551 πίνειν
812 504 1054 562 βάτραχος,
1087 507 1343 551 ἀπολαῦσαι
1371 510 1536 564 θύμων

399 575 606 630 λαχάνων
636 592 683 618 τε
713 577 891 631 κάμπη,
923 575 1036 631 πρὸς
1064 577 1115 618 τὸ
1144 575 1202 632 μὴ
1238 579 1433 619 λοῦσθαι
1463 575 1626 632 ῥύπος,
1690 625 1696 633 ·

348 654 368 684 5
399 640 641 700 ὑπαίθριος
669 647 865 700 χειμῶνα
896 645 1069 700 διάγειν
1100 644 1306 700 κόψιχος,

400 718 559 766 πνῖγος
590 709 828 767 ὑπομεῖναι
858 711 933 754 καὶ
962 714 1237 767 μεσημβρίας
1267 715 1422 755 λαλεῖν

399 778 562 833 τέττιξ,
596 780 731 836 ἐλαίῳ
760 778 869 835 μήτε
899 783 1096 835 χρῆσθαι
1125 778 1236 836 μήθ’
1260 779 1372 835 ὁρᾶν

402 847 653 903 κονιορτός,
685 845 966 902 ἀνυπόδητος
996 847 1171 904 ὄρθρου
1201 855 1460 903 περιπατεῖν

401 916 610 970 γέρανος,
643 916 888 962 καθεύδειν
917 916 1026 970 μηδὲ
1055 913 1218 971 μικρὸν
1247 919 1466 975 νυκτερίς.

349 999 576 1037 Athenaeus
608 1001 652 1048 6,
677 1000 794 1037 2380
833 994 909 1036 κάν
947 999 1236 1053 Πυθαγοριστῇ
1276 996 1320 1037 δέ
1360 1009 1460 1050 φησι
1497 994 1786 1052 (Ἀριστοφῶν)

235 1058 316 1096 κτλ.
369 1069 404 1093 v.
429 1058 451 1093 3
475 1068 544 1105 sq„
579 1056 724 1094 omisso
755 1057 886 1093 tamen
906 1051 1007 1105 μήθ’
1032 1051 1131 1107 ὁρᾶν
1159 1069 1198 1095 v.
1223 1058 1259 1106 7,
1292 1068 1380 1094 oum
1409 1057 1458 1094 fr.
1477 1057 1503 1093 4
1535 1055 1634 1106 (non
1653 1055 1788 1094 addito

236 1112 395 1150 fabulae
426 1114 616 1161 poetaeve
647 1107 826 1164 nomine)
857 1112 1045 1150 continuo
1076 1113 1284 1162 coniungit
1311 1113 1545 1151 Eustathius
1579 1113 1698 1162 1951,
1720 1112 1804 1150 41.-

237 1171 273 1207 1.
304 1167 438 1206 πίνειν
468 1168 510 1208 C.
557 1172 598 1207 at
627 1169 673 1207 of.
706 1182 743 1206 v.
765 1170 803 1209 3.
896 1170 935 1206 3.
967 1164 1191 1206 ἄπολαυσαι
1221 1172 1261 1208 et
1292 1171 1328 1207 7.
1359 1166 1454 1220 μήτε
1485 1164 1584 1220 ὁρᾶν
1613 1169 1662 1207 Α.
1691 1163 1786 1218 μήτ’

236 1223 334 1276 ἐρᾶν
355 1224 534 1266 Bothius.
566 1225 614 1263 cf.
637 1225 779 1274 Eupol.
802 1225 897 1263 326.
931 1222 984 1275 μὴ
1014 1227 1222 1278 κεχρῖσθαι
1251 1222 1351 1276 μηδὲ
1379 1230 1455 1277 γρῦ
1474 1226 1621 1264 Naber.
1642 1225 1788 1263 Mnem.
1808 1258 1813 1261 .

232 1294 327 1320 nov.
359 1281 457 1319 VIII
500 1282 596 1320 253.
664 1278 762 1331 μηδὲ
803 1280 986 1332 χρίεσθαι
1029 1279 1072 1320 τὸ
1114 1286 1198 1320 πᾶν
1237 1282 1515 1321 Wilamowitz.
1555 1284 1596 1320 eh
1633 1281 1788 1320 Kaibel.

235 1339 374 1376 Herm.
406 1337 564 1376 XVIIII
596 1339 690 1377 260.
745 1338 1029 1376 violentissime
1071 1339 1361 1378 Herwerdenus
1401 1338 1494 1378 Obs.
1536 1339 1622 1377 crit.
1662 1338 1730 1376 64.
1763 1338 1788 1376 5

235 1409 271 1433 v.
304 1397 340 1435 8.
373 1396 396 1432 9
437 1396 530 1443 post
566 1408 604 1434 v.
636 1395 661 1431 4
699 1391 890 1446 (λοῦσθαι
929 1393 1091 1445 ῥύπον)
1132 1396 1344 1434 conlocatis
1382 1396 1504 1434 verba
1543 1393 1657 1446 ἐλαίῳ
1693 1391 1789 1444 μήτε

234 1453 410 1502 χρῆσθαι
439 1446 541 1500 μήθ’
564 1446 665 1502 ὀροῖν
695 1451 798 1500 eicit,
831 1452 932 1489 conl.
964 1451 1190 1490 Anaxandr.
1223 1453 1294 1499 34,
1318 1453 1354 1491 6.
1400 1453 1496 1490 mihi
1526 1463 1664 1491 versus
1693 1463 1789 1489 non-

235 1509 329 1545 dum
358 1507 517 1545 videtur
547 1510 776 1556 persanatus
807 1520 902 1546 osse.
955 1508 1002 1546 de
1033 1509 1231 1547 sententia
1261 1511 1301 1547 et
1330 1508 1489 1559 syntaxi
1519 1509 1569 1547 of.
1601 1508 1649 1547 fr.
1671 1507 1709 1557 4,
1741 1507 1790 1545 de

237 1565 466 1614 sl'ithfflnallo
497 1564 716 1613 Antiphan.
749 1565 842 1612 210,
877 1564 924 1602 de
955 1565 1175 1614 Philippide
1205 1578 1323 1615 supra
1352 1566 1401 1604 fr.
1434 1566 1471 1603 8.

987 1675 1036 1716 11

442 1738 520 1783 εἶτ’
543 1740 598 1783 ού
630 1743 812 1791 δικαίως
841 1740 931 1784 ἔστ’
955 1738 1319 1798 ἀπεψηφισμένος

445 1807 533 1851 ὑπὸ
562 1811 654 1851 τῶν
684 1813 808 1852 θεῶν
838 1813 930 1852 τῶν
961 1809 1124 1852 δώδεκ’
1147 1810 1328 1860 εἰκότως
1357 1810 1396 1851 τ’
1423 1808 1587 1864 ’Έρωςς

442 1877 651 1932 ἐτάραττε
682 1875 922 1926 κάκείνους
950 1876 1035 1933 γάρ
1068 1878 1303 1932 ἐμβάλλων
1333 1877 1530 1932 στάσεις,

442 1943 505 1987 ὅτ’
529 1938 586 2000 ἦν
615 1943 710 1999 μετ’
733 1943 904 1987 αὐτῶν·
937 1943 995 1995 ὠς
1025 1946 1072 1987 δὲ
1105 1948 1208 1988 λίαν
1235 1939 1295 2000 ἦν
1325 1944 1503 1999 θρασὺς

391 2023 411 2053 5
444 2013 517 2056 καὶ
549 2013 764 2067 σοβαρός,
797 2011 1107 2064 ἀποκόψαντες
1136 2012 1276 2056 αὐτοῦ
1304 2012 1358 2055 τά
1387 2013 1548 2068 πτερά,

440 2081 515 2122 ἵνα
546 2078 603 2136 μὴ
636 2081 820 2135 πέτηται
849 2081 962 2133 πρὸς
990 2079 1071 2123 τὸν
1102 2079 1302 2136 οὐρανὸν
1331 2080 1484 2135 πάλιν,

441 2147 567 2203 δεῦρ’
593 2146 735 2190 αὐτὸν
767 2148 1087 2203 ἐφυγάδευσαν
1119 2146 1177 2198 ὥς
1205 2146 1317 2204 ἡμᾶς
1347 2148 1491 2202 κάτω,

441 2214 519 2264 τοὶς
549 2216 598 2258 δὲ
629 2218 851 2271 πτέρυγας
880 2212 931 2265 ἃς
962 2212 1050 2270 εἶχε
1080 2219 1134 2271 τῇ
1165 2218 1287 2272 Νίκῃ
1318 2223 1479 2271 φορεῖν

442 2284 621 2338 ἔδοσαν,
654 2284 898 2338 περιφανὲς
928 2286 1099 2326 σκῦλον
1130 2282 1216 2326 ἀπὸ
1246 2286 1337 2326 των
1367 2284 1607 2337 πολεμίων.

352 2368 578 2405 Athenaeus
612 2368 682 2416 13,
706 2367 822 2405 563b
859 2363 1101 2418 Ἀριστοφῶν
1139 2363 1179 2403 ἐν
1211 2367 1499 2418 Πυθαγοριστῇ
1530 2368 1607 2404 κτλ.
1666 2380 1792 2415 pauca

238 2425 434 2473 excerpsit,
465 2423 698 2462 Eustathius
728 2425 832 2470 880,
857 2425 880 2461 5
913 2426 954 2462 et
984 2425 1077 2472 987,
1101 2425 1168 2462 22.
1280 2425 1316 2462 2.
1347 2419 1381 2460 τ’
1414 2424 1502 2462 add.
1531 2423 1642 2461 Pors.
1749 2424 1788 2463 4.

239 2477 299 2518 ’ὅτ’
322 2475 390 2531 ἧν]
424 2476 444 2517 ὃ
475 2476 547 2528 τὴν
578 2479 628 2523 A.
718 2482 755 2518 6.
788 2476 978 2532 οὐρανὸν]
1009 2492 1129 2518 οννυν
1160 2480 1208 2518 Α.
1289 2481 1328 2518 9.
1360 2484 1429 2517 τοῦ
1457 2477 1646 2527 πολεμίου
1675 2479 1790 2519 Eust.

241 2539 335 2576 987.
367 2559 420 2564 —-
455 2531 809 2586 ἀπεψηφισμένος,
850 2537 877 2575 i.
900 2549 934 2575 e.
966 2537 1122 2575 decreto
1153 2536 1315 2575 deorum
1345 2549 1393 2574 ex
1424 2535 1597 2586 Olympo
1629 2536 1788 2575 eiectus.

944 2645 1007 2688 12.
1037 2646 1089 2688 13

443 2714 529 2768 ἔφη
561 2707 755 2767 καταβὰς
786 2714 849 2763 εἰς
877 2710 958 2767 τήν
989 2713 1165 2755 δίαιταν
1195 2715 1287 2754 τῶν
1316 2713 1436 2754 κάτω

445 2782 559 2822 ἰδεῖν
590 2779 826 2834 ἑκάστους,
858 2780 1090 2836 διαφέρειν
1120 2780 1169 2822 δὲ
1198 2779 1412 2835 πάμπολυ

444 2847 547 2897 τοὺς
578 2845 927 2904 Πυθαγοριστὰς
955 2850 1045 2890 τῶν
1075 2851 1272 2903 νεκρῶν·
1304 2847 1481 2902 μόνοισι
1510 2846 1598 2902 γὰρ
