1864 3204
238 200 322 243 294
689 202 984 236 ΩΦΕΛΙῼΝΟΣ
1008 202 1159 237 ΑΔΗΛ.
1185 203 1327 238 APAM.
1367 244 1369 246 ,

239 302 438 357 ὠρχοῦντο
468 303 602 357 ὥσπερ
634 306 815 346 Eustath.
867 302 1073 356 ὠρχοῦντο
1110 301 1148 343 δ’
1182 301 1234 352 ὡς
1263 306 1400 347 Dindf.
1455 301 1658 357 ὠρχοῦνθ’
1690 302 1796 358 ἅπερ

241 363 413 401 Meinek.
456 363 572 402 scrib.
603 358 808 414 ὦρχοῦνθ’
842 359 984 407 ὅπως.
1042 376 1139 404 nam
1165 374 1237 412 περ
1267 376 1313 401 ex
1343 363 1473 412 prima
1503 363 1655 413 syllaba.
1683 363 1791 404 vocis

239 418 401 471 καρῖδες
433 422 564 458 ortum
593 419 762 459 videtur,
812 420 861 459 ef.
893 419 1095 469 Aristoph.
1127 419 1176 458 fr.
1209 420 1276 458 68.

840 541 1197 575 ΚΑΛΛΑΙΣΧΡΟΣ

353 610 414 650 cf.
445 607 620 653 Meinek.
651 612 671 650 Ι
702 612 784 650 415
822 614 863 650 et
902 624 1003 661 quae
1039 623 1111 650 nos
1152 611 1201 650 ad
1233 611 1476 662 Theopompi
1514 611 1798 653 Callaeschrmn

245 667 521 707 adnotavimus
551 668 571 706 I
593 669 686 707 738.
1006 721 1032 762 2

510 800 671 854 κυρταὶ
702 797 741 842 δ’
777 797 890 854 ὁμοῦ
922 800 1103 854 καρῖδες
1133 799 1184 842 ἐν
1213 800 1331 856 ξηρῷ
1361 800 1481 857 πέδῳ

356 882 588 922 Athenaeus
618 884 655 931 3,
682 884 794 922 106a
811 878 1018 932 ΔὨφελίων
1049 878 1255 934 (ωφελλων
1283 879 1339 936 Α)
1369 882 1621 936 Καλλαίσχρῳ
1651 886 1732 922 κτλ.

456 993 756 1028 ΚΕΝΤΑΤΡΟΣ
780 994 1128 1027 ΜΟΝΟΤΡΟΠΟΣ
1151 994 1344 1027 ΜΟΤΣΑΙ
1370 995 1584 1029 ΣΑΤΤΡΟΙ

357 1064 393 1102 Α
425 1063 546 1102 Suida
575 1064 660 1103 solo
692 1048 1033 1106 commemoratae,
1070 1063 1242 1102 Meinek.
1272 1063 1292 1102 Ι
1320 1064 1416 1104 415.

776 1186 876 1219 ΑΔΗ
879 1185 984 1219 ΛΩΝ
1008 1185 1270 1219 ΔΡΑΜΑΤΩΝ

1013 1263 1040 1305 3

537 1341 739 1396 Λιβυκόν
769 1357 816 1384 τε
846 1341 1026 1395 πέπερι,
1057 1343 1287 1397 θυμίαμα,
1318 1343 1511 1397 βυβλίον

534 1409 780 1470 Πλάτωνος
811 1408 1118 1465 ἐμβρόντητον

359 1493 586 1531 Athenaeus
618 1494 662 1543 2,
686 1492 775 1532 66d
813 1489 874 1530 ὅτι
905 1491 960 1539 εἰς
991 1489 1037 1531 τὸ
1069 1487 1253 1543 πρόπομα
1283 1490 1349 1530 καὶ
1380 1492 1502 1531 ταῦτα
1533 1491 1801 1545 ἐνεβάλλοντο,

243 1546 405 1600 πέπερι,
444 1547 608 1598 φυλλίς,
647 1544 824 1600 σμύρνα,
863 1545 1072 1599 κύπειρον,
1106 1546 1234 1599 μύρον
1271 1545 1495 1600 Αἰγύπτιον
1605 1546 1805 1599 Ὠφελίων

243 1606 322 1644 κτλ.
379 1619 418 1643 τε
456 1606 547 1644 add.
579 1606 720 1645 Elmsl.
760 1604 925 1656 βυβλίον
957 1602 1100 1657 (βιβλ.)
1138 1602 1264 1658 idem]
1303 1603 1369 1643 καὶ
1398 1605 1565 1656 βιβλίον.
1590 1622 1593 1624 ’
1616 1604 1804 1658 Λιβυκὸν

244 1659 383 1713 πέπερι
412 1660 479 1700 καὶ
508 1664 567 1709 fi„
597 1661 635 1710 β.
669 1662 794 1712 Toup.
826 1663 992 1704 Emend.
1025 1675 1039 1701 1
1059 1663 1156 1701 459.
1201 1663 1397 1711 quomodo
1428 1676 1473 1701 ea
1504 1676 1603 1713 quae
1633 1664 1676 1702 in
1704 1662 1802 1715 πρό-

245 1732 351 1769 πομα
367 1719 586 1758 iniciuntur
602 1719 791 1769 coniungi
806 1719 963 1768 possint
981 1732 1068 1758 cum
1086 1718 1189 1757 libro
1206 1719 1384 1758 Platonis
1400 1720 1443 1758 in
1460 1721 1572 1758 tanta
1587 1720 1801 1770 fragmenti

245 1776 441 1814 brevitate
471 1787 551 1814 non
581 1775 836 1825 perspicitur.

1012 1829 1041 1869 4

360 1910 589 1950 Athenaeus
612 1912 650 1961 2,
672 1911 759 1949 43f
785 1907 994 1960 Εὔβουλος
1017 1906 1084 1963 (fr.
1111 1906 1211 1964 135)
1240 1906 1464 1961 εὑρετικούς
1487 1923 1586 1961 φησι
1619 1908 1660 1950 τὸ
1693 1908 1803 1964 ὕδωρ

246 1970 379 2006 ποιεῖν
410 1965 501 2014 τοὺς
531 1967 720 2013 πίνοντας
749 1963 846 2006 αὐτὸ
875 1963 1011 2017 μόνον,

535 2032 606 2072 τὸν
636 2030 674 2072 δ’
707 2029 818 2072 οἶνον
846 2031 960 2085 ἡμῶν
990 2039 1042 2087 τῷ
1073 2037 1238 2086 φρονεῖν
1268 2032 1502 2073 ἐπισκοτεῖν.

248 2101 294 2141 τὰ
325 2097 426 2140 αὐτοὶ
457 2097 499 2139 δ’
531 2102 690 2153 ἰαμβεῖα
721 2100 786 2140 καὶ
811 2098 1011 2151 Ὠφελίων
1041 2100 1152 2151 φησί.

1117 2266 1251 2323 ἐλαίῳ
1283 2270 1464 2323 Καρικῷ

518 2322 759 2378 ἀλείφεται.

365 2407 595 2446 Athenaeus
617 2408 656 2457 2,
680 2408 745 2445 66.
770 2408 792 2445 7
824 2407 1002 2458 Καρικοῦ
1033 2402 1184 2459 (ἐλαίου
1211 2403 1469 2460 μνημονεύει)
1493 2403 1693 2456 Ὠφελίων
1721 2408 1803 2446 κτλ.

1017 2515 1044 2557 6

366 2599 585 2648 Hesychius
611 2592 726 2644 Ἶσις·
765 2596 860 2636 ἔνιοι
890 2594 1102 2647 ὀμνύοντες
1134 2596 1206 2648 τὴν
1230 2591 1331 2636 Ἶσιν
1367 2595 1407 2645 ἐξ
1437 2595 1592 2647 ἑτοίμου
1622 2595 1801 2638 ἐνόσουν.

250 2654 352 2694 ὅθεν
376 2650 575 2703 Ὠφελίων
604 2652 671 2692 διὰ
702 2652 743 2692 τὸ
776 2651 936 2704 συνεχὲς
969 2658 1048 2692 τῶν
1078 2652 1206 2692 νόσων
1236 2651 1424 2704 ἐχρήσατο
1453 2659 1500 2707 τῇ
1530 2651 1641 2701 λέξει.
1682 2651 1803 2704 Ὠφε-

251 2711 348 2750 λίων
379 2711 517 2762 Mein.]
558 2707 779 2761 ὠφελίμων.
832 2708 992 2760 συνεχὲς
1025 2709 1162 2762 Mein]
1206 2709 1386 2762 συνεχὸς.
1447 2711 1621 2751 Iuvenal.
1655 2711 1727 2760 13,
1749 2711 1802 2750 92

247 2772 362 2820 putat
394 2780 471 2807 esse
508 2769 595 2807 deos
630 2772 663 2806 et
694 2770 872 2816 peierat.
893 2768 1124 2806 ..decernat
1159 2769 1420 2816 quodcumque
1455 2769 1549 2806 volet
1578 2768 1624 2806 de
1652 2779 1804 2816 corpore

251 2829 382 2864 ‘nostro
410 2825 491 2863 Isis
521 2828 561 2863 et
583 2826 683 2863 irato
712 2824 829 2871 feriat
857 2836 943 2862 mea
973 2825 1123 2862 lumina
1150 2825 1275 2862 sistro.
