1890 3190
311 200 329 240 1
341 199 394 240 10
921 199 1242 233 ΑΝΤΙΦΑΝΟΤΣ

1046 299 1129 351 223

515 377 680 433 στακτὴ
714 378 845 419 δυοῖν
875 384 1012 432 μναῖν
1041 375 1125 419 οὐκ
1156 375 1334 431 αρέσκει
1363 376 1411 432 μ’
1443 375 1661 431 οὐδαμῶς.

426 472 656 510 Athenaeus
699 472 770 522 15,
804 472 927 510 691d
970 465 1208 521 Ἀντιφάνης
1246 467 1290 507 ἐν
1327 470 1531 524 Φρεαρρίῳ
1569 470 1770 522 (φρεαρρω
1806 467 1890 535 A)3

310 528 478 579 στακτῆς
510 532 583 566 τοῦ
611 525 742 580 μύρου
772 523 1034 577 μνημονεύων
1064 527 1166 578 φησί
1192 529 1271 566 κτλ.
1332 531 1447 566 antea
1483 540 1698 593 permagno
1728 527 1864 566 venire

310 586 418 624 istud
456 588 708 636 unguentum
737 584 965 623 Athenaeus
995 587 1242 635 narraverat,
1281 586 1399 624 minis
1430 586 1602 635 quinque
1640 587 1681 622 et
1709 574 1890 633 decem}
1887 616 1890 619 .

309 644 443 692 itaque
481 655 579 691 quae
617 642 794 691 loquitur
830 642 972 680 mulier
1008 654 1054 680 eo
1091 641 1197 712 quod
1235 642 1387 680 duabus
1427 642 1543 680 minis
1573 642 1750 714 emptum
1779 642 1890 679 erat

308 711 557 749 nequaquam
587 699 777 737 contenta
806 700 880 736 est.

1001 821 1184 854 ΧΡΤΣΙΣ

425 903 614 942 Meretrix
645 901 729 940 sine
761 902 893 940 dubio.
954 902 1067 951 ‘quae
1106 902 1139 939 si
1177 900 1310 939 eadem
1343 903 1404 939 est
1435 913 1553 950 quam
1584 900 1866 939 commemorat

311 961 526 999 Menander
549 958 649 1010 (288
671 956 824 1010 Mein.),
855 957 1111 1007 Antiphanea
1132 957 1266 996 fabula
1286 957 1495 1007 postremis
1516 958 1654 1006 poetae
1675 956 1864 995 dramatis

312 1017 552 1056 accensenda
582 1018 657 1055 est.
661 1011 674 1030 '
712 1015 883 1055 Meinek.
906 1014 925 1052 Ι
942 1015 1036 1053 328.
1070 1012 1231 1052 Caecilii
1253 1013 1370 1052 Statii
1393 1014 1527 1051 fabula
1555 1014 1639 1052 erat
1661 1011 1863 1062 Chrysion.

312 1074 358 1113 O.
376 1073 564 1112 Ribbeck.
590 1072 702 1111 Com.
724 1072 839 1110 Rom.
862 1068 933 1109 fr.‘·‘
954 1085 991 1120 p.
1010 1071 1077 1109 39.
1099 1083 1341 1120 quamquam
1361 1070 1459 1108 nihil
1481 1069 1634 1119 inpedit
1653 1068 1864 1118 quominus

312 1130 467 1181 Χρῦσις
506 1130 723 1168 scribamus
762 1129 879 1177 idque
909 1140 1054 1166 nomen
1083 1127 1207 1176 ipsius
1237 1127 1345 1165 illius
1376 1126 1509 1176 sponsi
1540 1138 1678 1164 aureos
1709 1131 1866 1164 montes

310 1187 551 1236 possidentis
590 1198 674 1224 esse
713 1187 952 1230 statuamus,
993 1184 1061 1233 qui
1100 1183 1147 1221 fr.
1179 1184 1261 1220 224
1301 1184 1642 1222 commemoratur.
1703 1180 1866 1232 Chrysis

312 1243 540 1282 Corinthius
571 1244 632 1281 est
662 1242 783 1282 Thue.
816 1242 853 1289 2,
877 1242 945 1279 33.

397 1435 456 1487 τῷ
488 1429 873 1487 σατραποπλούτῳ
902 1428 964 1484 δ’,
996 1425 1055 1479 ὥς
1085 1428 1290 1482 λέγουσι,
1322 1429 1528 1484 νυμφίῳ,

397 1500 650 1556 κεκτημένῳ
680 1499 900 1552 τάλαντα,
931 1497 1118 1550 παῖδας,
1152 1495 1444 1550 ἐπιτρόπους,

397 1568 550 1623 ζεύγη,
583 1568 832 1622 καμηλους,
865 1562 1102 1620 στρώματ’,
1135 1561 1459 1619 ἀργυρώματα,

397 1635 586 1690 φιάλας,
616 1634 836 1690 τριήρεις,
867 1630 1200 1687 τραγελάφους,
1233 1628 1476 1686 καρχήσια,

347 1712 368 1743 5
398 1701 596 1757 γαυλοὺς
625 1699 901 1758 ὁλοχρύσους
925 1726 972 1733 -
1005 1703 1055 1742 Β.
1080 1701 1233 1750 πλοῖα;
1265 1703 1320 1740 A.
1342 1699 1448 1748 τοὺς
1475 1695 1643 1746 κάδους
1669 1697 1752 1751 μὲν
1780 1687 1868 1738 οὖν

399 1774 590 1814 καλοῦσι
619 1768 818 1825 γαυλοὺς
847 1769 1012 1819 πάντες
1041 1767 1087 1809 οὗ
1113 1764 1431 1822 προγάστορες.

426 1866 654 1905 Athenaeus
703 1867 775 1913 11,
806 1864 928 1903 500e
969 1857 1209 1911 Ἀντιφάνης
1255 1859 1426 1913 Χρυσίδι
1469 1857 1656 1912 (Χρύσιδι
1686 1856 1740 1914 A)
1782 1861 1865 1899 κτλ.

317 1925 354 1961 1.
387 1927 439 1976 τῷ
471 1918 804 1974 σατραποπλούτῳ
834 1921 958 1959 Dobr.
981 1919 1085 1958 Adv.
1107 1918 1147 1956 ΙΙ
1169 1915 1269 1984 335]
1303 1916 1588 1985 σαπροπλούτῳ
1618 1918 1666 1957 A.
1725 1917 1764 1956 2.
1786 1913 1866 1954 ἐπι·

313 1976 483 2031 τρόπους
514 1979 755 2028 corruptum.
870 1978 910 2015 4.
951 1977 1072 2015 etiam
1103 1972 1272 2024 τριήρεις
1303 1976 1343 2013 et
1372 1971 1606 2025 τραγέλαφοι
1634 1972 1890 2024 poculorum*

314 2038 408 2075 sunt
424 2049 580 2086 geneia.
612 2035 662 2074 cf
680 2035 827 2074 Athen.
846 2033 958 2072 500f
974 2035 1013 2071 et
1032 2031 1187 2081 Epinic.
1212 2031 1249 2080 2,
1265 2031 1302 2068 8.
1333 2031 1479 2069 Eubul.
1498 2031 1565 2071 48.
1597 2030 1752 2069 Alexid.
1773 2029 1866 2068 106.

314 2094 354 2131 5.
388 2093 558 2142 Hesyoh.
589 2090 778 2155 γαυλοί
808 2104 875 2128 και
905 2084 951 2127 τὰ
980 2082 1194 2125 Φοινικικα
1223 2088 1366 2125 πλοῖα
1395 2088 1536 2138 γαῦλοι
1565 2087 1830 2125 καλοῦνται..

311 2145 417 2194 τινὲς
448 2146 492 2186 δὲ
521 2146 588 2187 καὶ
617 2142 690 2206 τὰς.
715 2145 903 2199 χύτρας
933 2141 1106 2197 γαυλοὺς
1137 2143 1314 2185 καλοῦσι.
1361 2144 1479 2182 etiam
1512 2157 1550 2182 v.
1575 2144 1599 2182 6
1631 2143 1756 2182 altera
1775 2155 1866 2192 pars

313 2207 501 2255 corrupta
530 2207 602 2246 est.
662 2218 692 2243 ω
705 2218 724 2250 ς
754 2202 974 2255 προγάστορ
983 2217 1008 2240 α
1019 2200 1070 2248 ς’.)

1053 2310 1137 2354 225

912 2393 1113 2445 τέτταρες
1144 2386 1186 2430 δ’
1219 2386 1483 2444 αὐλητρίδες

520 2464 670 2517 ἔχουσι
699 2460 868 2516 μισθὸν
898 2458 972 2501 καὶ
1001 2458 1208 2513 μάγειροι
1238 2456 1435 2510 δώδεκα,

521 2530 595 2572 και
625 2529 892 2584 δημιουργοὶ
922 2526 1096 2581 μέλιτος
1126 2525 1333 2566 αἰτοῦσαι
1364 2522 1552 2579 σκάφας

427 2625 654 2663 Athenaeus
685 2623 858 2673 4‚172c
897 2618 957 2659 ότι
987 2617 1031 2659 δὲ
1062 2617 1310 2686 ἐκεχώριστο
1322 2631 1369 2655 τα
1398 2613 1465 2667 τῆς
1496 2613 1738 2680 ὑπουργίας]
1766 2629 1864 2666 πεμ-

315 2676 450 2731 μάτων
478 2677 551 2731 μὲν
581 2683 839 2732 προνοουσῶν
868 2683 946 2716 τῶν
984 2675 1253 2728 δημιουργῶν,
1292 2669 1560 2725 ὀψαρτυτικῆς
1597 2670 1642 2712 δὲ
1680 2672 1760 2712 τῶν
1788 2685 1864 2724 μα·

314 2737 478 2788 γείρων,
503 2732 745 2787 Ἀντιφάνης
776 2729 993 2798 διεσάφησε
997 2749 1020 2772 ν
1049 2731 1094 2772 ἐν
1123 2729 1295 2784 Χρυσίδι
1325 2727 1450 2776 οὕτως
1479 2732 1560 2769 κτλ.
1610 2744 1646 2770 v.
1669 2730 1695 2767 3
1724 2729 1865 2768 Eusta-

313 2795 420 2833 thius
454 2795 573 2843 1858,
596 2795 664 2833 53.
755 2794 793 2831 2.
826 2785 999 2842 δωδεκα]
1034 2801 1085 2833 [Β
1115 2789 1163 2827 A.
1260 2789 1299 2826 3.
1323 2785 1517 2826 αἰτεῦσαι
1546 2787 1661 2825 Eust.
1691 2785 1863 2851 Hesych.

314 2846 592 2902 δημιουργός“.
612 2846 809 2901 ..λέγεται
840 2844 883 2886 δὲ
911 2845 977 2886 καὶ
1005 2843 1107 2897 γυνὴ
1129 2839 1385 2896 δημιουργός,
1416 2839 1444 2891 ἢ
1474 2841 1527 2881 ἐν
1557 2845 1659 2888 τοῖς
1688 2839 1864 2893 γάμοις
