1890 3190
605 196 811 232 ΑΔΒΛΩΝ
836 179 1104 231 nummu
1563 194 1640 237 127

815 297 897 340 287

218 375 317 422 ἐπεὶ
347 376 392 420 δ’
416 375 440 420 ὁ
469 379 657 432 τρίπους
684 374 835 432 ἤρθη,
867 373 979 419 κατὰ
1012 377 1176 431 χειρῶν
1206 373 1248 417 τ’
1273 377 1451 431 εἴχομεν
1474 400 1529 408 —

189 471 421 512 Athenaeus
451 473 496 521 2,
519 471 616 511 491)
648 466 894 520 Ἀντιφάνης
933 471 1014 509 κτλ.
1071 469 1307 510 Euanthius
1339 470 1433 520 7-10,
1459 471 1509 510 16
1539 482 1643 520 παρ-

73 522 161 595 {yet
189 526 259 568 καὶ
284 524 561 581 Ἀντιφάνην
562 524 725 567 εἰπόντα
755 527 838 568 κτλ.
927 540 946 564 τ
956 521 1167 579 ἐἴχομεν]
1200 523 1360 577 ἐχέομεν
1391 526 1503 567 Euat.
1535 526 1642 578 quod

51 586 110 627 'si
138 586 341 638 probetur,
373 582 534 636 ἐχέαμεν
564 587 699 624 tamen
729 583 983 624 scribendum
1004 586 1076 631 est,
1109 583 1184 622 ut
1173 596 1253 623 mm
1275 582 1447 626 Meinek.
1468 584 1530 624 ed.
1550 583 1642 623 mai.

49 658 51 663 ¹
76 644 120 683 nt
157 639 256 682 κατὰ
295 646 440 707 χειρῶν
468 654 629 692 prorsus
659 653 731 692 pro
762 640 1014 680 substantivo
1044 642 1125 680 est:
1170 635 1270 678 κατὰ
1301 644 1446 691 χειρῶν
1475 636 1643 709 (χειρὸς)

76 695 251 750 διδόναι,
274 693 506 751 λαμβάνειν,
530 701 571 739 et
583 698 754 749 figurate
770 695 902 736 πάντα
922 709 989 748 μοι
1009 690 1056 735 τὰ
1075 694 1287 749 πράγματα
1305 693 1406 735 κατὰ
1427 690 1602 750 χειρὸςτ
1575 712 1640 748 ην.
1692 729 1695 731 ,

77 755 239 808 Philyll.
258 756 296 796 3.
328 755 503 796 Nicostr.
522 756 589 795 25.
621 755 781 794 Alexid.
804 755 900 803 261,
923 754 961 792 2.
991 754 1177 793 Menand.
1208 753 1291 792 457
1323 754 1446 794 Mein.
1496 755 1643 794 Arche-

46 811 155 859 7ᾱίο.
187 813 228 864 2,
249 813 289 852 3.
339 812 520 852 Pherecr.
556 812 649 863 146,
681 814 721 852 5.
780 809 937 863 εἴχομεν
977 813 1110 851 autem
1147 811 1251 851 idem
1292 812 1353 850 est
1391 811 1500 862 quod
1539 806 1642 862 εἰλή-

80 882 234 922 φειμεν.
265 892 321 900 -
350 865 373 908 ὁ
403 868 580 922 τρίπους,
611 865 816 908 τουτέστιν
843 864 870 919 ἡ
903 865 1086 919 τράπεζα.
1120 867 1232 908 must.

813 978 898 1021 288

353 1057 378 1103 ὁ
406 1059 548 1116 μηδὲν
578 1057 749 1102 ἀδικῶν
779 1055 968 1108 οὐδενὸς
998 1058 1139 1101 δεῖται
1169 1054 1326 1127 νόμου.

195 1154 389 1194 stobaeus
418 1154 558 1194 Floril.
590 1155 711 1202 9,16
738 1147 1007 1220 Ἀντιφάνους
1036 1153 1074 1192 A
1103 1151 1219 1194 Voss.
1252 1154 1393 1192 Arsen.
1417 1153 1521 1194 Viol.
1549 1154 1643 1193 128.

74 1205 342 1260 Ἀντιφῶντος
373 1210 506 1254 Trinc.
592 1206 726 1262 μηθὲν
756 1212 796 1250 et
825 1202 1000 1257 οὕθενος
1030 1211 1080 1250 A.

817 1319 902 1363 289

354 1401 396 1443 εἰ
421 1397 591 1456 θνητὸς
620 1397 681 1455 εἷ,
711 1400 939 1455 βέλτιστε,
969 1397 1119 1455 θνητοὶ
1150 1398 1226 1442 καὶ
1256 1398 1431 1455 φρόνει.

193 1494 387 1535 Stobaeus
419 1495 557 1535 Floril.
580 1495 684 1543 21,4
710 1491 976 1543 Ἀντιφάνους
1006 1494 1043 1533 A
1065 1492 1200 1546 Voss.]
1223 1491 1490 1544 Ἀντιφῶντος
1511 1494 1644 1534 Trinc.

81 1552 277 1591 Maximus
307 1551 423 1591 Gonf.
453 1553 508 1591 80
537 1565 575 1602 p.
600 1553 695 1591 158.

820 1662 905 1704 290

355 1744 433 1798 τῆς
463 1741 715 1797 ἐπιμελείας
744 1741 887 1784 δοῦλα
917 1740 1066 1784 πάντα
1095 1743 1280 1796 γίνεται.

198 1824 394 1864 Stobaeus
423 1825 564 1864 Floril.
587 1825 716 1871 29,51
747 1820 1012 1872 Ἀντιφάνους
1042 1824 1176 1864 Trinc.
1208 1836 1286 1863 om.
1320 1825 1368 1862 A.
1421 1824 1525 1863 idem
1556 1837 1645 1864 ver-

84 1894 151 1921 sus
182 1882 370 1921 Menand.
403 1884 574 1921 monost.
605 1882 701 1920 494.
1442 1892 1450 1902 ·

821 1934 903 1977 291

354 2013 520 2070 τρόπος
549 2014 724 2064 δίκαιος
754 2013 897 2070 κτῆμα
926 2012 1208 2068 τιμιώτατον.

199 2109 394 2150 Stobaeus
431 2109 572 2149 Floril.
611 2110 685 2159 37,
718 2110 769 2148 13
804 2104 1070 2158 Ἀντιφάνους
1110 2110 1159 2149 Α.
1228 2107 1371 2149 Arsen.
1405 2108 1509 2148 Viol.
1552 2109 1647 2149 129.

86 2167 271 2207 Menand.
301 2169 469 2206 monost.
501 2167 595 2205 717.

822 2253 907 2295 292

358 2331 419 2384 ὥς
448 2335 541 2377 ἔστι
571 2331 622 2375 τὰ
650 2340 812 2388 γαμεῖν
842 2333 1031 2388 ἔσχατον
1060 2334 1142 2375 τοῦ
1172 2333 1428 2388 δυστυχεῖν.

201 2428 397 2468 Stobaeus
433 2427 572 2467 Floril.
613 2428 687 2478 68,
718 2428 770 2466 27
805 2421 1071 2475 Ἀντιφάνους
1108 2427 1158 2466 A.
1226 2428 1368 2467 Arsen.
1403 2426 1509 2467 Viol.
1552 2427 1648 2466 130.

88 2488 158 2524 τοῦ
186 2487 328 2537 γαμεῖν
349 2507 402 2513 -
423 2479 467 2523 τὸ
497 2483 534 2524 δ.
556 2485 605 2523 A.
650 2487 693 2523 at
722 2484 877 2523 dixerat
906 2484 991 2524 sine
1023 2483 1144 2523 dubio
1174 2487 1293 2535 poessa
1322 2497 1518 2524 summam
1548 2484 1648 2523 cala·

45 2555 47 2557 ¹
88 2541 266 2582 mitatem
298 2554 382 2581 esse
411 2541 586 2592 nuptias.

757 2650 853 2695 293.
883 2650 969 2694 294

360 2728 530 2773 ἅπανθ’
555 2727 579 2773 ὁ
609 2728 738 2785 λιμὸς
765 2730 933 2785 γλυκέα
964 2728 1083 2785 πλὴν
1115 2727 1258 2772 αὐτοῦ
1288 2736 1417 2773 ποιεῖ’.

368 2819 1396 2831 .............

360 2856 493 2897 πενία
523 2853 609 2909 γάρ
641 2853 765 2897 ἐστιν
794 2853 821 2910 ἡ
852 2854 1034 2910 τρόπων
1065 2852 1348 2903 διδάσκαλος.
