1864 3204
403 211 623 246 xopnmz
647 229 690 236 —
715 210 926 247 ΑΔΗΛΩΝ
951 210 1218 246 ΔΡΑΜΑΤΩΝ
1506 196 1590 252 393

27 315 144 357 Thes.
185 312 321 371 (ἐλάα)
357 316 566 367 proposuit
601 313 718 355 ἐλῶν.
767 316 883 356 scrib.
915 311 970 355 οὐ
999 316 1252 355 θλαστων.
1302 316 1352 355 cf.
1384 315 1594 366 Aristoph.

29 372 83 414 fr.
104 374 201 414 393.
288 374 329 413 4.
359 375 505 412 κνῖσαν
533 373 671 412 Dindf.
675 369 693 426 ]
723 371 905 413 κνίσσαν.
973 370 1172 439 πλείονα]
1204 371 1323 411 πίονα
1354 373 1475 412 Mein.
1505 397 1508 401 ›
1553 373 1593 412 6.

27 425 298 481 ὑπερηφάνως
329 430 480 470 Iacobs.
502 430 608 470 Add.
631 430 727 470 Ath.
748 427 822 482 50]
853 424 1128 481 ὑπερήφανος.
1209 431 1248 469 9.
1281 427 1419 482 ἰχθῦς]
1453 427 1595 480 ἰχθύες

29 486 76 527 Β.
167 488 234 527 12.
265 481 490 538 ἠσχολεῖθ’,
530 482 551 525 ὁ
594 486 800 526 Herwerd.
833 486 959 526 ·'.Anal
999 487 1086 525 crit.
1108 484 1182 539 41]
1220 482 1435 537 ἠσχολεῖτο.
1526 487 1593 525 14.

27 539 356 595 οἶκεδεδείχηί>

144 601 196 641 ad
226 601 443 641 Hesionam
470 599 670 640 rescrebat
699 599 752 639 H.
783 600 917 640 Iacobi
947 600 1067 640 Mein.
1101 600 1137 638 V
1159 612 1277 640 ccxv.
1368 601 1405 640 1.
1446 597 1597 639 ἔλαθον

28 671 83 710 γ.,
112 658 138 697 i.
160 671 194 698 e.
226 659 339 704 clam,
368 669 450 698 mm
478 661 637 698 vocatus
665 660 711 697 ut
739 658 936 708 parasitus
967 658 1131 708 perveni
1161 658 1211 696 ad
1242 670 1392 696 cenam.
1454 659 1494 696 5.
1527 653 1594 695 καὶ

29 716 163 780 λῆρος.
214 714 395 766 exempla
424 715 625 766 congessit
653 714 803 754 Iacobs
834 714 942 754 Add.
974 714 1070 754 Ath.
1102 715 1172 754 49.
1261 716 1300 753 6.
1341 718 1422 753 τῶν
1446 709 1594 766 Ωρῶν,

30 772 125 823 quia
154 771 312 812 delicias
343 771 522 811 omnium
553 772 647 811 anni
675 773 902 822 temporum
933 771 1187 811 continebat.-
1259 772 1297 810 7.
1329 766 1350 809 ὁ
1381 769 1501 818 πόλος
1533 773 1596 810 est

30 829 206 868 universi
237 829 376 868 mundi
406 841 628 880 compages.
690 840 693 842 ·
719 829 764 873 8.
787 830 991 869 zodiacum
1021 828 1131 878 dicit,
1163 829 1206 867 in
1226 841 1303 878 quo
1325 828 1410 878 ipso
1434 841 1595 879 quoque

30 888 124 925 sunt
152 886 301 936 pisces,
333 885 470 933 haedi,
501 886 691 936 scorpius.
784 886 849 925 10.
881 881 973 939 ᾠῶν
1001 880 1188 936 ἡμίτομα,
1215 887 1322 933 flava
1352 885 1436 924 scil.
1528 885 1591 923 14.

30 943 201 983 cribrum
230 943 326 991 facit
355 943 532 993 patinam
563 954 610 982 eo
640 942 747 993 quod
777 942 1017 982 suavissima
1045 955 1224 993 quaeque
1255 942 1347 982 inde
1378 942 1501 983 tollit.

262 1146 331 1195 τίς
360 1143 466 1200 δῆθ’
487 1141 708 1200 ὑγιαίνων
738 1147 854 1187 νοῦν
883 1143 925 1187 τ’
949 1145 1063 1200 ἔχων
1093 1146 1236 1202 τολμᾷ
1266 1158 1373 1187 ποτε

261 1220 437 1269 γαμεῖν,
469 1214 828 1270 διαπραξάμενος
857 1211 988 1269 ἥδιον
1016 1213 1142 1268 βίους

265 1277 345 1324 εἶτ’
368 1279 467 1336 οὐχὶ
497 1281 703 1335 κρεῖττόν
734 1280 829 1324 ἐστι
859 1283 921 1339 τῷ
951 1278 995 1336 γ’
1018 1282 1166 1336 ἔχοντι
1195 1283 1312 1324 νοῦν

263 1348 424 1404 ἄτιμον
454 1346 570 1393 εἶναι
598 1351 773 1405 μᾶλλον
802 1347 832 1405 ἦ
861 1347 1044 1405 γυναῖκ’
1068 1350 1208 1405 ἔχειν;

212 1427 233 1458 5
264 1419 418 1474 πολλῷ
448 1433 520 1473 γε·
552 1415 658 1469 τούς
685 1417 770 1474 μὲν
798 1421 915 1473 γοῦν
945 1415 1130 1474 ἀτίμους
1160 1415 1244 1460 οὐκ
1276 1417 1328 1475 ἐᾷ

263 1483 409 1541 άρχήν
439 1486 658 1542 λαχόντας
688 1482 712 1529 ὁ
741 1485 880 1542 νόμος
910 1483 1065 1541 ἄρχειν
1092 1488 1185 1529 τῶν
1215 1486 1370 1536 πέλας·

265 1553 381 1596 ἐπὰν
411 1553 461 1597 δὲ
490 1553 655 1610 γήμῃς,
688 1552 796 1597 οὐδὲ
826 1556 1000 1597 σαυτοῦ
1030 1553 1192 1608 κύριον

265 1622 436 1673 ἔξεστιν
466 1618 603 1665 εἶναι·
637 1621 717 1672 τὰς
744 1619 832 1677 γὰρ
864 1619 1066 1672 εὐθύνας
1094 1621 1242 1677 μόνον

267 1687 543 1745 έφημερινας
572 1686 650 1740 τὰς
678 1692 762 1733 τοῦ
791 1691 897 1745 βίου
926 1689 1197 1745 κεκτήμεθα.

148 1784 343 1824 Stobaeus
362 1785 499 1824 Floril.
523 1785 590 1833 68,
601 1785 625 1823 2
643 1780 836 1832 Ἀλέξιδος
857 1785 904 1824 Α.
974 1785 1012 1824 2.
1042 1780 1178 1837 ἥδιον]
1207 1781 1372 1835 ἣδιστον
1391 1785 1439 1823 Β.
1470 1782 1600 1838 ᾔθεον

35 1842 156 1883 Mein.
187 1842 230 1881 in
260 1840 372 1880 Stob.
404 1839 488 1895 ἰδία
516 1836 556 1907 γ’
579 1837 796 1892 ἀρξάμενος
826 1838 949 1893 ἥδιον
977 1841 1083 1893 βιων
1112 1842 1160 1883 Α.
1192 1841 1349 1881 Nauck.
1372 1841 1518 1880 Philol.
1539 1840 1598 1879 VI

32 1899 129 1938 419.
169 1880 486 1950 διαπραξάμενος
516 1893 587 1937 τὸν
615 1895 744 1952 ᾔθεον
772 1896 864 1950 βίον
893 1898 1030 1938 Cobet.
1061 1899 1210 1938 Mnem.
1239 1910 1332 1938 nov.
1354 1898 1394 1936 ΙΙ
1414 1898 1512 1937 426.
1558 1900 1600 1937 at

33 1954 129 2006 quid
160 1966 308 2006 quaeso
338 1957 400 1994 est
437 1952 819 2007 διαπράξασθαι
849 1951 922 1994 τὸν
949 1952 1022 2010 ᾔ.θ
1053 1954 1090 2006 β.
1100 1954 1121 1994 9
1170 1957 1211 1994 et
1242 1955 1332 2006 quis
1362 1955 1598 2005 priusquam

35 2024 204 2052 uxorem
234 2011 397 2051 duceret
433 2024 515 2052 non
551 2012 629 2052 fuit
663 2012 847 2052 caelebs?
908 2013 1027 2052 scrib.
1067 2008 1310 2060 διαπλέξας
1347 2007 1409 2050 ἂν
1445 2009 1598 2062 μόνος

35 2063 156 2119 ἡδίω
185 2066 289 2120 βίον,
319 2081 407 2108 cum
435 2070 540 2109 solus
567 2070 786 2109 suaviorem
815 2071 936 2110 vitam
965 2073 1126 2110 acturus
1155 2072 1263 2109 esset.
1303 2068 1351 2108 cf.
1374 2069 1500 2108 Arist.
1521 2067 1597 2108 Av.

37 2126 118 2164 754
147 2138 237 2165 cum
268 2126 460 2176 exemplis
488 2126 546 2165 ibi
576 2126 790 2177 congestis.
880 2126 919 2166 8.
951 2127 1066 2166 scrib.
1098 2121 1266 2177 μόνοι,
1297 2125 1325 2164 i.
1347 2138 1383 2164 e.
1404 2126 1476 2165 soli
1496 2127 1600 2165 enim

34 2184 170 2222 mar-iti
206 2183 384 2222 cotidie
420 2185 522 2223 vitae
557 2185 749 2223 rationem
778 2184 934 2224 reddere
964 2185 1164 2230 debemus,
1204 2183 1462 2234 magistratus
1493 2186 1599 2232 quot-

36 2240 155 2279 Μνησὶς
183 2239 474 2278 tantummodo.

270 2394 319 2437 ἓν
347 2391 435 2449 γάρ
465 2396 628 2450 νομίζω
658 2396 791 2438 τοῦτο
819 2397 914 2438 τῶν
944 2393 1262 2451 ἀνελευθέρων

270 2459 410 2516 εἶναι,
441 2462 492 2504 τὸ
522 2463 721 2517 βαδίζειν
750 2460 998 2518 ἀρρύθμως
1029 2463 1079 2505 έν
1108 2470 1206 2514 ταῖς
1233 2462 1376 2517 ὁδοῖς,

271 2527 371 2580 ἐξὸν
401 2531 571 2580 καλοῖς·
604 2524 661 2573 οὗ
689 2530 800 2586 μήτε
829 2530 1069 2585 πράττεται
1099 2531 1225 2582 τέλος

271 2597 426 2653 μηδεὶς
454 2595 541 2652 γὰρ
571 2595 710 2653 ἡμᾶς,
741 2596 849 2654 μήτε
877 2597 1011 2654 τιμὴν
1041 2598 1181 2641 δόντα
1212 2600 1284 2641 δεῖ

220 2674 240 2704 5
271 2664 435 2718 ἑτέρων
464 2666 636 2719 λαβεῖν,
667 2666 795 2721 φέρει
825 2666 875 2709 δὲ
904 2673 998 2717 τοῖς
1026 2666 1110 2721 μὲν
1141 2667 1387 2722 χρωμένοις

275 2732 405 2787 δόξης
433 2731 525 2775 τιν’
547 2733 702 2788 ὄγκον,
733 2741 826 2784 τοῖς
855 2732 899 2776 δ’
922 2731 1091 2789 ὁρῶσιν
1119 2731 1306 2789 ἡδονήν,

275 2801 447 2854 κόσμον
477 2800 527 2844 δὲ
558 2802 620 2857 τῷ
649 2802 757 2858 βίῳ,
789 2799 838 2844 τὸ
869 2804 1077 2844 τοιοῦτον
1107 2803 1239 2857 γέρας

274 2869 341 2917 τίς
370 2865 454 2911 οὐκ
483 2864 542 2911 ἂν
571 2866 695 2926 αὐτῷ
724 2872 866 2926 κτῷτο
897 2871 1090 2925 φάσκων
1120 2872 1234 2913 νοῦν
1266 2872 1405 2926 ἔχεως
