1864 3204
679 194 870 230 ΕΙΡΗΝΗ
895 173 939 220 -’
963 195 1048 229 ΙῼΝ
1569 191 1649 235 177

820 298 909 333 ΙῼΝ

839 377 893 419 37

307 455 417 513 μετὰ
445 459 588 499 ταῦτα
616 455 810 510 θύννων
839 454 1171 510 μεγαλόπλουτ’
1195 454 1447 498 ἐπεισέπλει
1517 506 1520 509 ¹

307 522 578 580 ὑπογάστρι’
601 522 770 578 ὀπτῶν,
802 523 853 565 αἵ
879 538 928 565 τε
958 523 1292 579 λιμνοσοόματοι

307 593 520 637 Βοιώτιαι
548 594 758 648 παρῆσαν
790 592 984 647 ἐγχέλεις
1011 591 1118 634 θεαὶ

309 659 460 704 τεῦτλ’
485 658 805 716 α’μπεχόμεναι.

203 757 434 796 Athenaeus
466 757 502 804 7,
527 755 678 795 300be
706 751 769 792 ὅτι
800 750 840 792 δ’
863 751 1014 805 ἤσθιον
1043 751 1111 800 τὰς
1142 752 1310 807 ἐγχέλεις
1340 753 1406 793 καὶ
1434 752 1529 806 μετὰ
1563 752 1651 793 τεύ-

85 815 189 853 τλων
218 810 490 861 ἐντυλίξαντες
519 809 586 850 καὶ
607 808 819 863 Εὔβουλός
851 822 1022 862 φησιν..
1041 809 1107 851 ,ἐν
1116 809 1232 850 Ἴωνι
1253 813 1333 850 κτλ.
1386 825 1423 851 v.
1445 814 1481 850 1.
1501 813 1524 850 2
1548 812 1654 850 idem

87 873 124 918 7,
144 870 261 911 302d
298 867 518 908 ἐπαινεῖται
555 865 601 906 δὲ
640 873 710 907 τοῦ
748 867 893 936 ἰχθύος
930 866 1071 908 τούτου
1103 883 1148 907 τα
1181 865 1452 920 ὑπογάστρια,
1492 865 1546 915 ὡς
1587 866 1653 906 καὶ

85 923 298 979 Εὔβουλός
328 936 454 977 φησιν
484 918 555 964 ἐν
555 918 660 964 Ἰωνι
690 923 786 976 μετὰ
817 930 943 964 ταῦτα
966 949 1018 954 ——
1039 921 1186 966 ὀπτῶν.
1287 928 1323 965 1.
1354 939 1450 976 μετα
1483 927 1518 964 Α
1552 922 1654 978 302]

85 982 152 1023 και
179 981 276 1035 μετὰ
305 983 343 1022 A
373 984 469 1023 300.
578 979 674 1032 μετὰ
705 987 828 1021 ταῦτα
859 996 936 1025 om.
968 982 998 1022 C
1029 985 1126 1025 300.
1235 980 1454 1022 ἐπεισέπλει
1484 984 1520 1021 Α
1553 980 1653 1034 302]

76 1039 151 1080 ,ἐπὶ
180 1038 223 1079 σὲ
251 1042 346 1079 πλεῖ
369 1042 406 1079 Α
437 1041 534 1079 300.
623 1041 661 1081 3.
692 1044 882 1093 παρῇσαν
911 1040 1032 1080 Mein.
1064 1041 1180 1079 Anal.
1212 1040 1310 1080 Ath.
1345 1041 1439 1079 132.

204 1094 504 1147 1.ἐπεισε’πλει,
534 1099 580 1136 ut
610 1094 853 1148 ἐπιχορεύειν
881 1097 1123 1148 Diphil.44,
1150 1099 1184 1136 1.
1217 1098 1283 1147 64,
1306 1098 1345 1147 4,
1378 1094 1657 1147 ἐπιβακχεύειν

85 1156 260 1195 Nicostr.
291 1151 476 1207 (Philet.)
507 1154 547 1202 4,
573 1155 609 1202 1,
643 1150 842 1192 ἕπιδονεῐν
871 1154 1037 1204 Antiph.
1063 1128 1162 1204 185,
1196 1151 1426 1219 ἐπιρροθεῖν
1457 1153 1578 1204 Soph.
1602 1154 1654 1191 fr.
1680 1191 1684 1194 .

88 1214 168 1252 691
192 1212 244 1250 N.
294 1212 344 1252 ef.
375 1210 540 1262 Antiph.
577 1211 671 1250 207.
721 1210 880 1250 Alexid.
915 1212 1010 1250 117.
1129 1212 1167 1250 2.
1206 1206 1490 1262 λιχνοσώματοι
1521 1211 1654 1259 Mein.,

85 1265 403 1320 λιπαροσώματοι
440 1267 489 1310 G.
516 1267 565 1306 A.
596 1267 800 1318 Hirschig.
831 1267 938 1306 Ann.
970 1268 1056 1307 erit.
1090 1269 1135 1318 6,
1178 1264 1433 1318 λειοσώματοι
1461 1267 1657 1306 Valcken.

89 1325 148 1378 (et
177 1325 317 1366 Cobet.
348 1325 400 1364 N.
431 1325 457 1364 1.
491 1320 606 1377 138).
657 1324 755 1363 mihi
791 1298 1161 1375 χιονοστόματόι
1200 1325 1452 1365 scribendum
1482 1324 1654 1363 videtur.

87 1384 135 1422 cf.
168 1380 333 1449 Antiph.
365 1382 434 1421 49.
483 1381 680 1432 praeierat
708 1381 1001 1446 quodatnmodo
1032 1382 1246 1432 Euripides
1275 1382 1416 1421 Helen.
1440 1382 1521 1419 216
1554 1377 1657 1426 Ζεὺς

153 1437 383 1491 ,χιονόχρως
412 1435 565 1476 κύκνου
591 1442 722 1491 πτερῷ
753 1441 795 1476 et
825 1438 936 1477 euius
966 1439 1184 1478 auctoritas
1214 1439 1319 1489 apud
1351 1438 1521 1478 comicos
1550 1438 1658 1475 illius

86 1497 229 1537 aetatis
247 1509 330 1536 non
350 1497 482 1534 minus
501 1495 611 1535 valet
639 1494 882 1534 Philoxenus
913 1493 1127 1546 Cytherius
1158 1497 1304 1538 Athen.
1325 1496 1364 1546 4,
1393 1496 1468 1533 147
1480 1508 1504 1533 a
1532 1492 1658 1544 μάζας

87 1551 332 1605 χιονόχροας.
384 1548 605 1604 λευκόχρως
635 1551 818 1603 anguilla
849 1552 998 1591 dicitur
1028 1553 1094 1603 35,
1118 1554 1157 1591 2.

842 1662 898 1705 38

337 1741 529 1798 τρύβλια
560 1741 611 1785 δὲ
643 1740 718 1783 καὶ
747 1739 941 1795 βατάνια
971 1742 1046 1784 καὶ
1076 1742 1302 1798 κακκάβια
1334 1742 1408 1785 καὶ

335 1806 530 1852 λοπάδια
560 1808 636 1851 καὶ
666 1810 862 1853 πατάνια
891 1807 1062 1852 πυκινὰ
1093 1811 1268 1866 ταρφέα

337 1874 467 1920 κούδ’
490 1893 550 1920 αν
581 1876 726 1932 λέγων
760 1877 947 1933 λέξαιμι.

203 1974 433 2013 Athenaeus
464 1972 655 2022 4‚169f
691 1969 900 2023 Εὔβουλος
940 1970 1014 2011 ἕν’
1014 1971 1118 2012 Ἰωνι
1147 1971 1214 2012 καὶ
1242 1971 1417 2025 βατάνια
1448 1969 1659 2026 (βατάνεια

91 2030 147 2086 A)
178 2045 246 2070 και
273 2028 450 2069 πατάνια
479 2023 691 2082 (πατάνεια
720 2026 776 2083 Α)
808 2027 910 2081 λέγει
941 2027 985 2068 ἐν
1014 2029 1167 2077 τούτοις
1198 2032 1278 2070 κτλ.
1348 2044 1386 2069 v.
1408 2032 1444 2069 1.
1462 2030 1486 2067 2
1517 2030 1661 2069 Pollux

95 2090 160 2136 10,
177 2090 258 2127 106
290 2084 334 2126 ἐν
354 2083 580 2154 Εὐβούλου
580 2083 699 2124 Ἴωνι
728 2084 882 2138 ει’ρηται
911 2084 1077 2139 τρύβλια
1108 2084 1152 2126 δὲ
1183 2084 1249 2126 καὶ
1278 2085 1453 2125 πατάνια
1473 2084 1541 2124 καὶ
1561 2100 1658 2124 κακ-

90 2141 211 2195 κάβια
239 2142 307 2183 καὶ
337 2141 520 2192 λοπάδια,
552 2138 606 2188 ὥς
636 2155 768 2194 ετερον
799 2139 847 2181 ὂν
866 2141 975 2195 παρὰ
998 2142 1072 2195 τὴν
1091 2141 1246 2183 λοπάδα
1267 2143 1383 2182 τοῦτο
1404 2148 1458 2197 τῷ
1477 2141 1656 2209 σχήματι.

93 2203 132 2241 2.
152 2202 216 2241 hic
236 2196 408 2240 πατάνια
429 2200 478 2239 Α.
547 2195 698 2248 ταρφέα
718 2195 834 2237 κούδ’
853 2196 924 2252 αν]
948 2201 1073 2253 ταρβα
1094 2199 1161 2240 καὶ
1181 2200 1310 2239 ουδαν
1328 2200 1380 2239 Α.
1442 2201 1480 2268 3.
1502 2194 1662 2251 λήξαιμι

91 2259 334 2298 Fritzsehius
353 2257 508 2296 Daetal.
526 2257 577 2294 73
598 2269 640 2295 n.
659 2257 712 2295 38
734 2257 837 2295 conl.
855 2256 973 2296 Rhes.
991 2259 1074 2298 874
1103 2254 1167 2297 ’ὅδ’
1191 2251 1244 2296 αὖ
1275 2254 1344 2295 τὸν
1372 2251 1498 2295 αυτὸν
1524 2258 1662 2304 μῦθον

93 2311 141 2353 οὐ
171 2311 276 2364 λήξει
304 2311 439 2366 λέγων.
478 2313 564 2352 iure
595 2313 831 2351 adversatur
861 2314 1085 2354 Meinekius
1115 2315 1178 2354 III
1200 2315 1281 2354 223
1303 2317 1345 2353 et
1367 2315 1461 2355 441.
1494 2309 1585 2352 οὐδ’
1609 2309 1662 2352 ἂν

93 2369 216 2423 λέγων
248 2368 398 2422 λέξαιμι
427 2370 531 2410 est‘
543 2381 592 2408 ‘ne
620 2370 656 2408 si
684 2371 874 2418 incipiam
903 2372 1057 2419 quidem
1086 2373 1209 2411 dicere
1241 2372 1363 2410 dicere
1386 2370 1567 2420 possim?

207 2426 378 2480 βατάνια
417 2429 458 2466 et
493 2420 669 2463 πατάνια
704 2426 891 2491 coniungi
931 2429 1112 2477 potuisse
1149 2429 1236 2467 iure
1273 2430 1396 2478 negat
1424 2426 1658 2466 Meinekius.

95 2499 186 2526 eum
215 2499 252 2524 v.
280 2489 295 2522 l
330 2484 475 2523 Pollux
503 2482 690 2533 praebeat
719 2477 908 2532 πατάνια,
940 2498 977 2523 v.
1004 2485 1028 2523 2
1059 2485 1313 2524 scribendum
1344 2486 1406 2523 est
1435 2482 1660 2535 τηγάνια.

98 2543 328 2582 Athenaeus
358 2541 451 2579 fort.
485 2539 646 2589 scripsit
676 2535 751 2576 ἕν’
751 2536 858 2577 Ἰωνι
888 2537 944 2577 τὰ
973 2538 1144 2590 βατάνια
1164 2539 1230 2580 καὶ
1250 2539 1422 2579 πατάνια
1444 2538 1556 2591 λέγει.
1593 2540 1662 2578 sed

96 2600 283 2648 corrupta
303 2599 396 2636 sunt
411 2597 531 2635 etiam
549 2592 701 2632 πυκινὰ
719 2592 885 2646 ταρφέα,
907 2596 1057 2638 formae
1071 2598 1178 2649 apud
1194 2598 1378 2649 comicos,
1401 2598 1442 2635 in
1463 2596 1659 2635 trimetris

99 2655 348 2705 praesertim,
376 2653 595 2692 inauditae.

304 2784 422 2829 οὕτω
452 2781 620 2842 σφόδρ’
645 2781 742 2826 ἐστὶ
770 2781 878 2836 τούς
906 2787 1103 2842 τρόπους
1132 2786 1370 2839 Βοιώτιος,

303 2852 413 2897 ὥστ’
436 2854 542 2900 οὐδὲ
573 2858 789 2906 δειπνῶν,
822 2852 880 2906 ὥς
910 2854 1108 2910 λέγουσ’,
1133 2845 1457 2910 ἔμπίμπλαται.

168 2924 285 2956 coinici
304 2932 420 2963 graeei.
442 2932 490 2958 ed.
509 2932 570 2959 Th.
589 2932 708 2957 Kock.
739 2931 781 2957 11.
1205 2937 1208 2940 ⁴
1353 2926 1391 2955 12
