1864 3204
208 218 292 259 422
617 217 874 251 ΔΙΟΔΩΡΟΤ
898 216 1105 251 ΑΔΗΛΟΤ
1123 216 1384 250 ΔΡΑΜΑΤΟΣ

213 318 375 360 ἐπειδὰν
405 319 628 374 προσερύγῃ
657 318 726 374 Κ.]
760 318 894 370 ἐπειδὴ
915 317 1148 372 προσερύγοι
1167 320 1216 361 Α.
1292 316 1375 357 ἐπεὶ
1403 316 1477 369 μὲν
1505 319 1624 358 Mein.
1647 319 1764 361 Anal.

212 379 305 419 Ath.
340 379 434 418 104.
474 376 562 417 ἐπεί
588 391 645 425 τις
677 378 882 417 Herwerd.
917 377 1010 417 Obs.
1043 377 1132 416 crit.
1164 377 1231 425 81,
1262 388 1491 426 perperam:
1521 388 1614 415 nam
1643 376 1766 415 solius

210 435 372 484 patroni
407 436 486 473 fert
514 435 614 474 tales
643 435 809 473 iniurias
838 434 1048 484 parasitus.
1129 434 1196 474 36.
1227 428 1255 483 ἢ
1283 430 1438 484 Dindf.]
1471 429 1538 470 καὶ
1567 432 1618 471 A.
1699 433 1766 471 37.

212 487 310 542 ῥόδα
341 491 392 529 A.
454 489 579 541 φασὶν
607 488 675 543 Κ.]
706 488 863 539 ἔφασαν
892 490 941 528 Α.
1003 491 1069 528 38.
1103 486 1204 527 ἐπὰν
1233 486 1300 541 Κ.]
1333 484 1457 527 ἔπιδ’
1480 485 1532 526 ἂν
1561 489 1612 527 Α.
1669 484 1791 527 ἆπο·“

212 546 362 600 πάρδηι
407 547 456 587 Α.
564 549 631 587 39.
672 543 822 585 τούτων
851 544 994 599 Dobr.]
1027 544 1150 599 τούτῳ
1179 546 1228 584 A.
1325 541 1434 583 δεῖθ’
1467 541 1578 599 αὐτῷ
1608 544 1676 596 Κ.]
1708 543 1774 584 δεῖ

212 605 340 658 ταυτῷ
371 605 419 643 Α.
507 604 574 642 42.
609 602 704 656 νῦν]
737 603 833 642 νυνί
857 603 905 642 A.

331 661 378 699 de
402 662 594 710 parasitis
622 661 703 699 illis
733 661 1021 709 antiquioribus
1056 659 1106 698 cf.
1137 658 1362 698 Polemonis
1391 658 1636 708 aliorumque
1665 658 1770 708 apud

215 717 469 756 Athenaeum
499 717 808 756 234d-235d
838 716 1081 756 testimonia..
1170 717 1238 755 26.
1269 728 1350 754 non
1380 716 1487 754 casui
1518 715 1616 754 dicit
1643 727 1769 765 neque

219 775 318 814 sorti
347 774 486 813 urbem
517 774 771 821 commisisse,
804 774 871 824 qui
901 773 1066 824 parasiti
1096 772 1267 811 faciendi
1297 772 1538 822 viderentur,
1570 772 1640 811 sed
1661 783 1770 810 accu-

217 833 303 870 rate
330 843 655 880 unumquemque
685 830 867 880 elegisse.
956 831 1022 868 38.
1059 830 1095 868 si
1129 831 1322 879 patronus
1361 840 1447 867 cum
1476 829 1604 877 aliquo
1633 829 1772 868 horum

219 888 288 937 qui
318 900 424 925 nunc
455 889 548 926 sunt
577 887 839 937 parasitorum
869 886 1097 925 accumbens
1119 887 1285 935 pepedit,
1315 885 1512 934 parasitus
1541 885 1591 924 ab
1611 897 1652 924 eo
1674 886 1772 933 petit

216 948 259 983 ut
289 945 391 983 dicat
421 945 492 984 cet.
513 964 568 970 —
599 943 655 982 ita
684 945 729 982 ut
758 943 924 982 fecimus
954 944 1095 992 poetae
1125 943 1246 982 verba
1275 942 1503 992 refingenda
1533 953 1616 981 csse
1645 942 1771 980 mani·

216 1001 318 1040 festo
351 1001 465 1039 docet
495 1000 640 1039 codicis
661 999 698 1038 A
730 1013 767 1039 v.
793 1001 859 1039 38.
883 1001 907 1038 9
938 999 1226 1038 testimonium.

718 1144 1048 1178 ΜΑΙΝΟΜΕΝΟΣ
1072 1143 1271 1177 ΝΕΚΡΟΣ

329 1227 550 1276 Utramque
583 1226 757 1265 fabulam
786 1226 964 1264 Diotimo
995 1225 1194 1274 archonte,
1227 1226 1252 1263 i.
1275 1237 1308 1263 e.
1333 1223 1395 1263 Ol.
1420 1225 1516 1272 106,
1539 1226 1563 1263 3
1594 1224 1635 1263 in
1666 1236 1772 1263 scae-

216 1297 308 1322 nam
340 1283 539 1322 commisit
569 1283 760 1322 histrione
791 1295 885 1321 usus
915 1282 1204 1320 Aristomacho.
1265 1280 1308 1320 O.
1341 1281 1373 1319 Ι.
1404 1281 1423 1319 Ι
1454 1281 1548 1322 354,
1601 1280 1774 1320 Meinek.

217 1340 237 1378 I
268 1341 363 1379 419.
413 1339 598 1378 Kochler.
630 1339 662 1380 I.
694 1339 744 1399 A.
775 1352 814 1378 n.
838 1339 933 1377 972.

804 1485 1183 1519 ΠΑΝΗΓΤΡΙΣΤΑΙ

333 1559 368 1606 Α
402 1568 524 1607 Suida
554 1567 638 1606 solo
669 1567 979 1606 commemorata
1010 1579 1056 1604 ex
1083 1566 1279 1605 Athenaei
1307 1566 1411 1604 libro
1446 1566 1517 1615 12,
1558 1565 1627 1603 ubi
1656 1563 1772 1603 hodie

222 1626 377 1663 nullum
415 1625 498 1663 eius
529 1624 758 1674 vestigium.
808 1623 967 1673 scripsit
996 1635 1042 1662 eo
1073 1623 1234 1661 nomine
1264 1623 1438 1661 fabulam
1469 1622 1591 1670 Bato,
1633 1617 1771 1671 Ποινή-

222 1695 342 1733 γ-υριν
370 1681 563 1720 Philemo.
594 1680 766 1719 Meinek.
799 1679 819 1718 Ι
849 1681 945 1718 419.

750 1813 958 1848 ΑΔΗΑοΤ
982 1813 1245 1847 ΔΡΑΜΑΤΟΣ

985 1892 1012 1933 3

458 1969 544 2025 ἐγώ
575 1970 659 2024 μὲν
689 1963 773 2012 οὖν
803 1969 885 2012 τὸν
915 1970 1058 2024 νόμον
1089 1968 1266 2024 ἐμαυτῷ
1295 1968 1476 2011 τουτονὶ

452 2041 633 2092 τίθεμαι
664 2037 930 2092 δοκιμάζων,
962 2034 1113 2091 ὥσπερ
1146 2039 1316 2092 εἴρηται
1347 2043 1513 2079 ποιεῖν·

455 2113 661 2160 κρεῖττον
689 2104 776 2160 γάρ
809 2104 932 2147 ἐστιν
963 2097 1014 2146 εὖ
1044 2104 1359 2159 τεθραμμένην
1389 2105 1548 2158 λαβεῖν

456 2171 639 2228 γυναῖκ’
661 2171 883 2227 ἄπροικον
911 2170 942 2226 ἦ
972 2173 1120 2222 κακῶς
1148 2172 1258 2226 μετὰ
1291 2170 1544 2227 χρημάτων,

407 2250 427 2282 5
457 2238 541 2296 τὴν
572 2240 793 2295 ἐσομένην
823 2238 898 2282 καὶ
928 2241 1066 2281 ταῦτα
1095 2239 1285 2294 μέτοχον
1313 2242 1396 2281 τοῦ
1425 2241 1544 2294 βίου.

341 2336 534 2375 Stobaeus
564 2334 698 2373 Floril.
723 2335 787 2384 72,
811 2336 832 2371 1
867 2331 1072 2384 Διοδώρου
1102 2333 1151 2371 Α.
1242 2335 1277 2374 1.
1309 2330 1462 2371 τουτονὶ
1492 2332 1611 2372 Gesn.
1632 2330 1778 2385 marg]

227 2397 381 2432 τοῦτον.
470 2393 511 2430 4.
549 2389 699 2443 κακῶς]
740 2388 869 2440 κακὴν
900 2390 1075 2429 Grotius.
1127 2392 1169 2428 at
1206 2390 1469 2439 supplendum
1507 2385 1677 2443 (κακῶς)
1715 2402 1776 2428 τε-

228 2445 479 2501 θραμμένην.
575 2449 611 2487 5.
649 2445 715 2486 καὶ
751 2445 891 2498 ταῦτα]
929 2444 1023 2496 μετὰ
1060 2450 1183 2485 ταῦτα
1211 2446 1333 2485 Mein.
1363 2447 1405 2484 in
1436 2445 1545 2484 Stob.
1595 2446 1642 2484 cf.
1677 2458 1777 2496 quae

229 2506 503 2545 adnotavimus
533 2504 583 2544 ad
613 2503 738 2543 Arist.
770 2504 869 2542 Ran.
902 2504 996 2543 704.
1036 2524 1088 2530 —-—
1129 2504 1167 2542 2.
1199 2500 1372 2554 εἴρηται,
1402 2503 1444 2541 in
1473 2503 1529 2541 cis
1560 2502 1644 2541 scil.
1676 2514 1776 2552 quae

223 2563 440 2612 perierunt.
