1806 3216
163 155 247 197 534
782 147 1100 188 ’ΦΙΛΗΜοΝοΣ-

253 252 310 297 ἄν
340 254 382 297 δ’
415 253 689 296 ἀπαιδεύτου
718 254 914 310 μετάσχῃ
946 253 1199 308 πνεύματος
1229 254 1531 312 φορούμενος,

182 333 220 363 12
251 326 328 377 τῆς
358 320 545 376 ἀπορίας
576 322 638 372 εἰς
666 319 716 363 τὸ
748 324 890 377 γῆρας
919 319 1005 363 οὐκ
1035 323 1124 376 ἔχει
1155 325 1392 378 σωτηρίαν.

202 401 222 430 6
254 388 389 432 (ἄλλα
421 386 608 444 χρήματ’
641 390 762 431 ἔστιν
790 386 925 443 ἡμῖν’
982 387 1011 430 ἄ
1039 405 1089 444 γε
1121 388 1292 445 τάχιστ’
1325 389 1586 436 ἀπόλλυται.

248 456 472 513 (κτήματ’,
504 457 669 499 οἰκίαι.’
721 455 854 511 τύχης
886 455 935 498 δὲ
965 457 1216 512 μεταβολὰς
1246 456 1330 501 οὐκ
1361 457 1563 514 ἀγνοεῖς,

197 534 217 565 8
249 523 315 567 ὅτι
344 521 424 567 τὸν
455 523 652 579 εὔπορον
683 526 834 579 τίθησι
865 522 1042 578 πτωχὸν
1073 526 1136 575 εἰς
1165 524 1249 581 τὴν
1281 522 1458 580 αὔριον.

178 601 218 632 13
249 589 373 634 εἀλλ’
405 591 571 648 ἑταῖροι
601 590 675 634 καὶ
705 594 830 645 φίλοι
861 603 931 634 σοι
962 592 1036 635 καὶ
1066 594 1304 649 συνήθεις,
1336 593 1391 649 νὴ
1423 596 1537 649 Δία,

249 662 414 715 ἔρανον
446 661 753 716 εἰσοίσουσινξ
806 658 942 715 εὔχου
971 658 1030 715 μὴ
1061 663 1218 716 λαβεῖν
1247 669 1408 718 πεῖραν
1440 664 1607 718 φίλων·

183 738 222 768 15
254 728 294 769 εἰ
323 727 372 769 δὲ
402 726 484 782 μή,
515 727 681 782 γνώσει
712 726 904 770 σεαυτὸν
935 725 1040 770 ἄλλο
1070 728 1211 784 μηδὲν
1240 728 1360 785 πλήν
1392 729 1536 773 σκιάν.

280 821 471 860 Stobaeus
499 821 639 861 Floril.
662 822 737 870 30,
760 823 786 860 4
816 820 1039 872 Φιλήμονος
1071 823 1118 861 A
1209 837 1247 863 v.
1281 826 1317 866 6.
1352 827 1388 863 7.
1421 826 1446 863 8
1476 829 1568 875 post
1597 839 1636 866 v.
1669 828 1718 864 12

165 879 412 927 transposuit
437 878 616 916 Kiddius.
699 880 732 916 1.
765 875 824 929 τὸ]
845 876 920 930 γὰρ
944 879 1079 918 Cobet.
1098 880 1247 919 Mnem.
1264 880 1345 919 IIII
1369 883 1462 920 258.
1494 895 1533 920 τε
1553 882 1601 921 Κ.
1681 885 1720 922 2.

163 932 294 984 λήσεις
316 935 464 972 Mnem.
476 934 596 972 VIIII
616 931 718 987 120]
747 933 859 988 λήσῃ.
890 936 1033 987 ποιῶν]
1065 941 1204 975 πονῶν
1222 936 1255 975 Β
1275 950 1327 976 m.
1349 940 1384 977 1.
1475 940 1512 977 7.
1541 934 1698 990 ἀγνοεῖς

162 987 358 1037 ἐννοεῖς
396 1004 484 1030 oum
523 991 838 1041 interrogatione
875 995 967 1042 post
1003 990 1146 1043 αύριον
1174 994 1224 1033 Κ.
1327 995 1365 1035 9.
1397 990 1534 1045 τέχνης
1563 994 1695 1035 Bentl.

161 1045 293 1097 τύχης·
401 1048 465 1088 10.
505 1045 638 1085 ει’νεκα
679 1047 732 1099 Α]
771 1048 1012 1099 πείσματα
1051 1050 1100 1088 Κ.
1138 1046 1218 1103 (bis
1257 1051 1362 1100 apud
1400 1050 1504 1090 Plat.
1542 1051 1718 1103 philos..)

166 1106 230 1141 11.
274 1099 538 1155 ἀπαιδεύτου]
585 1098 895 1143 ἀπαίδευτον
939 1106 988 1144 Κ.
1039 1119 1248 1156 perperam
1293 1107 1424 1149 Bentl
1468 1103 1717 1156 ἀπαίδευτος.

162 1158 352 1213 μετάσχῃ]
387 1156 605 1213 κατάσχῃ
634 1160 683 1200 Κ.
772 1157 1035 1215 φορούμενος]
1068 1162 1296 1214 σφοδροῦ
1325 1161 1474 1214 μένος
1505 1165 1554 1203 Κ.
1576 1164 1716 1217 (Arist.

160 1217 260 1255 Aeh.
295 1218 388 1256 665.
420 1216 539 1266 Vesp.
571 1218 665 1254 424.
703 1230 821 1256 anon.
855 1221 908 1257 20
938 1215 1091 1273 Mein.).
1199 1222 1264 1259 13.
1296 1217 1376 1272 σοι]
1409 1221 1505 1259 fort.
1537 1234 1632 1271 μοι.
1663 1243 1717 1251 —-

162 1274 329 1311 alterum
367 1270 434 1311 καὶ
473 1286 550 1312 om.
581 1274 629 1314 A.
741 1276 803 1312 14.
843 1274 973 1324 φίλων
1007 1278 1150 1327 πεῖραν
1179 1275 1229 1315 Α.
1331 1278 1396 1316 1.5
1435 1272 1570 1342 γνώσῃ
1608 1279 1716 1318 libri.

163 1330 304 1368 deinde
334 1330 427 1368 fort.
461 1328 627 1368 σεαυτὸν
657 1326 714 1368 ου’
729 1328 772 1368 ὃ
761 1344 812 1369 εν
842 1328 1002 1384 (μηδὲν)
1034 1328 1135 1370 ὄντ’
1166 1328 1271 1371 ἀλλ’
1303 1329 1331 1384 ἢ
1359 1329 1486 1373 σκιαν.

893 1441 976 1482 214

274 1521 442 1561 Pseudo-
445 1522 683 1562 Plutarchus
711 1523 747 1561 V
778 1525 857 1563 617
892 1524 1019 1574 Wytt.
1051 1525 1112 1564 ed.
1144 1526 1236 1564 mai.
1268 1540 1365 1565 των
1393 1522 1618 1579 εύγενων
1646 1528 1716 1568 οἰ-

161 1581 320 1628 κεῐου,
359 1574 380 1616 ὁ
417 1577 607 1643 Φιλήμων
650 1577 771 1631 λέγει,
816 1577 935 1631 πρὸς
980 1578 1063 1619 τὸν
1105 1580 1319 1633 πόλεμον
1363 1581 1444 1622 καὶ
1486 1583 1719 1625 θάνατον

161 1629 383 1685 ὀρούειν,
417 1628 476 1681 ὡς
507 1635 679 1685 ἱερεῖα.
729 1637 777 1676 cf.
813 1638 904 1677 155.

901 1724 984 1767 215

274 1804 505 1844 Athenaeus
528 1807 592 1854 13,
614 1806 730 1845 594d
751 1803 976 1858 Φιλήμονος
997 1804 1153 1860 ἑταίρας
1175 1805 1425 1860 ἐρασθέντος,
1455 1809 1522 1850 καὶ
1540 1807 1716 1863 χρηστὴν

160 1857 312 1911 ταύτην
349 1856 619 1910 ὀνομάσαντος
658 1860 724 1900 δια
763 1867 833 1901 τοῦ
869 1862 1085 1915 δράματος,
1121 1861 1344 1917 ἆντεγραψε
1383 1864 1624 1920 Μένανδρος
1661 1865 1716 1916 ὥς

160 1914 350 1967 οὐδεμιᾶς
382 1916 502 1970 οὔσης
532 1922 715 1971 χρηστῆς.
892 1973 975 2015 216

272 2053 425 2092 Plinius
455 2054 508 2093 N.
530 2054 570 2092 h.
605 2055 675 2105 37,
701 2056 780 2094 106
812 2056 860 2094 de
891 2057 1153 2108 sardonyche.
1183 2059 1256 2099 hac
1284 2063 1380 2099 certe
1409 2061 1517 2109 apud
1544 2061 1715 2101 Menan-

159 2110 276 2149 drum
304 2114 338 2149 et
367 2111 631 2151 Philemonem
659 2112 818 2159 fabulae
846 2114 1087 2162 superbiwnt.

898 2211 980 2254 217

274 2290 404 2330 Schol.
437 2291 556 2341 Soph.
591 2291 688 2331 Oed.
711 2291 796 2332 Col.
817 2294 871 2331 42
902 2292 1093 2345 Φιλήμων
1122 2292 1166 2334 δὲ
1195 2292 1216 2334 ὁ
1247 2295 1420 2348 κωμικὸς
1450 2294 1583 2349 ἑτέρας
1614 2296 1713 2349 φησὶ

160 2361 227 2394 τας
258 2345 404 2396 σεμνὰς
435 2345 534 2395 θεὰς
565 2353 646 2387 τῶν
675 2344 924 2400 Εὐμενίδων.
975 2352 1110 2391 eadem
1143 2353 1299 2393 Suidas.

891 2449 975 2492 218

273 2528 410 2578 Steph.
432 2528 527 2579 Byz.
560 2526 748 2581 Κραστός.
791 2527 868 2581 ἔχει
896 2528 940 2569 δὲ
969 2528 994 2582 ἡ
1025 2531 1140 2579 πόλις
1158 2529 1482 2588 εὐπρεπεστάτας
1500 2537 1710 2586 γυναῖκας,

159 2579 213 2631 ὥς
246 2582 448 2636 Φιλήμων.
890 2641 974 2684 219

428 2715 508 2760 τὸν
539 2715 740 2774 αὐλητήν
770 2716 927 2762 αὐλεῖν

271 2797 417 2850 ταύτης
454 2797 647 2851 μέμνηται
676 2796 866 2852 Φιλήμων
903 2798 924 2842 ὁ
953 2802 1135 2854 κωμικός.
1183 2805 1326 2847 Miller.
1377 2806 1579 2857 Melanges
1610 2806 1706 2846 368.
