1864 3204
0 0 228 131 Vu-gss
248 0 314 38 ‘’¹³“
367 0 382 20 ;.

50 52 94 82 ’,ἵ
210 62 215 76 ⁴

0 198 19 291 3

465 222 723 257 ΔΡΩΠΙΔΗΣ
747 240 790 247 -
815 222 1292 259 ΕΚΚΗΡΊὝΤΟΜΕΝΟΣ
1578 223 1664 266 319

212 325 444 366 Athenaeus
463 328 654 374 14,613c
683 324 705 364 ὁ
737 324 932 375 ἔξοινος..
952 322 1067 378 .παρ’
1098 323 1264 376 Ἀλέξιδι
1296 324 1340 366 έν
1360 324 1666 381 Εἰσοικιζομένῳ

100 382 187 423 κτλ.
236 383 343 422 idem
376 384 450 431 15,
473 384 592 423 685f
618 380 746 430 οὕτως
777 380 968 437 (ἔξοινον)
1001 382 1135 436 εἴρηκε
1165 382 1238 423 τὸν
1264 380 1451 435 μεθύσην
1481 381 1552 437 (ef.
1584 385 1663 424 Lu-

100 440 201 480 cian.
232 439 423 480 Pseudos.
455 441 499 490 5)
530 438 681 488 ’Ἀλεξις
711 437 756 479 ἐν
794 438 1111 494 Εἰσοικιζομένῳ.
1200 488 1202 491 ,
1229 439 1350 480 ἐποίει
1390 442 1511 480 ταῦτα
1541 437 1577 480 τ’
1611 442 1664 481 A.

99 496 269 538 Porsoni
299 493 606 551 (Advers.146)
637 497 867 548 opinionem
895 501 1004 538 recte
1032 499 1169 539 reiecit
1198 498 1371 538 Meinek.
1403 499 1445 538 in
1473 499 1536 542 ed.'
1568 497 1665 538 min.

372 639 642 697 τρικότυλον
672 641 819 697 ψυγέα
853 585 910 628 64

208 722 364 773 ’Ἀλεξις
395 721 440 763 έν
470 721 774 779 Εἰσοικιζομένῳ
803 723 906 775 φησί
930 726 1011 763 κτλ.
1051 725 1282 765 Athenaeus
1315 728 1380 777 11,
1403 727 1485 765 502
1502 727 1540 765 d.
1588 727 1664 765 Eu-

101 781 273 820 stathius
308 782 428 829 1632,
455 782 519 819 12.
608 778 913 835 Εἰσοικιζομένῳ
944 779 1189 836 Schweigh]
1220 781 1447 836 οἶκιζομένῳ
1477 784 1528 822 A.

214 837 428 878 Praeterea
457 838 506 877 cf.
540 838 590 877 fr.
612 839 710 877 344.

706 942 787 984 1312
813 950 875 984 Το
901 950 1062 984 ΦΡΕΑΡ

218 1020 309 1059 Non
334 1015 388 1057 ‘H
415 1018 471 1066 εἰς
501 1015 545 1058 τὸ
577 1017 716 1072 φρέαρ.
748 1020 897 1060 Athen.
932 1021 969 1071 8,
993 1021 1112 1060 3400
1145 1019 1211 1072 (fr.
1234 1020 1321 1072 67).
1361 1022 1411 1061 of.
1433 1023 1599 1073 Lysipp.
1626 1024 1662 1064 1.

101 1076 182 1115 hui.
214 1076 274 1116 ed.
305 1076 324 1115 1
356 1077 450 1116 701.
530 1118 536 1123 ,
852 1130 908 1173 65

1105 1189 1218 1230 νυνί
1241 1187 1293 1231 τέ
1317 1204 1391 1244 μοι

310 1251 334 1296 ὁ
364 1253 584 1310 δεσπότης
613 1251 911 1311 προῦπεμψεν
942 1258 1074 1298 οἴνου
1103 1256 1323 1312 κεράμιον

304 1324 397 1365 τῶν
426 1322 620 1365 ἔνδοθεν
648 1321 885 1378 κομιοῦντ’
905 1321 1098 1367 ἐκεῖθεν.
1149 1326 1197 1367 Β.
1231 1324 1475 1380 μανθάνω·

293 1388 573 1445 ’ἐπιδόσιμον
603 1390 725 1447 παρὰ
756 1388 898 1434 τᾶλλα
928 1389 1052 1434 τοῦτ’
1076 1393 1213 1435 ἔσται.
1266 1397 1320 1436 Α.
1353 1395 1472 1448 φιλοῖ

253 1467 274 1499 5
304 1457 575 1514 αἰσθητικὴν
603 1461 765 1514 γραῦν.

213 1540 442 1580 Athenaeus
466 1541 504 1589 8,
522 1541 636 1581 364f
661 1537 895 1593 ὀνομάζουσι
926 1537 968 1580 δ’
991 1541 1032 1581 οἱ
1057 1539 1216 1594 άρχαίοι
1244 1541 1312 1582 καὶ
1342 1541 1555 1595 ἐπιδόσιμά
1576 1559 1663 1584 τινα

100 1596 246 1636 δεῖπνα
264 1627 273 1637 .
292 1628 301 1637 .
321 1595 489 1646 ,Ἄλεξις
518 1603 616 1650 γοῦν
647 1595 691 1637 έν
719 1603 767 1653 τῇ
797 1597 871 1646 Εἰς
902 1595 944 1638 τὸ
976 1596 1103 1652 φρέαρ
1132 1599 1237 1650 φησί
1261 1602 1343 1640 κτλ.
1436 1604 1473 1643 1.
1502 1599 1587 1655 μοι]
1617 1616 1663 1653 με

102 1654 324 1706 Schweigh.
402 1653 498 1692 νυνί
524 1652 568 1706 γε’
598 1668 656 1694 τοι
686 1655 808 1695 Mein.
898 1657 936 1696 2.
966 1652 992 1707 ἡ
1024 1655 1208 1702 δεσπότις
1238 1656 1461 1709 Schweigh.
1537 1658 1662 1711 πρού-

100 1718 262 1762 πεμψεν
290 1711 341 1750 A.
431 1713 469 1750 3.
500 1708 706 1763 κομιοῦντ’
731 1709 890 1752 ἐκεῖθεν
918 1709 971 1766 L]
1010 1718 1245 1765 κομιοῦντες
1275 1716 1416 1754 κεῖθεν
1444 1715 1493 1755 A.
1540 1712 1663 1755 ἐκεῖσε

101 1767 305 1807 Herwerd.
337 1768 484 1807 Mnem.
514 1781 607 1808 nov.
628 1768 687 1807 VI
718 1770 789 1808 69.
1297 1794 1301 1797 -

213 1825 509 1875 conloquuntur
545 1837 683 1865 servus
719 1828 760 1865 et
797 1826 880 1866 sive
919 1839 986 1865 era
1022 1826 1106 1867 sive
1137 1840 1329 1867 conserva.
1359 1829 1512 1880 vetula,
1561 1843 1661 1881 quae

101 1884 183 1920 tam
215 1882 343 1920 multa
374 1882 424 1920 ab
455 1894 522 1921 ero
551 1882 677 1933 gratis
706 1882 758 1922 ad
788 1895 926 1922 cenam
956 1883 1106 1923 alienae
1126 1884 1234 1924 domi
1255 1885 1532 1925 instruendam
1554 1887 1663 1925 mitti

100 1938 348 1988 indignatur.
438 1939 477 1978 5.
515 1941 681 1989 propter
718 1953 756 1979 v.
789 1941 814 1979 3
852 1952 977 1990 paene
1013 1953 1173 1980 necesse
1210 1943 1272 1980 est
1308 1955 1358 1981 ne
1389 1943 1496 1982 iocus
1527 1948 1665 1990 pereat

101 1994 219 2033 scribi
248 1992 542 2046 μαθητικὴν
570 2000 718 2046 γραῦν.
776 2009 864 2036 amo
894 2009 1019 2037 anum
1048 2001 1129 2037 tam
1160 1998 1252 2038 bene
1280 2011 1382 2049 quae
1412 2000 1525 2038 audit
1553 2002 1661 2039 intel-

99 2052 294 2101 leyen-tem.

853 2107 908 2150 66

937 2164 1049 2218 [τοῖς
1077 2162 1250 2220 ἄρτοις]
1284 2163 1391 2215 ὅσας

373 2228 520 2272 ἱστᾶσι
550 2230 742 2284 παγίδας
771 2230 818 2273 οἱ
843 2232 1119 2287 ταλαίπωροι
1148 2234 1318 2288 βροτοί.

214 2299 442 2340 Athenaeus
473 2301 519 2351 3,
545 2302 624 2340 109
641 2302 666 2340 b
704 2298 789 2341 ἐπεὶ
825 2299 870 2340 δὲ
898 2297 978 2353 ἤδη
1006 2299 1119 2355 ἄρτοι
1140 2303 1433 2355 εἰσεκομίζοντο
1463 2304 1530 2345 καὶ
1559 2308 1660 2357 πλῆ-

100 2358 178 2402 θος
207 2352 269 2394 ἐπ’
288 2351 423 2404 αὐτοῖς
443 2356 714 2397 παντοδαπῶν
741 2352 975 2411 βρωμάτων,
1005 2355 1240 2411 ἀποβλέψας
1271 2360 1327 2407 εἰς
1356 2357 1460 2400 αὐτὰ
1481 2360 1558 2413 ἔφη
1579 2366 1659 2410 τοῖς

98 2410 232 2464 ἄρτοις
263 2414 360 2463 κτλ.,
391 2411 518 2464 φησὶν
529 2411 682 2461 ’Ἄλεξις
704 2411 748 2453 ἕν
769 2419 816 2469 τῇ
838 2414 911 2462 Εἰς
932 2412 975 2454 τὸ
995 2413 1133 2468 φρέαρ.
1155 2417 1197 2456 in
1216 2417 1278 2456 his
1298 2412 1432 2469 ἄρτοις
1455 2423 1518 2459 est
1539 2421 1659 2458 Athe-

100 2470 190 2508 naei
219 2470 352 2520 inepte
381 2472 427 2509 ut
455 2470 559 2510 solet
579 2470 758 2510 Alexidis
788 2472 910 2511 verba
937 2485 1030 2512 suae
1060 2474 1283 2514 sententiae
1303 2476 1656 2515 accommodantis.

100 2529 219 2577 poeta
247 2528 412 2578 πτηνοῖς
440 2527 505 2567 vel
534 2527 614 2567 tale
643 2527 796 2578 aliquid
825 2529 1050 2579 scripserat.

852 2616 904 2659 67

215 2684 442 2725 Athenaeus
473 2687 522 2735 8,
544 2685 655 2724 3400
691 2682 737 2725 τᾶ
766 2681 867 2726 αὐτὰ
898 2686 1057 2739 ἰαμβεῖα
1087 2684 1154 2742 (fr.
1186 2688 1287 2740 247)
1318 2686 1476 2742 φέρεται
1505 2687 1584 2730 κάν
1614 2697 1660 2746 τῇ

100 2737 400 2795 ἐπιγραφομένῃ
429 2741 503 2788 Εἰς
532 2739 573 2780 τὸ
603 2739 740 2795 φρέαρ.

641 2831 1117 2868 ΕΚΚΗΡΤΤΤΟΜΕΝΟΣ

214 2877 275 2917 Cf.
309 2875 623 2929 Κηρυττόμενος.
