1806 3216
467 197 777 234 ΚῙΘΔΡΩΙΔΟΣ
801 216 842 224 -—
868 196 1206 234 ΠΔῙΔΕΡΔΣΤΔῙ
1535 195 1622 239 559

674 300 1005 336 ΜΔῙΝΟΜΕΝΟΣ

1 418 4 423 ¹
166 365 426 423 Μαινόμενος
456 372 534 411 fuit
564 371 748 421 Diodori,
787 371 995 411 Dementes
1024 370 1095 411 Cn.
1126 370 1281 410 Naevii.
1342 368 1390 410 Ο.
1422 368 1616 412 Ribbeck.

0 433 25 501 ξ·
51 427 166 470 Com.
198 429 312 469 Rom.
343 426 413 469 fr.²
445 429 511 467 14.
808 482 865 524 55

255 550 330 593 καὶ
361 550 546 605 προσέτι
573 551 732 593 τοίνυν
763 548 975 604 ἐσχάραν,
1007 551 1185 605 κλίνην,
1217 547 1375 603 κάδον,

259 618 523 673 στρώματα,
555 620 761 672 σίγυνον,
792 614 1073 673 άσκοπήραν,
1104 617 1329 669 θύλακον,

258 683 368 728 ὥστ’
401 683 457 728 οὐ
487 684 766 741 στρατιώτην
795 683 853 728 ἄν
883 701 949 736 τις
979 683 1094 728 ἀλλὰ
1127 684 1203 727 καὶ
1234 683 1405 727 κύκλον

258 752 309 797 ἐκ
338 756 418 809 τῆς
447 752 615 811 α’γορᾶς
645 751 789 808 ὀρθὸν
818 753 1015 809 βαδίζειν
1044 750 1280 809 ὑπολάβοι.

205 833 226 864 ὁ
256 822 473 873 τοσοῦτός
502 820 602 865 ἐσθ’
636 821 660 866 ὁ
691 822 841 878 ῥῶπος
870 820 927 864 ὂν
956 819 1014 865 σύ
1043 821 1314 877 περιφέρεις.

167 905 311 945 Pollux
336 907 399 950 10,
417 906 469 946 18
491 903 559 944 ἵνα
588 902 627 945 δ’
646 903 908 956 ἐπιπράσκετο
938 897 984 944 τά
1005 903 1144 956 σκεύη,
1174 909 1246 956 τῆς
1266 900 1412 956 ἀγορᾶς
1434 900 1478 943 τὸ
1497 901 1614 956 μέρος

53 966 168 1002 τοῦτο
205 960 343 1001 κύκλοι
381 955 654 1014 ὠνομάζοντο.
675 993 683 1002 .
703 994 712 1002 .
733 960 777 1001 ἐν
814 967 867 1016 τῷ
907 959 1155 1015 Μαινομένῳ
1197 961 1363 1009 Δίφιλος
1408 963 1489 1000 κτλ.
1581 963 1619 1000 1.

52 1017 194 1071 κλίνην
225 1018 474 1072 Hemsterh]
506 1017 573 1058 καὶ
604 1019 681 1058 νῦν
702 1021 746 1060 F.
827 1021 866 1058 2.
900 1018 1067 1070 σίγυνον
1087 1015 1242 1072 Bentl]
1273 1012 1410 1058 συνὸν.
1443 1016 1620 1070 λάγυνον

52 1077 117 1116 vel
147 1074 321 1127 τάγηνον
351 1076 462 1116 Pors.
566 1078 603 1116 3.
650 1072 741 1115 ὥστ’
774 1071 822 1115 οὗ
853 1076 973 1116 Piers.
1008 1077 1130 1115 Moer.
1162 1073 1265 1127 442]
1297 1072 1351 1122 ὥς
1382 1088 1474 1114 που.
1577 1077 1616 1115 3.

55 1129 154 1172 ἀλλὰ
184 1130 273 1199 καῖ’]
304 1128 405 1172 ἀλλ’
437 1130 596 1186 ἀκαρῆ
627 1134 675 1173 Κ.
722 1135 770 1173 of.
803 1134 926 1175 Arist.
957 1133 1076 1183 Vesp.
1111 1134 1206 1172 701.
1253 1132 1410 1171 Alexid.
1446 1133 1539 1171 144.

167 1192 207 1229 4.
240 1186 382 1243 ορθόν.
425 1191 468 1230 in
497 1191 586 1230 foro
618 1193 769 1229 κεῖνται
800 1203 914 1230 vasa:
953 1191 1028 1229 iste
1060 1191 1192 1228 omnia
1222 1185 1343 1240 ὀρθά,
1373 1184 1618 1239 ἀνεστηκότα

51 1248 249 1300 gestabat.
281 1251 373 1287 ante
405 1261 444 1287 v.
469 1250 489 1286 1
523 1247 697 1298 positum
727 1251 812 1287 erat
841 1244 974 1300 φέρεις
1005 1247 1069 1287 vel
1100 1244 1200 1297 ἔχεις
1231 1243 1328 1298 (ὁρῶ
1357 1241 1395 1283 σ’
1420 1244 1589 1297 ἔχοντα).

687 1359 982 1395 MNHMATION

807 1438 862 1480 56

326 1507 471 1558 ψῦξον
499 1506 580 1548 τὸν
610 1502 752 1559 οἶνον,
786 1508 927 1560 Δωρί.

167 1589 398 1630 Athenaeus
430 1591 476 1640 3,
510 1590 653 1628 124cd
685 1586 743 1627 ὅτι
782 1585 826 1627 δὲ
865 1586 932 1627 καὶ
970 1585 1039 1627 τὸν
1076 1582 1186 1626 οἶνον
1224 1584 1379 1638 ἔψυχον
1416 1582 1519 1638 ὑπὲρ
1549 1592 1618 1626 τοῦ

53 1642 302 1699 ψυχρότερον
332 1641 459 1685 αὐτὸν
486 1645 639 1685 πίνειν.
659 1676 668 1685 .
687 1646 879 1694 ,Δίφιλος
910 1642 954 1684 ἐν
978 1643 1203 1698 Μνηματίῳ
1233 1643 1337 1695 φησί
1362 1646 1444 1683 κτλ.
1474 1645 1617 1684 Eusta-

52 1703 162 1743 thius
183 1704 279 1753 866,
303 1704 355 1743 26
387 1701 544 1754 ἔψυχον
573 1699 643 1742 τὸν
671 1696 783 1741 οἶνον
802 1702 844 1741 οἰ
867 1696 1036 1754 ἀρχαῖοι,
1067 1699 1133 1740 καὶ
1164 1698 1207 1739 τὸ
1236 1697 1368 1751 «pegma
1397 1698 1469 1740 τὸν
1494 1694 1618 1752 οἶνον,

55 1773 132 1800 om.
168 1759 288 1811 Δωρί.

740 1814 938 1849 ΟΝΔΓΟΣ

169 1886 205 1924 Α
235 1885 377 1924 Plauto
402 1886 443 1925 in
472 1885 669 1925 Asinaria
698 1897 896 1935 expressa.
960 1884 1179 1935 Diphilum,
1210 1895 1290 1923 non
1320 1883 1617 1933 Demophilum,

54 1944 259 1982 auctorem
290 1942 447 1982 fabulae
467 1955 553 1982 esse
572 1942 816 1981 Bitschelius
836 1941 1125 1981 demonstravit
1143 1940 1306 1991 Parerg.
1325 1939 1455 1979 Plaut.
1478 1940 1498 1978 I
1520 1941 1617 1979 272.

632 2053 1053 2088 HAPKPATIAZTHX

806 2120 860 2163 57

317 2186 399 2231 εἶτ’
432 2187 484 2231 ἐν
512 2188 675 2244 χάρακι
705 2188 788 2244 μὲν
818 2189 957 2230 ταῦτα
988 2188 1064 2230 καὶ
1095 2188 1370 2243 παρεμβολῇ.

168 2282 311 2322 Pollux
333 2284 371 2333 9,
396 2284 461 2322 15.
513 2284 564 2322 cf.
597 2283 806 2333 Theophil.
830 2284 868 2322 9.

669 2392 1004 2427 ΠΑΙΔΕΡΑΣΤΑῘ

810 2472 866 2514 58

916 2528 1072 2582 ἔγχεον
1101 2525 1161 2570 σύ
1193 2526 1248 2582 ὃν)
1279 2532 1415 2569 πιεῖν.

263 2599 314 2639 Β.
348 2592 648 2651 εὐζωρότερόν
677 2610 729 2650 γε
758 2593 811 2655 νὴ
840 2592 935 2647 Δί’,
967 2588 1005 2637 ὦ
1035 2601 1136 2648 παῖ,
1168 2593 1267 2645 δός·
1301 2592 1350 2635 τὸ
1379 2590 1467 2649 γάρ

263 2662 430 2718 ὑδαρὲς
458 2661 580 2705 ἅπαν
609 2661 732 2705 τοῦτ’
766 2665 860 2706 ἔστι
890 2666 943 2719 τῇ
975 2664 1096 2719 ψυχῇ
1125 2663 1279 2707 κακόν.

173 2747 404 2786 Athenaeus
445 2746 514 2796 10,
547 2746 686 2785 423ef
732 2745 899 2795 Δίφιλος
945 2742 987 2783 ἐν
1032 2744 1322 2795 Παιδερασταῖς
1368 2754 1494 2794 φησιν
1537 2745 1617 2783 κτλ.

18 2820 24 2854 2
60 2801 194 2857 ἔγχεον
226 2827 275 2832 -
308 2798 585 2854 εὐζωρότερον·
626 2799 669 2841 τὸ
698 2800 774 2855 γὰρ
804 2825 858 2831 -
889 2799 1017 2841 κακόν
1046 2801 1076 2841 C
1106 2805 1147 2841 et
1176 2801 1408 2841 Eustathius
1439 2802 1533 2848 746,
1565 2802 1619 2839 55
