<?xml version="1.0" encoding="UTF-8"?>
<!DOCTYPE html PUBLIC "-//W3C//DTD XHTML 1.0 Transitional//EN"
    "http://www.w3.org/TR/xhtml1/DTD/xhtml1-transitional.dtd">
<html xmlns="http://www.w3.org/1999/xhtml" xml:lang="en" lang="en">
 <head>
  <title>
</title>
<meta http-equiv="Content-Type" content="text/html;charset=utf-8" />
  <meta name='ocr-system' content='tesseract 3.04.00' />
  <meta name='ocr-capabilities' content='ocr_page ocr_carea ocr_par ocr_line ocrx_word'/>
</head>
<body>
  <div class='ocr_page' id='page_1' title='image "./comicorumatticor02kockuoft_0049.png"; bbox 0 0 1890 3190; ppageno 0'>
   <div class='ocr_carea' id='block_1_1' title="bbox 548 158 1638 203">
    <p class='ocr_par' dir='ltr' id='par_1_1' title="bbox 548 158 1638 203">
     <span class='ocr_line' id='line_1_1' title="bbox 548 158 1638 203; baseline 0 -7"><span class='ocrx_word' id='word_1_1' title='bbox 548 162 860 198; x_wconf 74' lang='grc' dir='ltr'>ΓΑΝΤΜΗΔΗΣ</span> <span class='ocrx_word' id='word_1_2' title='bbox 884 180 926 187; x_wconf 90' lang='grc'>-</span> <span class='ocrx_word' id='word_1_3' title='bbox 951 162 1158 197; x_wconf 77' lang='grc' dir='ltr'><strong>ΔΙΔΤΜΟΙ</strong></span> <span class='ocrx_word' id='word_1_4' title='bbox 1581 158 1638 203; x_wconf 86' lang='grc'><strong><em>43</em></strong></span> 
     </span>
    </p>
   </div>
   <div class='ocr_carea' id='block_1_2' title="bbox 707 263 999 300">
    <p class='ocr_par' dir='ltr' id='par_1_2' title="bbox 707 263 999 300">
     <span class='ocr_line' id='line_1_2' title="bbox 707 263 999 300; baseline -0.003 0"><span class='ocrx_word' id='word_1_5' title='bbox 707 263 999 300; x_wconf 76' lang='grc' dir='ltr'><strong>ΔΕΤΚΔΔῙΩΝ</strong></span> 
     </span>
    </p>
   </div>
   <div class='ocr_carea' id='block_1_3' title="bbox 825 343 877 386">
    <p class='ocr_par' dir='ltr' id='par_1_3' title="bbox 825 343 877 386">
     <span class='ocr_line' id='line_1_3' title="bbox 825 343 877 386; baseline 0 0"><span class='ocrx_word' id='word_1_6' title='bbox 825 343 877 386; x_wconf 78' lang='lat'><strong><em>77</em></strong></span> 
     </span>
    </p>
   </div>
   <div class='ocr_carea' id='block_1_4' title="bbox 398 419 1295 615">
    <p class='ocr_par' dir='ltr' id='par_1_4' title="bbox 398 419 1295 615">
     <span class='ocr_line' id='line_1_4' title="bbox 399 419 1279 480; baseline 0.001 -14"><span class='ocrx_word' id='word_1_7' title='bbox 399 421 579 479; x_wconf 83' lang='grc' dir='ltr'><strong><em>τάριχος</em></strong></span> <span class='ocrx_word' id='word_1_8' title='bbox 607 419 853 465; x_wconf 73' lang='grc' dir='ltr'><strong><em>ἀντακαῖον</em></strong></span> <span class='ocrx_word' id='word_1_9' title='bbox 884 425 930 465; x_wconf 74' lang='grc' dir='ltr'><strong><em>εἴ</em></strong></span> <span class='ocrx_word' id='word_1_10' title='bbox 952 437 1019 474; x_wconf 90' lang='grc' dir='ltr'><strong><em>τις</em></strong></span> <span class='ocrx_word' id='word_1_11' title='bbox 1046 422 1229 478; x_wconf 78' lang='grc' dir='ltr'><strong><em>βούλετ’</em></strong></span> <span class='ocrx_word' id='word_1_12' title='bbox 1250 421 1279 480; x_wconf 82' lang='grc' dir='ltr'><em>ἢ</em></span> 
     </span>
     <span class='ocr_line' id='line_1_5' title="bbox 402 488 1295 557; baseline 0.001 -23"><span class='ocrx_word' id='word_1_13' title='bbox 402 488 684 557; x_wconf 74' lang='grc' dir='ltr'><strong><em>Γαδειρικόν,</em></strong></span> <span class='ocrx_word' id='word_1_14' title='bbox 716 491 964 542; x_wconf 76' lang='grc' dir='ltr'><strong><em>Βυζαντίας</em></strong></span> <span class='ocrx_word' id='word_1_15' title='bbox 993 490 1043 533; x_wconf 76' lang='grc' dir='ltr'><strong><em>δὲ</em></strong></span> <span class='ocrx_word' id='word_1_16' title='bbox 1071 493 1295 543; x_wconf 79' lang='grc' dir='ltr'><strong><em>θυννίδος</em></strong></span> 
     </span>
     <span class='ocr_line' id='line_1_6' title="bbox 398 556 769 615; baseline 0 -14"><span class='ocrx_word' id='word_1_17' title='bbox 398 556 582 614; x_wconf 84' lang='grc' dir='ltr'><strong><em>ὀσμαῖσι</em></strong></span> <span class='ocrx_word' id='word_1_18' title='bbox 612 558 769 615; x_wconf 77' lang='grc' dir='ltr'><strong><em>χαίρει.</em></strong></span> 
     </span>
    </p>
   </div>
   <div class='ocr_carea' id='block_1_5' title="bbox 0 0 94 3190">
    <p class='ocr_par' dir='ltr' id='par_1_5' title="bbox 0 0 94 3190">
     <span class='ocr_line' id='line_1_7' title="bbox 0 0 94 3190; baseline 0 -2522"><span class='ocrx_word' id='word_1_19' title='bbox 0 0 94 3190; x_wconf 95' lang='lat' dir='ltr'><strong><em>    </em></strong></span> 
     </span>
    </p>
   </div>
   <div class='ocr_carea' id='block_1_6' title="bbox 38 635 1638 1423">
    <p class='ocr_par' dir='ltr' id='par_1_6' title="bbox 69 635 1636 920">
     <span class='ocr_line' id='line_1_8' title="bbox 183 635 1635 695; baseline 0 -13"><span class='ocrx_word' id='word_1_20' title='bbox 183 641 415 683; x_wconf 77' lang='lat' dir='ltr'><strong>Athenaeus</strong></span> <span class='ocrx_word' id='word_1_21' title='bbox 436 642 474 693; x_wconf 89' lang='lat'><strong><em>3,</em></strong></span> <span class='ocrx_word' id='word_1_22' title='bbox 500 642 617 682; x_wconf 82' lang='lat' dir='ltr'>118d</span> <span class='ocrx_word' id='word_1_23' title='bbox 644 637 886 693; x_wconf 80' lang='grc' dir='ltr'><strong><em>Ἀντιφάνης</em></strong></span> <span class='ocrx_word' id='word_1_24' title='bbox 915 635 937 679; x_wconf 86' lang='grc' dir='ltr'>ὁ</span> <span class='ocrx_word' id='word_1_25' title='bbox 969 639 1140 694; x_wconf 83' lang='grc' dir='ltr'><strong><em>ποιητὴς</em></strong></span> <span class='ocrx_word' id='word_1_26' title='bbox 1172 639 1216 681; x_wconf 81' lang='grc' dir='ltr'><strong><em>ἕν</em></strong></span> <span class='ocrx_word' id='word_1_27' title='bbox 1248 642 1497 683; x_wconf 86' lang='grc' dir='ltr'><strong><em>Δευκαλίωνι</em></strong></span> <span class='ocrx_word' id='word_1_28' title='bbox 1527 642 1635 695; x_wconf 90' lang='grc' dir='ltr'><strong><em>ταρί-</em></strong></span> 
     </span>
     <span class='ocr_line' id='line_1_9' title="bbox 70 694 1636 767; baseline 0 -27"><span class='ocrx_word' id='word_1_29' title='bbox 70 712 151 752; x_wconf 73' lang='grc' dir='ltr'><strong><em>χων</em></strong></span> <span class='ocrx_word' id='word_1_30' title='bbox 181 697 306 739; x_wconf 74' lang='grc' dir='ltr'><strong><em>τῶνδε</em></strong></span> <span class='ocrx_word' id='word_1_31' title='bbox 330 696 524 748; x_wconf 78' lang='grc' dir='ltr'><strong><em>μέμνηται</em></strong></span> <span class='ocrx_word' id='word_1_32' title='bbox 553 700 634 737; x_wconf 97' lang='grc' dir='ltr'><strong><em>κτλ.</em></strong></span> <span class='ocrx_word' id='word_1_33' title='bbox 718 700 750 740; x_wconf 93' lang='grc'><strong>1.</strong></span> <span class='ocrx_word' id='word_1_34' title='bbox 780 694 939 748; x_wconf 83' lang='grc' dir='ltr'><strong><em>βούλετ’</em></strong></span> <span class='ocrx_word' id='word_1_35' title='bbox 972 697 1129 752; x_wconf 74' lang='lat' dir='ltr'><strong>Dindfi]</strong></span> <span class='ocrx_word' id='word_1_36' title='bbox 1160 697 1346 751; x_wconf 85' lang='grc' dir='ltr'><strong><em>βούλεται</em></strong></span> <span class='ocrx_word' id='word_1_37' title='bbox 1377 701 1425 740; x_wconf 91' lang='grc' dir='ltr'><strong>Α.</strong></span> <span class='ocrx_word' id='word_1_38' title='bbox 1497 702 1537 740; x_wconf 93' lang='grc'><strong><em>2.</em></strong></span> <span class='ocrx_word' id='word_1_39' title='bbox 1569 697 1636 767; x_wconf 80' lang='grc' dir='ltr'><strong><em>δὲ]</em></strong></span> 
     </span>
     <span class='ocr_line' id='line_1_10' title="bbox 69 750 1618 809; baseline 0 -12"><span class='ocrx_word' id='word_1_40' title='bbox 69 768 110 796; x_wconf 79' lang='grc' dir='ltr'><strong><em>τε</em></strong></span> <span class='ocrx_word' id='word_1_41' title='bbox 138 755 291 797; x_wconf 74' lang='lat' dir='ltr'><strong>Iacobe.</strong></span> <span class='ocrx_word' id='word_1_42' title='bbox 312 756 452 796; x_wconf 80' lang='lat' dir='ltr'><strong>Addit.</strong></span> <span class='ocrx_word' id='word_1_43' title='bbox 475 756 544 796; x_wconf 83' lang='lat'><strong><em>82.</em></strong></span> <span class='ocrx_word' id='word_1_44' title='bbox 630 751 811 809; x_wconf 82' lang='grc' dir='ltr'><strong><em>ὀσμαῖσι]</em></strong></span> <span class='ocrx_word' id='word_1_45' title='bbox 842 750 1111 808; x_wconf 76' lang='grc' dir='ltr'><strong><em>εὐφροσύναις</em></strong></span> <span class='ocrx_word' id='word_1_46' title='bbox 1140 752 1303 807; x_wconf 85' lang='grc' dir='ltr'><strong><em>ὀσμαῖσι</em></strong></span> <span class='ocrx_word' id='word_1_47' title='bbox 1322 757 1372 797; x_wconf 90' lang='lat' dir='ltr'><strong><em>A.</em></strong></span> <span class='ocrx_word' id='word_1_48' title='bbox 1403 754 1618 809; x_wconf 82' lang='grc' dir='ltr'><strong><em>εὐφραίνετ</em></strong></span> 
     </span>
     <span class='ocr_line' id='line_1_11' title="bbox 69 807 1635 865; baseline 0.001 -12"><span class='ocrx_word' id='word_1_49' title='bbox 69 807 211 864; x_wconf 75' lang='grc' dir='ltr'><strong><em>ὀσμαῖς</em></strong></span> <span class='ocrx_word' id='word_1_50' title='bbox 240 813 384 863; x_wconf 63' lang='lat' dir='ltr'><strong>Mein„</strong></span> <span class='ocrx_word' id='word_1_51' title='bbox 434 809 627 865; x_wconf 80' lang='grc' dir='ltr'><strong><em>ὄσφραισι</em></strong></span> <span class='ocrx_word' id='word_1_52' title='bbox 670 811 797 864; x_wconf 78' lang='grc' dir='ltr'><strong><em>χαίρει</em></strong></span> <span class='ocrx_word' id='word_1_53' title='bbox 835 812 982 853; x_wconf 85' lang='lat' dir='ltr'><strong>Naber.</strong></span> <span class='ocrx_word' id='word_1_54' title='bbox 1014 814 1160 854; x_wconf 87' lang='lat' dir='ltr'><strong>Mnem.</strong></span> <span class='ocrx_word' id='word_1_55' title='bbox 1192 826 1286 854; x_wconf 89' lang='lat' dir='ltr'><strong>nov.</strong></span> <span class='ocrx_word' id='word_1_56' title='bbox 1317 814 1417 855; x_wconf 86' lang='lat' dir='ltr'><strong>VIII</strong></span> <span class='ocrx_word' id='word_1_57' title='bbox 1447 815 1502 855; x_wconf 90' lang='grc'><strong><em>46</em></strong></span> <span class='ocrx_word' id='word_1_58' title='bbox 1533 815 1635 856; x_wconf 85' lang='lat' dir='ltr'><strong>conl.</strong></span> 
     </span>
     <span class='ocr_line' id='line_1_12' title="bbox 70 869 516 920; baseline -0.002 -10"><span class='ocrx_word' id='word_1_59' title='bbox 70 869 217 911; x_wconf 80' lang='lat' dir='ltr'><strong>thill.</strong></span> <span class='ocrx_word' id='word_1_60' title='bbox 248 870 335 912; x_wconf 80' lang='lat' dir='ltr'><strong>Tat.</strong></span> <span class='ocrx_word' id='word_1_61' title='bbox 357 870 424 920; x_wconf 87' lang='grc'><strong><em>56,</em></strong></span> <span class='ocrx_word' id='word_1_62' title='bbox 447 871 516 909; x_wconf 88' lang='grc'><strong><em>31.</em></strong></span> 
     </span>
    </p>

    <p class='ocr_par' dir='ltr' id='par_1_7' title="bbox 38 921 1638 1423">
     <span class='ocr_line' id='line_1_13' title="bbox 181 921 1636 983; baseline 0.001 -17"><span class='ocrx_word' id='word_1_63' title='bbox 181 926 374 967; x_wconf 87' lang='lat' dir='ltr'><strong>Herodot.</strong></span> <span class='ocrx_word' id='word_1_64' title='bbox 397 927 436 979; x_wconf 86' lang='grc'><strong><em>4,</em></strong></span> <span class='ocrx_word' id='word_1_65' title='bbox 449 927 503 966; x_wconf 85' lang='grc'><strong><em>53</em></strong></span> <span class='ocrx_word' id='word_1_66' title='bbox 534 921 576 980; x_wconf 87' lang='grc' dir='ltr'><strong><em>(ὁ</em></strong></span> <span class='ocrx_word' id='word_1_67' title='bbox 608 924 867 978; x_wconf 81' lang='grc' dir='ltr'><strong><em>Βορυσθένης</em></strong></span> <span class='ocrx_word' id='word_1_68' title='bbox 897 924 1090 983; x_wconf 83' lang='grc' dir='ltr'><strong><em>ποταμὸς)</em></strong></span> <span class='ocrx_word' id='word_1_69' title='bbox 1121 926 1272 979; x_wconf 86' lang='grc' dir='ltr'><strong><em>κήτεα</em></strong></span> <span class='ocrx_word' id='word_1_70' title='bbox 1301 926 1491 981; x_wconf 77' lang='grc' dir='ltr'><strong><em>μεγάλα</em></strong></span> <span class='ocrx_word' id='word_1_71' title='bbox 1520 925 1636 968; x_wconf 80' lang='grc' dir='ltr'><strong><em>ἀνά-</em></strong></span> 
     </span>
     <span class='ocr_line' id='line_1_14' title="bbox 41 979 1636 1040; baseline 0.003 -18"><span class='ocrx_word' id='word_1_72' title='bbox 41 1008 45 1015; x_wconf 84' lang='lat'>·</span> <span class='ocrx_word' id='word_1_73' title='bbox 68 985 260 1033; x_wconf 77' lang='grc' dir='ltr'><strong><em>κανθα,</em></strong></span> <span class='ocrx_word' id='word_1_74' title='bbox 291 980 336 1022; x_wconf 86' lang='grc' dir='ltr'><strong><em>τὰ</em></strong></span> <span class='ocrx_word' id='word_1_75' title='bbox 366 979 675 1031; x_wconf 76' lang='grc' dir='ltr'><strong><em>ἀντακαίους</em></strong></span> <span class='ocrx_word' id='word_1_76' title='bbox 704 981 910 1034; x_wconf 85' lang='grc' dir='ltr'><strong><em>καλέουσι,</em></strong></span> <span class='ocrx_word' id='word_1_77' title='bbox 939 981 1149 1036; x_wconf 83' lang='grc' dir='ltr'><strong><em>παρέχεται</em></strong></span> <span class='ocrx_word' id='word_1_78' title='bbox 1170 983 1225 1032; x_wconf 83' lang='grc' dir='ltr'><strong><em>εἰς</em></strong></span> <span class='ocrx_word' id='word_1_79' title='bbox 1248 983 1475 1038; x_wconf 83' lang='grc' dir='ltr'><strong><em>ταρίχευσιν</em></strong></span> <span class='ocrx_word' id='word_1_80' title='bbox 1494 981 1636 1040; x_wconf 75' lang='lat' dir='ltr'><strong>(Sto‘re,</strong></span> 
     </span>
     <span class='ocr_line' id='line_1_15' title="bbox 76 1038 1636 1110; baseline 0.001 -29"><span class='ocrx_word' id='word_1_81' title='bbox 76 1041 221 1085; x_wconf 74' lang='lat' dir='ltr'><strong>Weloe,</strong></span> <span class='ocrx_word' id='word_1_82' title='bbox 251 1038 446 1110; x_wconf 79' lang='lat' dir='ltr'><strong>Lhardy).</strong></span> <span class='ocrx_word' id='word_1_83' title='bbox 504 1040 650 1080; x_wconf 85' lang='lat' dir='ltr'><strong>Athen.</strong></span> <span class='ocrx_word' id='word_1_84' title='bbox 683 1043 721 1089; x_wconf 86' lang='lat'><strong><em>7,</em></strong></span> <span class='ocrx_word' id='word_1_85' title='bbox 745 1041 861 1081; x_wconf 86' lang='lat' dir='ltr'>315d</span> <span class='ocrx_word' id='word_1_86' title='bbox 892 1038 938 1080; x_wconf 77' lang='grc' dir='ltr'><strong><em>ἐν</em></strong></span> <span class='ocrx_word' id='word_1_87' title='bbox 969 1040 1173 1094; x_wconf 83' lang='grc' dir='ltr'><strong><em>Γαδείροις</em></strong></span> <span class='ocrx_word' id='word_1_88' title='bbox 1191 1073 1200 1082; x_wconf 92' lang='grc'><strong>.</strong></span> <span class='ocrx_word' id='word_1_89' title='bbox 1220 1073 1229 1082; x_wconf 93' lang='grc'><strong>.</strong></span> <span class='ocrx_word' id='word_1_90' title='bbox 1249 1040 1343 1082; x_wconf 83' lang='grc' dir='ltr'><strong><em>.καὶ</em></strong></span> <span class='ocrx_word' id='word_1_91' title='bbox 1373 1048 1454 1082; x_wconf 78' lang='grc' dir='ltr'><strong><em>τῶν</em></strong></span> <span class='ocrx_word' id='word_1_92' title='bbox 1482 1039 1636 1082; x_wconf 77' lang='grc' dir='ltr'><strong><em>ἀντα-</em></strong></span> 
     </span>
     <span class='ocr_line' id='line_1_16' title="bbox 69 1092 1636 1152; baseline 0.001 -15"><span class='ocrx_word' id='word_1_93' title='bbox 69 1095 232 1137; x_wconf 75' lang='grc' dir='ltr'><strong><em>καίων</em></strong></span> <span class='ocrx_word' id='word_1_94' title='bbox 267 1097 314 1136; x_wconf 79' lang='grc' dir='ltr'><strong><em>αἱ</em></strong></span> <span class='ocrx_word' id='word_1_95' title='bbox 344 1100 494 1150; x_wconf 76' lang='grc' dir='ltr'><strong><em>γναθοι</em></strong></span> <span class='ocrx_word' id='word_1_96' title='bbox 529 1094 597 1136; x_wconf 79' lang='grc' dir='ltr'><strong><em>καὶ</em></strong></span> <span class='ocrx_word' id='word_1_97' title='bbox 636 1092 868 1150; x_wconf 80' lang='grc' dir='ltr'><strong><em>οὐρανίσκοι</em></strong></span> <span class='ocrx_word' id='word_1_98' title='bbox 903 1096 971 1137; x_wconf 79' lang='grc' dir='ltr'><strong><em>καὶ</em></strong></span> <span class='ocrx_word' id='word_1_99' title='bbox 1008 1098 1051 1138; x_wconf 80' lang='grc' dir='ltr'><strong><em>οἰ</em></strong></span> <span class='ocrx_word' id='word_1_100' title='bbox 1083 1096 1285 1151; x_wconf 75' lang='grc' dir='ltr'><strong><em>λεγόμενοι</em></strong></span> <span class='ocrx_word' id='word_1_101' title='bbox 1319 1098 1564 1152; x_wconf 83' lang='grc' dir='ltr'><strong><em>μελανδρύαι</em></strong></span> <span class='ocrx_word' id='word_1_102' title='bbox 1595 1097 1636 1149; x_wconf 80' lang='grc' dir='ltr'><strong><em>ἐξ</em></strong></span> 
     </span>
     <span class='ocr_line' id='line_1_17' title="bbox 68 1149 1635 1208; baseline 0.002 -15"><span class='ocrx_word' id='word_1_103' title='bbox 68 1149 206 1193; x_wconf 69' lang='grc' dir='ltr'><strong><em>αὐτῶν</em></strong></span> <span class='ocrx_word' id='word_1_104' title='bbox 246 1151 532 1207; x_wconf 83' lang='grc' dir='ltr'><strong><em>ταριχεύονται.</em></strong></span> <span class='ocrx_word' id='word_1_105' title='bbox 589 1155 641 1195; x_wconf 77' lang='lat' dir='ltr'><strong>ef.</strong></span> <span class='ocrx_word' id='word_1_106' title='bbox 672 1154 831 1195; x_wconf 81' lang='lat' dir='ltr'><strong>Aelian.</strong></span> <span class='ocrx_word' id='word_1_107' title='bbox 862 1155 922 1195; x_wconf 86' lang='lat' dir='ltr'><strong><em>De</em></strong></span> <span class='ocrx_word' id='word_1_108' title='bbox 951 1156 1073 1196; x_wconf 86' lang='lat' dir='ltr'><strong>anim.</strong></span> <span class='ocrx_word' id='word_1_109' title='bbox 1102 1157 1176 1204; x_wconf 90' lang='grc'><strong><em>14,</em></strong></span> <span class='ocrx_word' id='word_1_110' title='bbox 1198 1157 1251 1196; x_wconf 89' lang='grc'><strong><em>23</em></strong></span> <span class='ocrx_word' id='word_1_111' title='bbox 1282 1158 1324 1198; x_wconf 83' lang='lat' dir='ltr'><strong><em>et</em></strong></span> <span class='ocrx_word' id='word_1_112' title='bbox 1353 1158 1420 1197; x_wconf 83' lang='lat'><strong><em>26.</em></strong></span> <span class='ocrx_word' id='word_1_113' title='bbox 1466 1157 1635 1208; x_wconf 88' lang='lat' dir='ltr'><strong>Antiph.</strong></span> 
     </span>
     <span class='ocr_line' id='line_1_18' title="bbox 38 1209 1638 1264; baseline 0.001 -13"><span class='ocrx_word' id='word_1_114' title='bbox 38 1218 42 1222; x_wconf 82' lang='lat'>&#39;</span> <span class='ocrx_word' id='word_1_115' title='bbox 74 1212 166 1251; x_wconf 82' lang='grc'><strong>186.</strong></span> <span class='ocrx_word' id='word_1_116' title='bbox 196 1211 322 1263; x_wconf 78' lang='lat' dir='ltr'><strong>Lync.</strong></span> <span class='ocrx_word' id='word_1_117' title='bbox 344 1213 382 1253; x_wconf 87' lang='lat'><strong><em>9.</em></strong></span> <span class='ocrx_word' id='word_1_118' title='bbox 421 1211 557 1262; x_wconf 78' lang='lat' dir='ltr'><strong>Sopat.</strong></span> <span class='ocrx_word' id='word_1_119' title='bbox 587 1211 716 1262; x_wconf 82' lang='lat' dir='ltr'><strong>Paph.</strong></span> <span class='ocrx_word' id='word_1_120' title='bbox 742 1212 892 1258; x_wconf 78' lang='lat' dir='ltr'><strong>Athen.</strong></span> <span class='ocrx_word' id='word_1_121' title='bbox 924 1213 963 1261; x_wconf 88' lang='lat'><strong><em>3,</em></strong></span> <span class='ocrx_word' id='word_1_122' title='bbox 989 1214 1105 1253; x_wconf 80' lang='lat' dir='ltr'><strong>119a</strong></span> <span class='ocrx_word' id='word_1_123' title='bbox 1135 1209 1289 1262; x_wconf 78' lang='grc' dir='ltr'><strong><em>ἐδέξατ’</em></strong></span> <span class='ocrx_word' id='word_1_124' title='bbox 1320 1209 1555 1264; x_wconf 73' lang='grc' dir='ltr'><strong><em>ἀντακαῖον,</em></strong></span> <span class='ocrx_word' id='word_1_125' title='bbox 1587 1211 1638 1253; x_wconf 76' lang='grc' dir='ltr'><strong><em>ὃν</em></strong></span> 
     </span>
     <span class='ocr_line' id='line_1_19' title="bbox 41 1264 1637 1321; baseline 0.003 -14"><span class='ocrx_word' id='word_1_126' title='bbox 41 1280 50 1294; x_wconf 89' lang='grc'><strong><em>·-</em></strong></span> <span class='ocrx_word' id='word_1_127' title='bbox 68 1264 204 1320; x_wconf 76' lang='grc' dir='ltr'><strong><em>τρέφει</em></strong></span> <span class='ocrx_word' id='word_1_128' title='bbox 238 1265 360 1321; x_wconf 80' lang='grc' dir='ltr'><strong><em>μέγας</em></strong></span> <span class='ocrx_word' id='word_1_129' title='bbox 390 1266 547 1321; x_wconf 88' lang='grc' dir='ltr'><strong><em>Ἴστρος</em></strong></span> <span class='ocrx_word' id='word_1_130' title='bbox 585 1265 818 1308; x_wconf 77' lang='grc' dir='ltr'><strong><em>Σκύθαισιν</em></strong></span> <span class='ocrx_word' id='word_1_131' title='bbox 845 1265 1012 1321; x_wconf 81' lang='grc' dir='ltr'><strong><em>ἡδονήν.</em></strong></span> <span class='ocrx_word' id='word_1_132' title='bbox 1061 1270 1110 1310; x_wconf 88' lang='lat' dir='ltr'><strong><em>de</em></strong></span> <span class='ocrx_word' id='word_1_133' title='bbox 1140 1270 1392 1312; x_wconf 77' lang='lat' dir='ltr'><strong>salsamentis</strong></span> <span class='ocrx_word' id='word_1_134' title='bbox 1424 1270 1637 1312; x_wconf 75' lang='lat' dir='ltr'><em>Gaditanis</em></span> 
     </span>
     <span class='ocr_line' id='line_1_20' title="bbox 71 1324 877 1423; baseline 0.001 -58"><span class='ocrx_word' id='word_1_135' title='bbox 71 1324 126 1365; x_wconf 82' lang='lat' dir='ltr'><strong><em>of.</em></strong></span> <span class='ocrx_word' id='word_1_136' title='bbox 157 1325 301 1376; x_wconf 81' lang='lat' dir='ltr'><strong>Eupol.</strong></span> <span class='ocrx_word' id='word_1_137' title='bbox 327 1326 421 1366; x_wconf 90' lang='grc'><strong>186.</strong></span> <span class='ocrx_word' id='word_1_138' title='bbox 823 1380 877 1423; x_wconf 68' lang='lat'><strong><em>78</em></strong></span> 
     </span>
    </p>
   </div>
   <div class='ocr_carea' id='block_1_7' title="bbox 382 1457 1325 1516">
    <p class='ocr_par' dir='ltr' id='par_1_8' title="bbox 382 1457 1325 1516">
     <span class='ocr_line' id='line_1_21' title="bbox 382 1457 1325 1516; baseline 0.002 -15"><span class='ocrx_word' id='word_1_139' title='bbox 382 1459 631 1516; x_wconf 79' lang='grc' dir='ltr'><strong><em>σησαμίδας</em></strong></span> <span class='ocrx_word' id='word_1_140' title='bbox 659 1457 690 1515; x_wconf 81' lang='grc' dir='ltr'><em>ἢ</em></span> <span class='ocrx_word' id='word_1_141' title='bbox 717 1460 967 1516; x_wconf 86' lang='grc' dir='ltr'><strong><em>μελίπηκτα</em></strong></span> <span class='ocrx_word' id='word_1_142' title='bbox 1000 1458 1030 1516; x_wconf 81' lang='grc' dir='ltr'><em>ἢ</em></span> <span class='ocrx_word' id='word_1_143' title='bbox 1058 1460 1239 1506; x_wconf 84' lang='grc' dir='ltr'><strong><em>τοιοῦτό</em></strong></span> <span class='ocrx_word' id='word_1_144' title='bbox 1269 1476 1325 1504; x_wconf 92' lang='grc' dir='ltr'><strong><em>τι.</em></strong></span> 
     </span>
    </p>
   </div>
   <div class='ocr_carea' id='block_1_8' title="bbox 38 1552 1637 1721">
    <p class='ocr_par' dir='ltr' id='par_1_9' title="bbox 38 1552 1637 1721">
     <span class='ocr_line' id='line_1_22' title="bbox 38 1552 1636 1608; baseline 0.002 -16"><span class='ocrx_word' id='word_1_145' title='bbox 38 1603 39 1606; x_wconf 12' lang='lat'>¹</span> <span class='ocrx_word' id='word_1_146' title='bbox 187 1553 415 1594; x_wconf 76' lang='lat' dir='ltr'><strong>Athenaeus</strong></span> <span class='ocrx_word' id='word_1_147' title='bbox 450 1554 514 1602; x_wconf 85' lang='lat'><strong><em>14,</em></strong></span> <span class='ocrx_word' id='word_1_148' title='bbox 537 1554 618 1593; x_wconf 89' lang='grc'><strong><em>646</em></strong></span> <span class='ocrx_word' id='word_1_149' title='bbox 635 1555 656 1592; x_wconf 86' lang='lat' dir='ltr'>f</span> <span class='ocrx_word' id='word_1_150' title='bbox 695 1552 912 1605; x_wconf 87' lang='grc' dir='ltr'><strong><em>σησαμίδες</em></strong></span> <span class='ocrx_word' id='word_1_151' title='bbox 956 1552 1000 1593; x_wconf 80' lang='grc' dir='ltr'><strong><em>ἐκ</em></strong></span> <span class='ocrx_word' id='word_1_152' title='bbox 1043 1552 1194 1606; x_wconf 87' lang='grc' dir='ltr'><strong><em>μέλιτος</em></strong></span> <span class='ocrx_word' id='word_1_153' title='bbox 1232 1552 1300 1594; x_wconf 82' lang='grc' dir='ltr'><strong><em>καὶ</em></strong></span> <span class='ocrx_word' id='word_1_154' title='bbox 1339 1552 1530 1608; x_wconf 75' lang='grc' dir='ltr'><strong><em>σησάμων</em></strong></span> <span class='ocrx_word' id='word_1_155' title='bbox 1565 1569 1636 1596; x_wconf 81' lang='grc' dir='ltr'><strong><em>πε-</em></strong></span> 
     </span>
     <span class='ocr_line' id='line_1_23' title="bbox 57 1606 1637 1665; baseline 0.003 -17"><span class='ocrx_word' id='word_1_156' title='bbox 57 1606 313 1661; x_wconf 81' lang='grc' dir='ltr'><strong><em>’φρυγμένων</em></strong></span> <span class='ocrx_word' id='word_1_157' title='bbox 341 1608 409 1650; x_wconf 80' lang='grc' dir='ltr'><strong><em>καὶ</em></strong></span> <span class='ocrx_word' id='word_1_158' title='bbox 438 1607 571 1650; x_wconf 80' lang='grc' dir='ltr'><strong><em>ε’λαίου</em></strong></span> <span class='ocrx_word' id='word_1_159' title='bbox 601 1610 839 1663; x_wconf 85' lang='grc' dir='ltr'><strong><em>σφαιροειδῆ</em></strong></span> <span class='ocrx_word' id='word_1_160' title='bbox 868 1608 1050 1663; x_wconf 85' lang='grc' dir='ltr'><strong><em>πέμματα</em></strong></span> <span class='ocrx_word' id='word_1_161' title='bbox 1079 1642 1089 1653; x_wconf 91' lang='grc'><strong>.</strong></span> <span class='ocrx_word' id='word_1_162' title='bbox 1122 1643 1132 1653; x_wconf 92' lang='grc'><strong>.</strong></span> <span class='ocrx_word' id='word_1_163' title='bbox 1165 1643 1175 1653; x_wconf 91' lang='grc'><strong>.</strong></span> <span class='ocrx_word' id='word_1_164' title='bbox 1204 1607 1448 1665; x_wconf 79' lang='grc' dir='ltr'><strong><em>Ἀντιφάνης</em></strong></span> <span class='ocrx_word' id='word_1_165' title='bbox 1479 1614 1637 1653; x_wconf 86' lang='grc' dir='ltr'><strong><em>Δευκα-</em></strong></span> 
     </span>
     <span class='ocr_line' id='line_1_24' title="bbox 69 1664 1634 1721; baseline 0.004 -16"><span class='ocrx_word' id='word_1_166' title='bbox 69 1664 183 1705; x_wconf 84' lang='grc' dir='ltr'><strong><em>λίωνι</em></strong></span> <span class='ocrx_word' id='word_1_167' title='bbox 202 1668 285 1706; x_wconf 84' lang='grc' dir='ltr'><strong><em>κτλ.</em></strong></span> <span class='ocrx_word' id='word_1_168' title='bbox 365 1666 673 1719; x_wconf 59' lang='grc' dir='ltr'><strong><em>*μελίπηκτονῬ</em></strong></span> <span class='ocrx_word' id='word_1_169' title='bbox 695 1668 834 1709; x_wconf 85' lang='lat' dir='ltr'><strong>Dindf.</strong></span> <span class='ocrx_word' id='word_1_170' title='bbox 910 1669 955 1708; x_wconf 93' lang='grc' dir='ltr'><strong><em>Β.</em></strong></span> <span class='ocrx_word' id='word_1_171' title='bbox 978 1667 1060 1721; x_wconf 83' lang='grc' dir='ltr'><strong><em>ναί,</em></strong></span> <span class='ocrx_word' id='word_1_172' title='bbox 1081 1668 1236 1709; x_wconf 84' lang='grc' dir='ltr'><strong><em>τοιοῦτό</em></strong></span> <span class='ocrx_word' id='word_1_173' title='bbox 1257 1683 1294 1708; x_wconf 93' lang='grc' dir='ltr'><strong><em>τι</em></strong></span> <span class='ocrx_word' id='word_1_174' title='bbox 1315 1671 1438 1710; x_wconf 85' lang='lat' dir='ltr'><strong>Mein.</strong></span> <span class='ocrx_word' id='word_1_175' title='bbox 1457 1671 1519 1711; x_wconf 88' lang='lat' dir='ltr'><strong><em>ed.</em></strong></span> <span class='ocrx_word' id='word_1_176' title='bbox 1542 1672 1634 1711; x_wconf 84' lang='lat' dir='ltr'><strong>mai.</strong></span> 
     </span>
    </p>
   </div>
   <div class='ocr_carea' id='block_1_9' title="bbox 775 1791 932 1826">
    <p class='ocr_par' dir='ltr' id='par_1_10' title="bbox 775 1791 932 1826">
     <span class='ocr_line' id='line_1_25' title="bbox 775 1791 932 1826; baseline -0.006 0"><span class='ocrx_word' id='word_1_177' title='bbox 775 1791 932 1826; x_wconf 84' lang='grc' dir='ltr'><strong>ΔΗΛῙΑ</strong></span> 
     </span>
    </p>
   </div>
   <div class='ocr_carea' id='block_1_10' title="bbox 71 1871 1635 1984">
    <p class='ocr_par' dir='ltr' id='par_1_11' title="bbox 71 1871 1635 1984">
     <span class='ocr_line' id='line_1_26' title="bbox 185 1871 1635 1925; baseline 0.003 -14"><span class='ocrx_word' id='word_1_178' title='bbox 185 1871 315 1912; x_wconf 89' lang='lat' dir='ltr'><strong>Semel</strong></span> <span class='ocrx_word' id='word_1_179' title='bbox 346 1874 630 1913; x_wconf 76' lang='lat' dir='ltr'><strong>commemorat</strong></span> <span class='ocrx_word' id='word_1_180' title='bbox 660 1874 702 1913; x_wconf 89' lang='lat' dir='ltr'><strong><em>et</em></strong></span> <span class='ocrx_word' id='word_1_181' title='bbox 731 1873 993 1925; x_wconf 73' lang='lat' dir='ltr'><strong>Aristophani</strong></span> <span class='ocrx_word' id='word_1_182' title='bbox 1023 1874 1163 1915; x_wconf 78' lang='lat' dir='ltr'><strong>tribuit</strong></span> <span class='ocrx_word' id='word_1_183' title='bbox 1195 1875 1424 1915; x_wconf 77' lang='lat' dir='ltr'><strong>Athenaeus</strong></span> <span class='ocrx_word' id='word_1_184' title='bbox 1455 1878 1494 1924; x_wconf 87' lang='grc'><strong><em>9,</em></strong></span> <span class='ocrx_word' id='word_1_185' title='bbox 1507 1877 1635 1916; x_wconf 86' lang='lat' dir='ltr'><strong>373a.</strong></span> 
     </span>
     <span class='ocr_line' id='line_1_27' title="bbox 71 1928 1635 1984; baseline 0.003 -16"><span class='ocrx_word' id='word_1_186' title='bbox 71 1928 315 1980; x_wconf 84' lang='lat' dir='ltr'><strong>Antiphanis</strong></span> <span class='ocrx_word' id='word_1_187' title='bbox 344 1942 490 1969; x_wconf 89' lang='lat' dir='ltr'><strong>nomen</strong></span> <span class='ocrx_word' id='word_1_188' title='bbox 521 1930 734 1970; x_wconf 82' lang='lat' dir='ltr'><strong>substituit</strong></span> <span class='ocrx_word' id='word_1_189' title='bbox 763 1930 881 1971; x_wconf 84' lang='lat' dir='ltr'><strong>Mein.</strong></span> <span class='ocrx_word' id='word_1_190' title='bbox 913 1931 933 1970; x_wconf 98' lang='lat' dir='ltr'>I</span> <span class='ocrx_word' id='word_1_191' title='bbox 956 1932 1054 1972; x_wconf 87' lang='grc'><strong><em>329.</em></strong></span> <span class='ocrx_word' id='word_1_192' title='bbox 1077 1933 1146 1972; x_wconf 87' lang='grc'><strong><em>30.</em></strong></span> <span class='ocrx_word' id='word_1_193' title='bbox 1198 1932 1250 1972; x_wconf 83' lang='lat' dir='ltr'><strong><em>cf.</em></strong></span> <span class='ocrx_word' id='word_1_194' title='bbox 1280 1933 1403 1973; x_wconf 85' lang='lat' dir='ltr'><strong>Dind.</strong></span> <span class='ocrx_word' id='word_1_195' title='bbox 1425 1933 1635 1984; x_wconf 85' lang='lat' dir='ltr'><strong>Aristoph.</strong></span> 
     </span>
    </p>
   </div>
   <div class='ocr_carea' id='block_1_11' title="bbox 0 1985 882 2084">
    <p class='ocr_par' dir='ltr' id='par_1_12' title="bbox 0 1985 882 2084">
     <span class='ocr_line' id='line_1_28' title="bbox 72 1985 255 2037; baseline 0 -13"><span class='ocrx_word' id='word_1_196' title='bbox 72 1985 124 2024; x_wconf 76' lang='lat' dir='ltr'><strong><em>fr.</em></strong></span> <span class='ocrx_word' id='word_1_197' title='bbox 154 1999 194 2037; x_wconf 87' lang='lat' dir='ltr'><strong><em>p.</em></strong></span> <span class='ocrx_word' id='word_1_198' title='bbox 216 1986 255 2025; x_wconf 86' lang='lat'><strong><em>9.</em></strong></span> 
     </span>
     <span class='ocr_line' id='line_1_29' title="bbox 0 2041 882 2084; baseline 0.005 -4"><span class='ocrx_word' id='word_1_199' title='bbox 0 2049 1 2053; x_wconf 77' lang='grc'>’</span> <span class='ocrx_word' id='word_1_200' title='bbox 827 2041 882 2084; x_wconf 84' lang='lat'><strong><em>79</em></strong></span> 
     </span>
    </p>
   </div>
   <div class='ocr_carea' id='block_1_12' title="bbox 341 2115 1014 2177">
    <p class='ocr_par' dir='ltr' id='par_1_13' title="bbox 341 2115 1014 2177">
     <span class='ocr_line' id='line_1_30' title="bbox 341 2115 1014 2177; baseline 0.004 -17"><span class='ocrx_word' id='word_1_201' title='bbox 341 2116 512 2174; x_wconf 80' lang='grc' dir='ltr'><strong><em>λάχανα</em></strong></span> <span class='ocrx_word' id='word_1_202' title='bbox 543 2118 702 2176; x_wconf 87' lang='grc' dir='ltr'><strong><em>κνήστ’</em></strong></span> <span class='ocrx_word' id='word_1_203' title='bbox 721 2115 752 2176; x_wconf 81' lang='grc' dir='ltr'><strong><em>ἦ</em></strong></span> <span class='ocrx_word' id='word_1_204' title='bbox 782 2121 1014 2177; x_wconf 79' lang='grc' dir='ltr'><strong><em>στέμφυλα</em></strong></span> 
     </span>
    </p>
   </div>
   <div class='ocr_carea' id='block_1_13' title="bbox 71 2199 1639 2537">
    <p class='ocr_par' dir='ltr' id='par_1_14' title="bbox 71 2199 1639 2537">
     <span class='ocr_line' id='line_1_31' title="bbox 183 2199 1639 2257; baseline 0.003 -17"><span class='ocrx_word' id='word_1_205' title='bbox 183 2200 412 2241; x_wconf 80' lang='lat' dir='ltr'><strong>Athenaeus</strong></span> <span class='ocrx_word' id='word_1_206' title='bbox 442 2203 482 2250; x_wconf 86' lang='lat'><strong><em>9,</em></strong></span> <span class='ocrx_word' id='word_1_207' title='bbox 499 2202 581 2242; x_wconf 84' lang='lat'><strong><em>373</em></strong></span> <span class='ocrx_word' id='word_1_208' title='bbox 596 2215 619 2242; x_wconf 92' lang='lat' dir='ltr'><strong>a</strong></span> <span class='ocrx_word' id='word_1_209' title='bbox 648 2199 776 2250; x_wconf 74' lang='grc' dir='ltr'><strong><em>οὕτως</em></strong></span> <span class='ocrx_word' id='word_1_210' title='bbox 807 2199 853 2242; x_wconf 83' lang='grc' dir='ltr'><strong><em>δὲ</em></strong></span> <span class='ocrx_word' id='word_1_211' title='bbox 884 2201 1062 2257; x_wconf 89' lang='grc' dir='ltr'><strong><em>(κνιστὰ)</em></strong></span> <span class='ocrx_word' id='word_1_212' title='bbox 1092 2202 1252 2256; x_wconf 83' lang='grc' dir='ltr'><strong><em>εἴρηκεν</em></strong></span> <span class='ocrx_word' id='word_1_213' title='bbox 1277 2201 1562 2256; x_wconf 78' lang='grc' dir='ltr'><strong><em>Ἀριστοφάνης</em></strong></span> <span class='ocrx_word' id='word_1_214' title='bbox 1594 2203 1639 2245; x_wconf 82' lang='grc' dir='ltr'><strong><em>ἐν</em></strong></span> 
     </span>
     <span class='ocr_line' id='line_1_32' title="bbox 71 2253 1637 2314; baseline 0.004 -18"><span class='ocrx_word' id='word_1_215' title='bbox 71 2256 199 2311; x_wconf 73' lang='grc' dir='ltr'><strong><em>Δηλίᾳ</em></strong></span> <span class='ocrx_word' id='word_1_216' title='bbox 236 2254 284 2297; x_wconf 88' lang='grc' dir='ltr'><strong><em>τὰ</em></strong></span> <span class='ocrx_word' id='word_1_217' title='bbox 324 2256 527 2310; x_wconf 77' lang='grc' dir='ltr'><strong><em>σύγκοπτα</em></strong></span> <span class='ocrx_word' id='word_1_218' title='bbox 563 2253 715 2309; x_wconf 73' lang='grc' dir='ltr'><strong><em>λάχανα</em></strong></span> <span class='ocrx_word' id='word_1_219' title='bbox 751 2261 831 2298; x_wconf 87' lang='grc' dir='ltr'><strong><em>κτλ.</em></strong></span> <span class='ocrx_word' id='word_1_220' title='bbox 892 2260 1076 2301; x_wconf 82' lang='lat' dir='ltr'><strong>Eustath.</strong></span> <span class='ocrx_word' id='word_1_221' title='bbox 1107 2262 1210 2310; x_wconf 80' lang='lat'>872,</span> <span class='ocrx_word' id='word_1_222' title='bbox 1235 2263 1259 2302; x_wconf 92' lang='grc'>9</span> <span class='ocrx_word' id='word_1_223' title='bbox 1297 2259 1450 2313; x_wconf 84' lang='grc' dir='ltr'><strong><em>λάχανα</em></strong></span> <span class='ocrx_word' id='word_1_224' title='bbox 1487 2260 1637 2314; x_wconf 88' lang='grc' dir='ltr'><strong><em>κνηστὰ</em></strong></span> 
     </span>
     <span class='ocr_line' id='line_1_33' title="bbox 73 2310 1637 2372; baseline 0.003 -18"><span class='ocrx_word' id='word_1_225' title='bbox 73 2310 288 2354; x_wconf 80' lang='grc' dir='ltr'><strong><em>ἐκαλοῦντο</em></strong></span> <span class='ocrx_word' id='word_1_226' title='bbox 316 2312 364 2353; x_wconf 84' lang='grc' dir='ltr'><strong><em>τὰ</em></strong></span> <span class='ocrx_word' id='word_1_227' title='bbox 394 2313 612 2367; x_wconf 73' lang='grc' dir='ltr'><strong><em>συφκοπτά.</em></strong></span> <span class='ocrx_word' id='word_1_228' title='bbox 663 2316 830 2357; x_wconf 83' lang='lat' dir='ltr'><strong>Photius</strong></span> <span class='ocrx_word' id='word_1_229' title='bbox 860 2315 1013 2368; x_wconf 90' lang='grc' dir='ltr'><strong><em>κνηστὰ</em></strong></span> <span class='ocrx_word' id='word_1_230' title='bbox 1044 2314 1077 2372; x_wconf 82' lang='lat'><strong><em>(‘</em></strong></span> <span class='ocrx_word' id='word_1_231' title='bbox 1089 2316 1227 2358; x_wconf 86' lang='grc' dir='ltr'><strong><em>κνιστὰ</em></strong></span> <span class='ocrx_word' id='word_1_232' title='bbox 1258 2319 1434 2370; x_wconf 86' lang='lat' dir='ltr'><strong>primo’)</strong></span> <span class='ocrx_word' id='word_1_233' title='bbox 1463 2317 1637 2369; x_wconf 85' lang='grc' dir='ltr'><strong><em>λάχανα·</em></strong></span> 
     </span>
     <span class='ocr_line' id='line_1_34' title="bbox 71 2365 1636 2427; baseline 0.004 -18"><span class='ocrx_word' id='word_1_234' title='bbox 71 2365 285 2423; x_wconf 72' lang='grc' dir='ltr'><strong><em>συγκοπτά.</em></strong></span> <span class='ocrx_word' id='word_1_235' title='bbox 333 2371 478 2412; x_wconf 82' lang='lat' dir='ltr'><strong>Pollux</strong></span> <span class='ocrx_word' id='word_1_236' title='bbox 498 2374 537 2424; x_wconf 87' lang='lat'><strong><em>6,</em></strong></span> <span class='ocrx_word' id='word_1_237' title='bbox 555 2373 607 2412; x_wconf 82' lang='lat'><strong><em>62</em></strong></span> <span class='ocrx_word' id='word_1_238' title='bbox 640 2370 686 2411; x_wconf 85' lang='grc' dir='ltr'><strong><em>τὰ</em></strong></span> <span class='ocrx_word' id='word_1_239' title='bbox 717 2370 763 2412; x_wconf 83' lang='grc' dir='ltr'><strong><em>δὲ</em></strong></span> <span class='ocrx_word' id='word_1_240' title='bbox 792 2371 1090 2426; x_wconf 74' lang='grc' dir='ltr'><strong><em>συγκεκομμένα</em></strong></span> <span class='ocrx_word' id='word_1_241' title='bbox 1120 2373 1273 2427; x_wconf 85' lang='grc' dir='ltr'><strong><em>λάχανα</em></strong></span> <span class='ocrx_word' id='word_1_242' title='bbox 1293 2373 1433 2415; x_wconf 82' lang='grc' dir='ltr'><strong><em>κνιστὰ</em></strong></span> <span class='ocrx_word' id='word_1_243' title='bbox 1454 2373 1636 2418; x_wconf 77' lang='grc' dir='ltr'><strong><em>ἐκάλουν.</em></strong></span> 
     </span>
     <span class='ocr_line' id='line_1_35' title="bbox 72 2425 1637 2486; baseline 0.003 -18"><span class='ocrx_word' id='word_1_244' title='bbox 72 2427 246 2479; x_wconf 81' lang='lat' dir='ltr'><strong>Hesych.</strong></span> <span class='ocrx_word' id='word_1_245' title='bbox 277 2425 439 2468; x_wconf 84' lang='grc' dir='ltr'><strong><em>κνιστά·</em></strong></span> <span class='ocrx_word' id='word_1_246' title='bbox 469 2427 623 2481; x_wconf 85' lang='grc' dir='ltr'><strong><em>λάχανα</em></strong></span> <span class='ocrx_word' id='word_1_247' title='bbox 651 2427 962 2482; x_wconf 75' lang='grc' dir='ltr'><strong><em>συγκεκομμένα.</em></strong></span> <span class='ocrx_word' id='word_1_248' title='bbox 989 2454 1038 2461; x_wconf 91' lang='lat'><strong><em>--</em></strong></span> <span class='ocrx_word' id='word_1_249' title='bbox 1061 2428 1204 2484; x_wconf 86' lang='grc' dir='ltr'><strong><em>κνήστ’</em></strong></span> <span class='ocrx_word' id='word_1_250' title='bbox 1226 2446 1274 2473; x_wconf 86' lang='lat' dir='ltr'><strong><em>ex</em></strong></span> <span class='ocrx_word' id='word_1_251' title='bbox 1295 2433 1409 2473; x_wconf 80' lang='lat' dir='ltr'><strong>Phot.</strong></span> <span class='ocrx_word' id='word_1_252' title='bbox 1430 2431 1637 2486; x_wconf 67' lang='lat' dir='ltr'><strong>Eustath]</strong></span> 
     </span>
     <span class='ocr_line' id='line_1_36' title="bbox 71 2482 838 2537; baseline 0.005 -13"><span class='ocrx_word' id='word_1_253' title='bbox 71 2482 216 2524; x_wconf 88' lang='grc' dir='ltr'><strong><em>κνιστὰ</em></strong></span> <span class='ocrx_word' id='word_1_254' title='bbox 247 2485 299 2525; x_wconf 90' lang='grc' dir='ltr'><strong>Α.</strong></span> <span class='ocrx_word' id='word_1_255' title='bbox 349 2485 401 2526; x_wconf 84' lang='lat' dir='ltr'><strong><em>of.</em></strong></span> <span class='ocrx_word' id='word_1_256' title='bbox 433 2486 640 2537; x_wconf 81' lang='lat' dir='ltr'><strong>Aristoph.</strong></span> <span class='ocrx_word' id='word_1_257' title='bbox 672 2487 721 2527; x_wconf 85' lang='lat' dir='ltr'><strong><em>fr.</em></strong></span> <span class='ocrx_word' id='word_1_258' title='bbox 743 2488 838 2529; x_wconf 89' lang='grc'><strong>908.</strong></span> 
     </span>
    </p>
   </div>
   <div class='ocr_carea' id='block_1_14' title="bbox 279 2610 1364 2881">
    <p class='ocr_par' dir='ltr' id='par_1_15' title="bbox 279 2610 1364 2881">
     <span class='ocr_line' id='line_1_37' title="bbox 699 2610 964 2645; baseline 0.004 -1"><span class='ocrx_word' id='word_1_259' title='bbox 699 2619 702 2621; x_wconf 72' lang='grc'><strong>’</strong></span> <span class='ocrx_word' id='word_1_260' title='bbox 753 2610 964 2645; x_wconf 83' lang='grc' dir='ltr'>ΔΙΔΤΜΟΙ</span> 
     </span>
     <span class='ocr_line' id='line_1_38' title="bbox 826 2677 883 2720; baseline 0 0"><span class='ocrx_word' id='word_1_261' title='bbox 826 2677 883 2720; x_wconf 91' lang='grc'><strong><em>80</em></strong></span> 
     </span>
     <span class='ocr_line' id='line_1_39' title="bbox 279 2750 1364 2814; baseline 0.005 -18"><span class='ocrx_word' id='word_1_262' title='bbox 279 2750 303 2796; x_wconf 90' lang='grc' dir='ltr'>ὁ</span> <span class='ocrx_word' id='word_1_263' title='bbox 333 2753 424 2809; x_wconf 83' lang='grc' dir='ltr'><strong><em>γὰρ</em></strong></span> <span class='ocrx_word' id='word_1_264' title='bbox 454 2754 699 2810; x_wconf 84' lang='grc' dir='ltr'><strong><em>παράσιτός</em></strong></span> <span class='ocrx_word' id='word_1_265' title='bbox 728 2754 868 2811; x_wconf 80' lang='grc' dir='ltr'><strong><em>ἐστιν,</em></strong></span> <span class='ocrx_word' id='word_1_266' title='bbox 899 2752 958 2800; x_wconf 75' lang='grc' dir='ltr'><strong><em>ἂν</em></strong></span> <span class='ocrx_word' id='word_1_267' title='bbox 988 2755 1138 2814; x_wconf 74' lang='grc' dir='ltr'><strong><em>ὀρθῶς</em></strong></span> <span class='ocrx_word' id='word_1_268' title='bbox 1167 2759 1364 2814; x_wconf 80' lang='grc' dir='ltr'><strong><em>σκοπῇς,</em></strong></span> 
     </span>
     <span class='ocr_line' id='line_1_40' title="bbox 279 2820 1364 2881; baseline 0.004 -17"><span class='ocrx_word' id='word_1_269' title='bbox 279 2821 506 2873; x_wconf 85' lang='grc' dir='ltr'><strong><em>κοινωνὸς</em></strong></span> <span class='ocrx_word' id='word_1_270' title='bbox 534 2820 724 2879; x_wconf 81' lang='grc' dir='ltr'><strong><em>ἀμφοῖν,</em></strong></span> <span class='ocrx_word' id='word_1_271' title='bbox 754 2826 833 2880; x_wconf 85' lang='grc' dir='ltr'><strong><em>τῆς</em></strong></span> <span class='ocrx_word' id='word_1_272' title='bbox 860 2826 1000 2881; x_wconf 84' lang='grc' dir='ltr'><strong><em>τύχης</em></strong></span> <span class='ocrx_word' id='word_1_273' title='bbox 1029 2825 1103 2868; x_wconf 82' lang='grc' dir='ltr'><strong><em>καὶ</em></strong></span> <span class='ocrx_word' id='word_1_274' title='bbox 1132 2826 1216 2868; x_wconf 90' lang='grc' dir='ltr'><strong><em>τοῦ</em></strong></span> <span class='ocrx_word' id='word_1_275' title='bbox 1243 2826 1364 2881; x_wconf 83' lang='grc' dir='ltr'><strong><em>βίου.</em></strong></span> 
     </span>
    </p>
   </div>
  </div>
 </body>
</html>
