1806 3216
528 196 790 232 ΠΔΔΛΔΚΙΣ
838 195 1123 231 ΠΔΡΔΣῘΤΟΣ
1523 193 1606 237 561

14 301 204 346 4δοῙοιιᾱί
240 302 430 343 videntur
460 300 507 342 G.
538 302 588 342 A.
618 301 846 353 Hireehigio
883 300 990 341 Ann.
1020 300 1109 340 erit.
1140 300 1207 340 28.
1257 312 1347 339 cum
1384 299 1528 339 ultimo
1558 298 1609 339 ef.

9 359 201 401 Alexid.
232 360 335 409 212,
367 360 406 401 5.

157 417 197 461 2.
229 420 324 472 νικᾷ
352 413 397 455 δὲ
426 414 534 468 χρεία
563 411 607 467 μ’
630 410 656 467 ἡ
686 419 820 463 κακῶς
851 409 888 454 τ’
917 411 1110 465 ὀλουμένη
1136 411 1144 468 Ι
1169 411 1341 467 γαστήρ,
1370 408 1445 463 ἀφ’
1478 406 1528 464 ἧς
1558 409 1610 463 δὴ

0 497 9 532 *e
41 467 173 515 πάντα
210 471 364 527 γίνεται
392 470 497 514 κακά
528 473 668 524 Eurip.
699 473 751 512 fr.
784 473 864 513 907
896 472 947 512 N.
985 469 1051 525 (ex
1082 471 1208 512 Clem
1239 470 1355 512 Alex.
1388 470 1538 510 Strom.
1570 470 1609 517 6,

0 553 6 580 ἱ

46 528 196 584 2‚12).
800 582 853 625 61

250 662 362 707 ὅταν
391 677 446 719 με
476 661 644 719 καλέσῃ
675 661 893 712 πλούσιος
923 661 1112 704 δεῖπνον
1141 664 1300 716 ποιῶν,

249 731 306 775 οὐ
336 733 545 774 κατανοῶ
574 728 627 773 τὰ
657 727 873 786 τρίγλυφ’
905 726 1008 772 οὐδὲ
1039 728 1119 780 τὰς
1149 730 1329 784 στέγας,

248 798 357 843 οὐδὲ
388 797 608 854 δοκιμάζω
640 798 748 849 τοὺς
778 799 1057 853 Κορινθίους
1086 796 1279 852 κάδους,

252 866 407 918 ἀτενὲς
436 867 486 910 δὲ
515 868 638 923 τηρῶ
668 869 750 909 τοῦ
780 868 1000 921 μαγείρου
1029 864 1110 909 τὸν
1141 865 1330 908 καπνόν.

198 946 220 978 5
250 932 338 979 κᾶν
364 937 450 991 μὲν
480 933 682 990 σφοδρὸς
712 935 963 990 φερόμενος
993 935 1055 985 εἰς
1084 931 1230 990 ὀρθὸν
1259 934 1414 990 τρέχῃ,

249 1006 420 1060 γέγηθα
452 1003 527 1046 καὶ
556 1005 698 1059 χαίρω
728 1018 777 1046 τε
806 1001 881 1045 καὶ
910 1002 1230 1058 πτερύττομαι·

251 1068 310 1115 ἂν
340 1072 389 1115 δὲ
420 1071 609 1126 πλάγιος
639 1069 715 1114 καὶ
744 1069 927 1127 λεπτός,
959 1068 1132 1121 εὐθέως
1161 1073 1253 1113 νοῶ

250 1139 319 1184 ὅτι
349 1140 483 1184 τοῦτό
511 1154 589 1195 μοι
617 1138 668 1183 τὸ
699 1139 887 1182 δεῖπνον
916 1133 1010 1181 ἀλλ’
1043 1137 1148 1181 οὐδ’
1180 1131 1277 1194 αἷμ’
1309 1139 1410 1194 ἔχει.

159 1235 389 1276 Athenaeus
421 1237 466 1283 6,
498 1234 615 1274 236b
652 1229 674 1274 ὁ
707 1230 752 1272 δὲ
788 1229 896 1286 παρὰ
933 1231 985 1287 τῷ
1024 1231 1185 1286 Διφίλῳ
1223 1227 1479 1286 (παράσιτος)
1519 1227 1611 1271 τάδε

45 1291 173 1344 φησίν
192 1294 273 1332 κτλ.
353 1294 393 1332 2.
426 1290 472 1331 τὰ
503 1289 797 1344 τριαγλυφουδε
817 1290 867 1330 Α.
947 1273 986 1330 5.
1009 1289 1195 1340 σφοδρῶς
1217 1290 1260 1331 C.
1341 1291 1379 1329 6.
1402 1303 1442 1328 τε
1462 1287 1609 1342 Dobr.]

47 1363 84 1389 τι
104 1351 153 1390 A.
185 1344 446 1400 πτερύττομαι
467 1348 606 1388 Dindf.
610 1346 628 1400 ]
658 1345 925 1400 πτερύσσομαι
945 1347 995 1386 A.
1025 1347 1120 1389 fort.
1141 1341 1296 1398 γέγηθά
1325 1341 1361 1384 τ’
1384 1342 1611 1395 ἆσπαίρω

45 1420 86 1446 τε
116 1407 199 1447 κτλ.
229 1407 431 1458 palpitant
460 1406 565 1445 enim
595 1405 717 1444 etiam
746 1406 815 1455 qui
845 1417 965 1499 sulpra
993 1404 1157 1443 modum
1186 1405 1400 1444 laetantur.
1490 1405 1528 1443 7.
1559 1417 1615 1442 αν

44 1463 162 1504 Grot.
193 1464 378 1515 Excerpt.
413 1460 514 1516 799]
545 1459 616 1500 ἐὰν
645 1463 693 1514 A..
782 1461 823 1501 8.
854 1475 880 1499 α
898 1475 953 1512 μα
982 1460 1031 1500 A.

163 1521 202 1560 2.
234 1521 285 1560 ef.
316 1520 439 1560 Arist.
471 1519 591 1570 Vesp.
626 1519 748 1557 1214.
780 1519 818 1557 5.
926 1520 963 1558 6.
994 1512 1282 1568 πτερύττεσθαι
1323 1517 1482 1568 proprie
1521 1529 1614 1557 aves

48 1577 240 1676 dni-euntlur
268 1577 531 1674 Ιὲθιρῖδιιιιᾶιιο
561 1576 625 1616 vel
657 1575 830 1617 timidae.
881 1574 1045 1615 Lucien.
1076 1574 1168 1614 Ver.
1191 1571 1238 1617 ⁷h.
1271 1575 1309 1625 2,
1340 1575 1408 1613 41.
1457 1574 1613 1613 Aelian.

128 1648 251 1675 amm.
312 1665 322 1686 ,
387 1666 395 1674 .

768 1774 948 1831 ἀγνοεῖς
978 1774 1030 1818 ἐν
1058 1782 1155 1826 ταῖς
1183 1773 1315 1830 ἀραῖς

283 1844 308 1889 ὃ
336 1862 379 1890 τι
413 1845 553 1902 ἐστίν,
586 1849 630 1888 εἴ
654 1861 719 1896 τις
747 1842 807 1900 μὴ
838 1842 1018 1900 φράσει’
1051 1842 1202 1898 ὀρθῶς
1232 1840 1355 1898 ὁδόν,

281 1910 311 1970 ἦ
340 1916 431 1968 πῦρ
463 1912 681 1968 ἐναύσει’,
711 1909 741 1969 ἢ
770 1910 1045 1968 διαφθείρει’
1076 1909 1227 1967 ὕδωρ,

281 1981 312 2039 ἢ
342 1983 562 2026 δειπνιεῖν
591 1982 812 2038 μέλλοντα
842 1979 1043 2023 κωλύσαι
1075 1979 1200 2031 τινά;

163 2078 394 2118 Athenaeus
431 2079 477 2126 6,
518 2077 600 2116 238
617 2076 636 2115 f
677 2074 845 2125 Δίφιλος
891 2070 931 2113 δ’
979 2072 1023 2113 ἐν
1068 2073 1281 2127 Παρασίτῳ
1325 2088 1379 2125 με
1390 2076 1410 2113 λ
1420 2072 1474 2113 λ’
1453 2088 1475 2113 ο
1487 2089 1539 2113 ντ
1550 2088 1581 2113 ω
1592 2089 1615 2113 ν

0 2171 8 2175 ,
49 2133 292 2187 γίνεσθαι
335 2147 503 2186 γαμων
546 2130 634 2172 τὸν
672 2130 953 2182 παράσιτον
990 2135 1129 2170 ποιεῖ
1161 2129 1372 2183 λέγοντα
1410 2130 1503 2170 ια’δε
1533 2133 1614 2171 κτλ.

52 2193 90 2234 2.
127 2187 289 2243 φράσει’
330 2188 517 2243 Person]
558 2185 729 2241 φρασειή
767 2188 816 2228 A.
935 2190 974 2230 3.
1014 2185 1173 2227 ἐναύσει
1212 2191 1253 2228 et
1297 2187 1526 2239 διαφθείρει
1564 2189 1614 2227 A.

51 2250 92 2288 4.
131 2248 328 2287 δειπνιεῖν
359 2247 539 2287 Erfurdt.
571 2246 668 2289 obs.
699 2242 804 2299 459]
835 2244 1015 2284 δειπνεῖν
1044 2245 1093 2283 A.
1183 2243 1363 2284 κωλύσαι
1400 2242 1506 2298 Erf]
1536 2259 1614 2283 κω-

51 2303 250 2402 λύσηιίιιΑ
254 2361 465 2412 proverbio
509 2362 625 2400 erant
667 2353 763 2425 ἀραὶ
808 2354 1047 2410 Βουζύγειοι.
1118 2358 1299 2409 Append.
1337 2371 1449 2409 prov.
1486 2360 1528 2406 1,
1562 2360 1611 2398 61

56 2418 307 2471 Βουζύγης..
327 2415 445 2457 ,ἄλλα
475 2430 514 2456 τε
535 2407 659 2455 πολλα
687 2412 828 2467 ἀρᾶται
849 2412 915 2454 καὶ
945 2417 1026 2461 τοῖς
1053 2411 1115 2466 μὴ
1146 2414 1454 2453 κοινωνοῦσι
1487 2414 1615 2463 (μετα-

0 2498 4 2505 ·
34 2474 300 2527 cadomo..
319 2469 489 2521 ,υδατος
519 2470 547 2524 ἢ
575 2470 730 2524 πυρὸς
760 2468 789 2522 ἢ
815 2486 875 2523 μη
907 2468 1282 2520 ὖποφαίνουσιν
1310 2468 1430 2511 ὁδὸν
1457 2473 1614 2510 πλανω-

54 2531 202 2585 μένοις.
262 2530 342 2571 Cic.
374 2529 451 2570 Off.
482 2532 530 2583 3,
563 2531 634 2577 13,
667 2530 719 2567 55
766 2530 966 2568 erranti
1006 2533 1134 2568 viam
1175 2541 1277 2568 non
1319 2531 1614 2575 monstrare,

0 2583 2 2606 ³
57 2591 158 2641 quod
196 2587 363 2628 Athenis
407 2586 733 2627 exsecrationibus
769 2582 946 2634 publicis
981 2581 1172 2638 (Buzyyis
1201 2584 1389 2624 Valcken.
1423 2584 1614 2624 Herodot.

59 2649 96 2696 7,
128 2643 230 2699 231)
257 2651 438 2684 sanctum
474 2647 539 2683 est.
600 2642 644 2684 C.
675 2642 720 2681 F.
753 2641 971 2681 Hermann.
1002 2642 1099 2681 Ant.
1129 2655 1226 2682 sacr.
1256 2644 1303 2691 9,
1332 2643 1370 2681 9.
1402 2642 1475 2689 22,
1511 2643 1530 2679 1
1556 2654 1614 2691 sq.

35 2677 112 2744 ’Μ.
134 2703 282 2752 Haupt.
304 2700 449 2751 opusc.
471 2700 533 2739 ΙΙΙ
554 2701 652 2739 506.
742 2699 781 2738 3.
812 2711 902 2738 cum
932 2698 982 2737 ad
1012 2703 1093 2750 πῦρ
1125 2694 1299 2737 evadam
1321 2695 1489 2750 (cratin.
1513 2695 1615 2750 409)

1 2754 8 2758 ²
61 2759 329 2812 supplendum
360 2758 413 2796 sit
441 2754 520 2808 μή,
559 2757 607 2796 ad
638 2753 886 2807 διαφθείρειε
916 2767 996 2794 ιιοιι
1027 2756 1146 2800 item,
1178 2754 1427 2795 scribendum
1458 2754 1618 2794 videtur

0 2813 26 2852 t·
59 2816 102 2857 εἰ
129 2816 274 2882 διαφθ.
297 2815 377 2855 κτλ.
465 2813 503 2851 4.
536 2813 610 2853 ioci
630 2825 747 2852 causa
774 2808 870 2863 παρ’
893 2807 1112 2861 ὑπόνοιαν.
1144 2812 1302 2862 ‘siquis
1323 2811 1468 2851 amicos
1489 2811 1616 2861 epulis

0 2900 16 2915 .‚
58 2874 237 2923 excipere
252 2872 450 2911 volentem
472 2870 693 2920 p10h1beat
714 2881 825 2908 sacer
838 2871 959 2908 esto’:
981 2873 1181 2919 tamquam
1202 2869 1285 2908 sint
1305 2869 1373 2918 qui
1394 2868 1434 2906 id
1456 2867 1615 2906 faciant.

0 2928 10 3031 ξ,
29 2955 31 2957 ,

128 2942 244 2971 Comici
262 2941 423 2974 gaeon·
407 2940 456 2967 ed.
474 2940 535 2967 Th.
555 2941 607 2967 Ko
615 2940 666 2967 ek.
684 2940 727 2967 11.
1303 2936 1347 2969 36
