1890 3190
503 177 806 215 ΔΤΣΠΡΑΊὈΣ
838 196 880 203 -
913 176 1208 213 ΕΤΘΤΔΙΚΟΣ
1576 174 1634 218 49

68 280 309 335 heloim
350 277 596 351 Ἐπιδαυρίῳ
632 284 714 322 κτλ.
787 282 928 323 Pollux
959 284 999 332 9,
1021 284 1074 322 99
1120 278 1213 329 τοὺς
1256 273 1527 333 ἀστραγάλους
1566 278 1634 321 καὶ

50 334 237 395 ’ὄπρίας
265 337 368 380 dclv
395 339 435 379 οἳ
464 322 682 392 ὠνόμαζον,
706 333 948 391 Ἀντιφάνης
978 336 1023 378 δὲ
1051 336 1119 378 καὶ
1146 334 1364 392 α’στρίχους.

821 461 876 504 93

336 513 536 574 ἡκρόασο

181 608 272 653 ἀντὶ
301 617 374 652 τοῦ
402 608 545 665 ἠκροῶ.
574 609 818 662 Ἀντιφάνης
845 606 1086 665 Ἐπιδαύρῳ.
1118 612 1288 652 Bekker.
1310 612 1464 652 Anecd.
1488 613 1555 661 98,
1567 613 1635 651 28.

49 669 174 766 {invisile-
195 664 482 767 ’ἐκὲἕᾶἒοὸἔοά
503 671 545 708 et
563 669 730 709 Bekker.
753 670 815 709 est
834 670 941 709 enim
964 670 1003 708 2.
1025 682 1130 719 pers.
1153 669 1470 720 plusquamperf.
1493 669 1634 709 Cobet.

704 826 999 862 ΕΠῙΚΑΗΡΟΣ

179 908 324 949 Pollux
355 909 405 959 3,
428 909 481 950 33
519 903 546 958 ἡ
578 905 641 947 ἐπὶ
671 906 791 947 παντὶ
821 907 873 963 τῷ
903 906 1034 974 κληρῳ
1064 905 1285 976 τρεφομένη
1313 904 1417 960 μόνη
1446 907 1635 960 θυγάτηρ

66 961 357 1018 ἐπίκληρος,
394 960 598 1017 περιόντος
630 978 669 1004 τε
700 964 770 1003 τοῦ
799 948 948 1017 πατρὸς
979 962 1047 1004 καὶ
1075 961 1368 1011 ἀποθανόντος.
1430 966 1480 1005 cf.
1514 966 1637 1005 Meier

69 1025 112 1063 ot
148 1022 327 1063 Schoem.
359 1022 445 1061 Att.
479 1022 594 1062 Proc.
626 1023 724 1063 468.
753 1023 791 1062 9.
858 1023 1069 1072 Epicleron
1098 1023 1291 1073 scripsere
1320 1023 1440 1062 etiam
1478 1022 1632 1069 Alexis,

65 1079 284 1130 Diodorus,
315 1079 520 1130 Diphilus,
555 1079 782 1127 Menander,
815 1092 859 1118 ac
895 1079 1020 1119 latine
1052 1079 1250 1119 Caecilius
1282 1080 1455 1127 Statius,
1489 1079 1633 1118 Sextus

70 1135 291 1187 Turpilius.
344 1135 392 1175 Ο.
422 1135 613 1175 Ribbeck.
645 1135 755 1175 Com.
786 1136 903 1176 Rom.
938 1133 1006 1176 fr.²
1035 1150 1074 1187 p.
1096 1132 1257 1178 40.'91.

339 1320 375 1368 ὦ
405 1327 570 1381 γῆρας,
602 1323 663 1376 ὥς
693 1309 867 1368 &adom
896 1325 1214 1382 ἀνθρώποισιν
1244 1323 1286 1369 εἴ

339 1393 575 1449 ποθεινόν,
606 1391 668 1444 ὥς
698 1392 930 1450 εὔδαιμον,
962 1391 1054 1438 εἶθ’
1076 1393 1186 1438 ὅταν
1216 1397 1363 1452 παρῇς

257 1471 260 1475 ’
341 1461 564 1518 ἀχθηρόν,
595 1461 658 1513 ὠς
686 1459 935 1519 μοχθηρόν,
967 1456 1022 1506 εὖ
1053 1463 1172 1518 λέγει
1202 1462 1254 1506 τέ
1279 1476 1330 1506 σε

340 1530 513 1585 οὐδείς,
545 1532 694 1582 κακῶς
723 1530 774 1573 δὲ
804 1533 891 1582 πᾶς
919 1546 986 1582 τις
1015 1527 1064 1582 ὃς
1096 1533 1249 1587 σοφῶς
1281 1531 1413 1586 λέγει.

184 1625 384 1665 Stobaeus
413 1625 551 1665 Floril.
576 1626 670 1674 116,
693 1627 746 1664 23
772 1619 1038 1675 Ἀντιφάνους
1069 1622 1109 1674 ἐξ
1134 1619 1377 1678 Ἐπικλήρου
1397 1626 1448 1665 Α.
1521 1627 1561 1664 4.
1592 1622 1637 1664 δὲ

41 1726 45 1730 Α
76 1694 155 1722 οιιι.
187 1685 228 1721 et
257 1679 380 1732 σοφὸς
410 1682 448 1722 Α
476 1681 598 1722 Vind.
630 1685 673 1721 et
702 1682 873 1722 Meinek.
906 1683 948 1722 in
980 1682 1094 1724 Stob.
1125 1703 1180 1711 —
1209 1687 1289 1730 πᾶς
1319 1696 1392 1733 τις,
1423 1678 1471 1721 οὐ
1500 1687 1636 1733 σοφῶς

39 1765 42 1766 ⁷
69 1738 223 1778 Nauck.
253 1738 401 1779 Inte11.‘
419 1753 453 1778 z.
484 1739 579 1790 allg.
611 1739 729 1778 Litz.
764 1740 872 1778 1847
903 1753 942 1790 p.
966 1740 1063 1781 489.

182 1796 225 1835 in
256 1809 294 1837 v.
320 1797 345 1835 3
375 1796 612 1836 vocabulum
641 1796 825 1835 ‘relictum
855 1798 916 1836 est
944 1797 994 1835 ab
1024 1796 1259 1846 editoribus,
1289 1797 1398 1847 quod
1422 1810 1551 1847 neque
1572 1809 1636 1836 us-

72 1865 192 1904 quam
221 1854 447 1903 reperiatur
476 1855 518 1892 et
545 1854 671 1892 totam
702 1853 944 1921 sententiam
974 1855 1192 1904 pervertat,
1225 1849 1421 1905 ἅχθηρόν.
1462 1853 1635 1893 scriben-

69 1909 189 1948 dum
203 1922 293 1949 cum
332 1910 475 1950 Bothio
512 1906 744 1961 ἤχθηραν
779 1906 834 1957 ὥς
863 1907 1082 1961 μοχθηρόν,
1132 1910 1182 1949 cf.
1213 1910 1339 1950 Arist.
1369 1911 1471 1949 Ran.
1506 1911 1628 1949 1425.

41 1962 43 1965 ’
73 1964 228 2006 eratin.
249 1967 346 2006 317.
397 1967 571 2006 aoristus
601 1968 663 2005 est
692 1967 1004 2018 consuetudinis,
1038 1967 1383 2029 frequentissimus
1414 1967 1520 2017 apud
1551 1979 1636 2006 om-

42 2034 140 2074 7ιιιιε
169 2022 338 2063 Atticos.
392 2025 597 2074 praeterea
625 2023 667 2062 in
697 2036 735 2063 v.
759 2025 780 2062 1
814 2023 983 2063 fortasse
1023 2019 1078 2070 ὦς
1114 2015 1242 2062 ἀπὸν
1281 2020 1372 2074 μὲν
1400 2019 1523 2074 ἆνθρ.
1554 2025 1637 2062 κτλ.

47 2087 53 2091 ”
70 2081 248 2120 ceterum
277 2080 328 2120 cf.
359 2080 410 2120 fr.
441 2081 536 2120 238.

708 2203 1000 2239 ΕΤΘΤΔΙΚΟΣ

189 2284 399 2326 ‘Fortasse
429 2286 479 2325 de
508 2298 555 2325 eo
585 2285 812 2336 Euthydico
833 2285 1087 2325 denominata
1107 2288 1180 2333 est,
1214 2299 1331 2336 quem
1352 2287 1639 2326 commemorat

71 2343 288 2384 Aeschines
321 2344 356 2392 1,
378 2343 435 2382 40
464 2335 578 2389 οὗτος
609 2338 787 2392 ἐκάθητο
816 2338 859 2381 ἐν
891 2343 1076 2394 Πειραιεῖ
1102 2339 1185 2381 ἐπὶ
1214 2347 1301 2382 τοῦ
1331 2339 1636 2381 Εὐθυδίκου

71 2398 312 2450 ἰατρείου.
364 2399 413 2439 cf.
440 2399 535 2438 ibid.
561 2400 597 2447 1,
620 2399 675 2438 50
704 2401 746 2437 et
775 2398 972 2438 Suid.111
992 2399 1075 2439 469
1097 2395 1243 2451 πόρνος
1265 2397 1310 2438 ἐν
1326 2400 1511 2450 Πειραιεῖ
1535 2394 1633 2450 παρ’

76 2452 293 2510 Εὐθυδίκῳ
323 2454 568 2507 διατρίψας.’
618 2455 826 2494 Demosth.
857 2456 925 2506 40,
948 2457 1001 2495 33
1031 2452 1269 2503 Εὐθύδικος
1297 2451 1320 2495 ὁ
1352 2453 1499 2506 ἰατρός.
1543 2455 1635 2494 ‘sed

72 2513 235 2553 fuerunt
264 2513 386 2552 etiam
417 2513 485 2552 alii
504 2511 722 2563 Euthydici
751 2512 833 2552 illis
862 2512 1122 2563 temporibus.
1167 2527 1206 2554 v.
1230 2513 1422 2553 Schmidt.
1446 2511 1635 2551 Dinarch.

71 2570 161 2610 adv.
194 2570 362 2609 Demad.
393 2570 478 2610 33.’
510 2569 682 2609 Meinek.
714 2568 735 2607 I
766 2569 861 2609 326.
885 2570 924 2607 7.

825 2690 881 2734 95

619 2770 770 2813 ἔπειτα
799 2770 1066 2821 πουλύπους
1094 2770 1366 2827 τετμημένος

347 2836 398 2881 ἐν
427 2838 710 2893 βατανίοισιν
739 2836 891 2894 ἑφθός.

143 2913 259 2940 comici
276 2912 404 2944 Gnooi.
431 2912 479 2939 od.
497 2912 559 2938 Th.
578 2912 691 2939 Kook.
709 2912 752 2939 11.
1344 2909 1366 2940 4
