1890 3190
591 201 794 238 soismz
818 220 861 228 -
886 202 1123 237 ΒοΤΣιΡιΣ
1588 200 1643 245 37

713 304 1009 340 semermos

189 384 410 438 Βομβυλιός
440 390 501 427 est
529 383 677 438 ‘poculi
698 399 825 437 genus
855 388 1029 438 angusto
1059 385 1210 426 orificio
1231 388 1273 426 et
1292 386 1485 436 liquorem
1506 388 1641 437 gutte,-

72 443 148 487 fim
178 445 221 484 ot
250 443 391 484 bilbite
422 456 511 484 eum
542 443 678 483 sonitu
708 443 910 483 emittens.
965 442 1095 483 Schol.
1128 443 1192 493 Ap
1195 442 1316 483 ollon.
1339 443 1467 482 Rhod.
1493 445 1531 494 2,
1556 444 1637 483 569

69 497 255 553 βομβῦλη
292 494 397 548 εἶδος
432 498 640 552 μελίσσης,
678 497 746 538 καὶ
774 498 965 565 ποτηρίου
994 496 1040 538 δὲ
1070 457 1209 546 εἷδοςΡ.
1276 497 1635 551 .στενοτραχηλον.

69 556 213 599 Pollux
243 558 289 607 6,
311 558 365 597 98
403 553 633 622 βομβυλιὸς
657 552 702 595 δὲ
741 553 786 594 τὸ
825 550 964 594 στενὸν
1001 553 1163 620 ἔκπωμα
1199 554 1268 594 καὶ
1298 555 1483 608 βομβοῦν
1513 554 1558 596 ἕν
1587 562 1640 610 τῇ

68 610 200 663 πόσει
252 614 328 666 10,
352 615 404 654 68
435 610 478 652 τὸ
508 606 755 664 καλούμενον
784 611 986 665 κυρίλλιον
1015 606 1113 660 πρὸς
1144 617 1226 651 τιόν
1251 608 1450 652 Ἀσιανῶν
1480 611 1634 664 βομβύ-

38 692 41 694 ·
69 672 156 712 λων
181 643 440 740 Ἀντισθένης
468 668 638 734 εἴρηκεν.
688 668 838 716 Socrat.
860 670 1007 709 Athen.
1030 671 1097 718 11,
1120 669 1240 708 784d
1269 668 1310 708 οἱ
1336 666 1380 708 ἐκ
1383 668 1634 740 βομβυλιοῦ

38 739 42 742 ’
67 723 290 797 (πίνοντες)
319 725 419 766 κατὰ
448 720 592 779 μικρὸν
620 723 836 775 στάζοντες.
890 727 953 779 12,
973 726 1088 765 485a
1117 721 1342 780 (λεπαστή),
1372 719 1431 775 ἀφ
1470 741 1520 778 ης
1552 725 1640 766 ἐστι

52 821 57 827 ,
77 779 290 836 ..ἁθρόως
319 786 443 834 πιεῖν,
473 782 730 823 κατεναντίον
760 784 815 836 τῷ
845 756 1042 837 λεγομένῳ
1077 782 1315 837 βομβυλιῷ]
1347 783 1470 823 Mein.
1503 784 1522 822 I
1545 786 1641 823 311.

69 842 120 883 ef.
150 842 271 882 etiam
301 840 511 892 Koppiers.
544 840 640 883 obs.
668 841 766 891 phil.
789 841 842 880 28
859 853 918 891 sq.
949 861 1004 870 -—·
1034 841 1129 879 haec
1163 841 1300 879 omnia.
1330 842 1467 880 tamen
1497 842 1640 881 titulos

28 924 29 930 =
68 899 317 950 comparanti
353 898 489 949 quales
527 900 620 937 sunt
658 892 887 949 Κορυδαλός
926 897 1076 937 Eubuli
1105 910 1150 937 ac
1181 897 1382 937 Timothei
1415 895 1639 949 Κυνάριον,

22 965 37 998 ἵε
68 968 151 997 non
187 957 470 1007 persuaserunt
515 967 596 994 non
643 954 822 1005 potuisse
863 954 987 994 etiam
1025 967 1048 994 a
1086 954 1258 993 bestiola
1295 955 1358 993 cui
1396 967 1543 994 nomen
1580 958 1643 994 est

67 1009 285 1065 βομβυλιός
321 1012 478 1052 fabulae
514 1024 659 1051 nomen
698 1012 873 1062 petitum
914 1024 1012 1052 esse.
1049 1033 1103 1040 —-
1145 1008 1364 1063 βομβυλιός
1402 1012 1641 1062 quinquiens

10 1072 31 1230 ὲ,
72 1069 340 1110 Herodianus.

827 1144 883 1187 62

10 1221 23 1305 Ρ
884 1220 962 1272 τὰς
991 1221 1287 1278 προσφόρους

10 1303 25 1318 ·’
271 1291 380 1349 ὑμῖν
408 1291 602 1348 τροφάς,
634 1291 875 1346 σκορόδια,
906 1289 1064 1347 τυρόν,
1096 1291 1335 1347 κρόμμυα,

9 1365 16 1417 f
273 1362 506 1414 κάππαριν
545 1394 554 1404 .
592 1395 601 1404 .
639 1394 650 1404 .
688 1359 836 1402 πάντα
865 1353 994 1402 ταῦτ’
1020 1359 1144 1402 ἐστὶν
1174 1360 1384 1416 δραχμῆς.
1456 1364 1461 1368 ’

188 1457 418 1496 Athenaeus
438 1456 615 1504 4‚161e
660 1451 746 1502 ἐξὸν
775 1447 875 1492 κατὰ
904 1450 976 1492 τὸν
1004 1447 1128 1492 αυτόν
1158 1458 1298 1492 τοῦτον
1326 1451 1499 1505 ποιητὴν
1527 1449 1639 1508 ('Av·

8 1478 15 1554 1
75 1510 242 1583 τιφάνη)
265 1510 309 1552 ἐν
332 1511 598 1581 Θομβυκίῳ
625 1508 789 1563 λέγοντα
810 1508 1009 1562 (λέγονται
1026 1508 1080 1565 A)
1100 1509 1276 1562 δραχμῆς
1297 1506 1538 1562 ὠνήσασθαι
1556 1514 1639 1550 κτλ.

8 1558 16 1649 ἶ
72 1572 112 1610 2.
141 1566 254 1622 ὑμῖν,
283 1582 365 1609 non
394 1565 507 1621 ἡμῖν,
538 1569 588 1608 A.
685 1566 873 1619 σκορόδια
904 1568 1058 1608 Iacobs.
1081 1568 1218 1607 Addit.
1245 1565 1344 1620 103]
1378 1566 1562 1620 σκόροδα.
1584 1591 1641 1599 --

10 1655 11 1658 =
67 1629 111 1668 in
130 1627 193 1667 ed.
214 1627 311 1666 min.
335 1627 456 1666 Mein.
491 1628 582 1666 ante
613 1621 684 1671 τὰς
703 1623 960 1675 προσφόρους
989 1626 1123 1675 posuit
1151 1623 1340 1677 δραχμῆς,
1371 1626 1413 1665 in
1434 1626 1640 1665 Athenaeo

67 1685 187 1724 etiam
218 1697 288 1731 τας
317 1679 570 1751 προσφόρους
607 1677 708 1733 ὑμῖν
743 1677 893 1733 τροφάς
924 1695 1015 1721 cum
1054 1682 1243 1722 Dobraeo
1274 1695 1298 1721 a
1333 1684 1474 1732 poetae
1504 1684 1639 1722 verbis

65 1741 247 1781 secludit.
349 1741 388 1780 3.
420 1737 537 1786 ε’λαας
566 1740 630 1779 vel
650 1736 813 1788 ἄνηθον
832 1739 995 1789 supplet
1014 1739 1160 1778 Dobr.:
1192 1741 1235 1779 at
1264 1739 1403 1789 quidni
1435 1737 1638 1778 ἕλαιονῖ

68 1798 120 1838 ef.
141 1797 190 1839 fr.
208 1797 275 1837 70.
306 1797 458 1838 Iaoobs.
491 1793 561 1835 καὶ
590 1790 800 1847 κάππαρίν
827 1791 888 1847 γ’·
918 1792 1080 1834 ἅπαντα
1109 1797 1221 1846 κτλ.,.
1238 1796 1390 1835 Nauck.
1413 1796 1560 1835 Philol.
1583 1796 1640 1834 VI

65 1855 148 1894 416
188 1849 418 1905 κάππαριν·
458 1847 726 1901 ἁπαξάπαντα
763 1853 845 1892 κτλ.
904 1852 1162 1891 Herwerden.
1199 1852 1303 1892 Nov.
1337 1852 1427 1894 add.
1464 1853 1552 1892 orit.
1586 1854 1637 1892 19

67 1909 303 1963 κάππαριν·
337 1905 497 1949 ἅπαντα
527 1914 651 1948 ταῦτα
679 1914 776 1960 μιᾶς
807 1906 913 1948 ἐστιν
942 1908 1019 1961 δρ..
1056 1922 1219 1949 caesura
1246 1909 1505 1949 intolerabili.

823 2042 879 2085 63

178 2127 322 2167 Pollux
345 2127 504 2174 10,179
537 2124 599 2176 εἴη
630 2121 670 2164 δ’
689 2121 745 2172 «iv
773 2123 841 2164 καὶ
865 2122 1003 2172 κόιξ”
982 2139 1026 2163 εν
1055 2138 1092 2163 τι
1121 2123 1202 2163 τῶν
1231 2118 1514 2175 πλεγμάτων.
1534 2134 1634 2164 ,σα-

67 2188 161 2234 φως
194 2180 236 2222 δὲ
266 2175 364 2222 αὐτὸ
389 2177 631 2234 Ἀντιφάνης
669 2168 712 2221 ἐν
742 2182 956 2251 Βομβυλιῷ
986 2181 1102 2232 δηλοῖ
1130 2179 1273 2220 εἰπών·
1310 2177 1523 2233 ἀγγεῖον
1551 2175 1638 2220 ἆλ-

66 2232 285 2292 φιτηρὸν
321 2236 343 2278 ὃ
380 2236 498 2288 κόιξ.
600 2235 819 2290 ἆλφιτηρὸν
850 2238 990 2279 Cobet.
1022 2239 1169 2278 Mnem.
1192 2238 1228 2276 V
1252 2237 1351 2291 194]
1383 2234 1632 2290 ἆλφιτήριον.

64 2298 188 2338 verba
221 2299 360 2348 poetae
390 2310 435 2336 ea
464 2309 549 2336 esse
578 2309 679 2346 quae
708 2297 852 2335 Pollux
882 2296 1009 2335 tradit
1043 2295 1203 2335 credere
1233 2308 1315 2334 non
1344 2308 1518 2346 possum.
1570 2308 1631 2335 ce-

76 2359 207 2394 terum
238 2354 288 2394 cf.
319 2354 503 2393 Pherecr.
527 2354 592 2392 78.

345 2484 628 2541 κνισολοιχός
826 2427 884 2471 64

182 2569 408 2609 Athenaeus
439 2570 589 2619 3,125
606 2569 626 2607 f
658 2572 729 2606 τοῦ
758 2569 1005 2618 κνισολοιχοῦ
1035 2563 1080 2605 δὲ
1110 2564 1177 2606 καὶ
1204 2562 1452 2617 Ἀντιφάνης
1481 2580 1635 2626 μνημο-

70 2621 179 2666 νεύει
212 2623 257 2665 gv
287 2624 505 2679 Βομβυλιῷ.
608 2626 855 2675 κνισολοιχοῦ
885 2621 1027 2676 Mein.]
1059 2622 1317 2675 κνισολοίχου.

731 2780 968 2816 ΒΟΤΣΙΡΙΣ

183 2862 245 2903 Cf.
277 2877 378 2915 quae
408 2863 458 2903 ad
489 2862 641 2903 Cratini
671 2862 848 2902 fabulam
877 2863 1156 2914 cognominem
1185 2861 1476 2902 adnotavimus.

5 2998 26 3190 ῃ--ο-Ψ-,ν
6 2940 23 2988 Ὗς7
8 2926 9 2929 „
0 2163 22 2914 17-*aeqp-Wxas-gffizsmmwww
7 2107 12 2153 ...ἢ
7 2055 12 2095 Γ..
7 2004 11 2046 ..-
7 1907 15 1952 ..4
7 1822 12 1893 num.
