1806 3216
532 171 824 217 Ammor—
849 170 1111 207 Anmpoz
1519 166 1605 210 543

309 331 582 389 ἐκφυγγάνω
809 275 833 317 7

154 415 326 466 Δίφιλος
358 411 566 469 Εὐνούχῳ.
601 415 768 454 Bckker.
802 414 950 454 Anecd.
985 414 1141 464 95,17.

803 526 830 567 8

309 582 458 627 κάθου

154 666 322 718 Δίφιλος
351 662 560 720 Εὐνούχῳ.
595 665 762 705 Bekker.
794 664 944 704 Anecd.
971 664 1151 717 100,31.
1198 664 1246 703 cf.
1279 658 1602 703 Anaxandr.'13.

805 776 832 818 9

150 860 322 902 Bekker.
345 859 498 900 Anecd.
523 860 616 907 101,
635 860 687 899 29
718 859 828 898 κλεῖν
856 854 1012 908 ἀξιοῦσι
1044 854 1187 911 λέγειν,
1218 853 1266 895 οὐ
1296 855 1486 896 κλεῖδα.
1532 855 1603 895 Δί-

38 920 152 970 φιλος
192 912 399 988 Εὐνούχῳ
461 916 613 968 Diphili
652 930 736 956 esse
773 929 873 968 quae
911 916 1163 956 Herodianus
1194 914 1242 954 G.
1273 910 1491 953 Hermanni
1522 914 1602 951 441

35 976 169 1016 adfert
206 971 228 1014 ὁ
265 971 304 1014 δ’
334 970 517 1027 ἀγοράζει
551 969 674 1012 κλεῖδ’
705 971 807 1040 ἔχων
845 974 1067 1012 arbitratur
1097 971 1330 1011 Meinekius.
1390 972 1430 1010 in
1462 971 1606 1021 quibus

38 1033 198 1073 videtur
227 1045 366 1072 servus
396 1031 632 1082 significari,
673 1032 734 1070 cui
773 1031 958 1070 dominus
988 1031 1136 1070 clavem
1159 1029 1363 1080 penariam
1394 1028 1605 1067 commisit.

682 1142 956 1177 ΑΛΕΙΠΤΡῙΑ

152 1226 287 1277 Etym.
320 1226 554 1275 m.61,10
584 1223 651 1264 δεῖ
674 1221 886 1276 γινώσκειν
915 1220 977 1262 ὅτι
1006 1221 1222 1276 γέγραπται
1254 1221 1411 1276 Διφίλῳ
1443 1221 1495 1276 τῷ
1526 1236 1604 1261 κω-

37 1287 140 1337 μικῷ
185 1281 314 1335 δρᾶμα
360 1276 419 1335 (ὃ)
465 1279 743 1335 ἐπιγέγραπται
787 1277 1023 1332 Ἀλει’.πτρια
1088 1280 1227 1320 codem
1257 1281 1419 1319 nomine
1451 1280 1606 1319 fabulas

39 1341 287 1391 scripserunt
315 1339 589 1390 Antiphanes,
620 1339 808 1396 Amphis,
838 1338 998 1386 Alexis,
1037 1338 1106 1377 ubi
1135 1338 1185 1380 cf.
1219 1350 1317 1387 quae
1350 1337 1605 1376 adnotantua.

44 1397 270 1449 fragmenta
299 1410 380 1436 non
409 1397 677 1447 reperiuntur.
728 1381 951 1435 Meinek.1
980 1396 1077 1435 450.

698 1507 950 1542 ΑΜΑΣΤΡῙΣ

158 1591 329 1630 Videtur
359 1603 445 1630 esse
466 1587 696 1637 ‘Oxathraffi
728 1590 798 1640 qui
827 1589 907 1628 fuit
934 1588 1046 1627 Darii
1067 1586 1312 1628 Codomanni
1345 1587 1482 1637 frater,
1512 1587 1606 1636 filia,

44 1649 218 1699 primum
250 1647 418 1698 Crateri,
449 1649 591 1698 postea
620 1647 804 1697 Dionysii
835 1645 892 1684 IV
923 1645 1245 1685 Heracleensium
1277 1645 1451 1695 tyranni,
1482 1656 1607 1694 eoque

42 1707 202 1745 mortuo
231 1704 460 1755 Lysimachi
489 1704 618 1743 uxor)
654 1703 827 1742 Meinek.
858 1702 877 1741 Ι
908 1703 1003 1743 450.
1023 1704 1061 1742 1.
1092 1702 1290 1753 Droysen.
1312 1701 1426 1740 Alex.
1448 1702 1544 1740 496.
1566 1702 1605 1740 7.

43 1762 278 1802 Hellenism.
310 1761 327 1800 1
360 1762 454 1803 343.
487 1762 586 1800 462.
618 1761 715 1800 527.
746 1761 843 1800 556.
875 1760 971 1800 609.

799 1871 852 1913 10

158 1953 302 1994 Suidas
327 1950 570 2005 Ἀθηναίας·
601 1950 707 2005 πλὴν
735 1950 858 2004 πολλή
887 1965 930 2005 γε
960 1947 986 2003 ἡ
1017 1956 1152 2004 χρῆσις
1183 1956 1254 2003 τῆς
1284 1955 1425 2002 φωνῆς
1457 1944 1602 2002 (Ἀθη-

44 2011 137 2052 ναία
167 2024 239 2063 pro
264 2007 443 2066 Ἀττική)
480 2008 544 2051 ἐπὶ
574 2014 656 2051 τῶν
683 2014 890 2063 γυναικῶν
919 2006 1026 2062 παρὰ
1057 2011 1138 2056 τοῖς
1168 2004 1368 2075 ἄρχαίοις,
1407 2004 1462 2055 ὥς
1499 2005 1544 2046 οι
1569 2021 1607 2046 τε

42 2065 319 2121 προειρημένοι
346 2066 507 2120 ποιηταὶ
534 2072 778 2120 μαρτυροῦσι
807 2064 876 2106 καὶ
898 2065 1069 2116 Δίφιλος
1100 2063 1144 2105 ἐν
1170 2060 1415 2118 Ἀμαστριδι·
1447 2063 1514 2103 καὶ
1533 2062 1608 2116 γὰρ

43 2123 111 2165 καὶ
141 2123 213 2176 τὴν
243 2122 552 2176 Θεμιστοκλέους
581 2122 785 2176 θυγατέρα
811 2118 1090 2174 Ἀθηναίαν
1119 2120 1268 2173 ξένην
1297 2121 1434 2173 φησίν.
1472 2117 1610 2160 Ἀσίαν

43 2185 135 2234 post
181 2179 384 2233 θυγατέρα
423 2183 565 2222 inserit
600 2183 739 2222 Maior.
779 2181 839 2220 De
876 2181 1019 2231 gentil.
1058 2181 1147 2219 Att.
1185 2181 1254 2218 49.
1315 2180 1364 2219 cf.
1404 2179 1606 2220 Plutarch.

44 2239 183 2278 Them.
216 2240 283 2278 32
334 2235 556 2290 “’Ἀθηναία
587 2239 734 2279 dicitur
761 2237 863 2277 Asia
893 2251 939 2276 ex
970 2239 1104 2287 patre,
1146 2233 1239 2287 ξένη
1269 2239 1436 2286 propter
1465 2238 1608 2274 mater-

44 2309 138 2335 nam
170 2295 380 2346 originem.
386 2296 549 2346 'Keil.‚
580 2309 627 2335 ex
657 2295 827 2335 barbara
854 2297 991 2333 natam
1022 2305 1106 2334 esse
1137 2293 1378 2332 existimans.

695 2405 958 2440 ΑΝΔΓΤΡΟΣ

166 2487 227 2528 Cf.
259 2488 429 2528 Meinek.
461 2487 482 2527 1
510 2488 592 2527 452
631 2489 673 2526 ot
701 2499 802 2537 quae
833 2486 883 2525 ad
912 2485 1194 2536 Aristophanis
1222 2484 1459 2535 Anaqymm
1489 2484 1608 2523 adno-

45 2545 232 2585 tavimus.
283 2544 452 2584 fortasse
480 2546 616 2583 tamen
646 2543 765 2583 scrib.
794 2538 1057 2594 Ἀνοίργυρος-
1090 2542 1142 2582 cf.
1164 2542 1215 2581 fr.
1240 2543 1288 2581 11
1323 2545 1365 2580 et
1382 2541 1487 2581 Plat.
1509 2541 1608 2591 Leg.

49 2603 88 2651 3,
112 2602 244 2641 679b.
277 2601 377 2641 Poll.
401 2603 439 2649 6,
464 2602 555 2640 191.
807 2653 857 2695 ll

165 2724 691 2774 Sch01.Ven.Hom.n.9,
716 2724 794 2763 122
826 2726 868 2762 et
897 2723 1032 2774 Etym.
1063 2736 1118 2762 m.
1149 2723 1246 2773 744,
1267 2722 1320 2760 48
1352 2719 1389 2760 εἰ
1414 2718 1490 2771 γὰρ
1519 2718 1610 2771 περὶ

50 2787 120 2822 τοῦ
152 2778 344 2821 ταλάντου
374 2785 454 2820 τῶν
477 2776 680 2831 Ἑλλήνων
708 2778 802 2830 ἐστί,
833 2779 960 2831 βραχύ
992 2793 1029 2818 τι
1058 2772 1101 2818 τὸ
1131 2777 1324 2817 τάλαντον
1353 2782 1424 2816 τοῦ
1444 2776 1610 2828 χρυσίου

47 2853 102 2890 ην
130 2835 226 2891 παρ’
249 2834 400 2889 αὐτοῖς,
430 2834 485 2884 ὦς
513 2835 580 2876 καὶ
612 2836 779 2887 Δίφιλος
810 2833 854 2875 ἐν
879 2833 1086 2889 Ἀναγύρῳ
1116 2832 1266 2887 ’βραχύ
1296 2834 1335 2873 τί
1362 2831 1440 2873 ἐστι
1471 2832 1608 2873 ταλαν-
