1890 3190
398 224 676 258 ΦΡΒΛΡΡῙΟΣ
701 241 745 247 -
771 221 978 258 ΔΔΠΛΩΝ
1003 220 1272 256 ΔΡΑΜΛΤΩΝ
1533 218 1611 260 111

64 322 138 383 τὰ)
166 324 347 380 πέμματα
376 325 525 367 πέσσει.
584 328 819 380 indignatur
849 339 939 366 erus
958 325 1065 377 quod
1095 324 1145 364 ad
1174 324 1380 389 placentas
1401 322 1612 362 conficien-

148 384 336 425 mulieres
372 387 479 431 totos
517 385 650 425 alveos
689 386 819 429 mellis
858 386 1037 435 poseant.
1097 381 1147 421 de
1186 381 1323 432 coquis
1352 380 1458 431 apud
1490 379 1613 419 Athe-

77 441 207 483 'onses
237 442 288 483 cf.
319 442 482 493 Philyll.
508 443 572 482 10.
594 442 751 481 Alexid.
776 442 869 481 129.

580 564 787 599 AAHAQN
813 561 1078 597 ΔΡΑΜΑΤΩΝ

724 630 820 673 226.
852 630 934 672 227

252 697 303 742 τὸ
333 699 522 742 δεῖπνόν
554 699 649 743 ἐστι
677 700 789 754 μᾶζα
820 696 1189 754 κεχαρακωμένη

251 765 459 823 ἀχύροις,
491 765 603 821 πρὸς
633 764 861 809 εὐτέλειαν
892 764 1225 820 ἐξωπλισμένη,

253 836 328 877 καὶ
357 833 524 890 βολβὸς
554 829 618 886 εἷς
647 850 714 885 τις
742 834 819 878 καὶ
849 834 1099 889 παροψίδες
1127 832 1268 885 τινές,

252 903 415 958 σόγχος
443 918 509 953 τις
536 902 567 958 ἦ
596 902 741 958 μύκης
771 918 836 953 τις
865 898 896 958 ἦ
925 899 1104 945 τοιαῦθ’
1138 899 1169 942 ὁὶ
1199 898 1252 956 δή

197 980 218 1012 5
248 971 438 1014 δίδωσιν
466 968 574 1026 ἡμῖν
605 970 628 1013 ὁ
659 972 796 1022 τόπος
826 968 951 1014 ἄθλι’
985 967 1176 1020 ἀθλίοις.

250 1041 456 1090 τοιοῦτος
486 1035 510 1082 ὁ
539 1040 661 1095 βίος,
694 1036 916 1094 ἀπύρετος
927 1071 940 1094 ,
973 1036 1133 1094 φλέγμ’
1158 1035 1242 1080 οὐκ
1273 1038 1403 1093 ἔχων.

251 1110 302 1150 Β.
334 1104 486 1158 οὐδεὶς
514 1107 656 1161 κρέως
686 1106 910 1163 παρόντος
940 1106 1086 1150 ἐσθίει
1116 1106 1298 1162 θύμον,

253 1173 352 1218 οὐδ’
387 1175 436 1217 οῖ
460 1176 702 1226 δοκοῦντες
731 1176 1056 1230 πυθαγορίζειν

251 1302 318 1350 τίς
345 1296 433 1356 γὰρ
464 1297 548 1343 οἶδ’
570 1296 699 1356 ἡμῶν
728 1301 780 1343 τὸ
809 1299 977 1355 μέλλον
1006 1298 1032 1342 ὅ
1061 1315 1104 1342 τι
1135 1302 1304 1342 παθεῖν

180 1377 223 1410 10
252 1367 459 1424 πέπρωθ’
491 1368 662 1426 ἑκάστῳ
692 1370 785 1410 τῶν
814 1370 985 1423 φίλων;
1017 1365 1129 1423 ταχύ
1158 1365 1214 1422 δή
1247 1364 1403 1422 λαβὼν

204 1483 211 1489 ,
254 1434 370 1479 ὄπτα
399 1438 600 1493 μύκητας
631 1438 871 1491 πρινίνους
898 1434 1057 1479 τουσδὶ
1089 1435 1186 1481 δύο.

165 1519 398 1560 Athenaeus
429 1521 468 1572 2,
491 1521 575 1560 600
601 1514 844 1570 Ἀντιφανης
873 1516 916 1558 τὸ
941 1517 1106 1558 δεῖπνον
1126 1541 1180 1548 —
1200 1517 1501 1571 πυθαγορίζειν.
1548 1517 1615 1558 καὶ

49 1572 281 1627 προελθων·
314 1576 373 1624 τίς
402 1574 478 1629 γὰρ
508 1579 590 1616 κτλ.
678 1591 717 1617 v.
750 1578 800 1615 11
833 1568 1052 1616 Herodian.
1083 1576 1114 1626 Ι,
1139 1577 1205 1627 61,
1228 1578 1252 1616 3
1284 1575 1471 1627 σημαίνει
1499 1572 1544 1615 δὲ
1573 1572 1615 1643 (ὅ

46 1629 200 1703 μύκης)
228 1630 295 1672 καὶ
316 1627 408 1680 τούς
437 1630 634 1681 ἀμανίτας
663 1631 757 1680 τοὺς
786 1631 877 1684 περὶ
906 1628 952 1672 τοὶ
983 1631 1131 1699 δένδρα
1150 1630 1398 1684 γινομένους,
1429 1629 1484 1680 ὦς
1504 1646 1614 1685 παρα

36 1685 296 1741 ἸἈντιφάνει·
339 1702 440 1729 οπτα
480 1688 660 1740 μύκητας
697 1689 904 1741 πρινίνους
941 1685 1081 1729 τούσδε
1119 1686 1208 1729 δύο.
1269 1691 1342 1741 60,
1365 1692 1421 1730 30
1456 1686 1617 1741 μύκητοὶ

49 1759 90 1786 τε
108 1745 176 1786 καὶ
194 1745 342 1797 μυκην
383 1747 432 1787 cf.
455 1747 495 1786 11
516 1749 611 1798 639,
637 1749 701 1787 17.
735 1749 831 1797 679,
856 1749 891 1786 1.
927 1746 1120 1787 Choerob.
1141 1746 1311 1786 Bekker.
1333 1721 1484 1787 'Anecd.
1505 1749 1613 1787 1399

49 1806 142 1855 post
179 1804 303 1844 verba
339 1817 386 1844 ex
414 1804 642 1844 Herodiano
682 1804 897 1854 exscripta,
937 1799 992 1851 ὥς
1028 1797 1138 1853 παρὰ
1170 1797 1452 1853 Ἀριστοφάνει
1487 1799 1614 1851 ὀπτὰς

35 1859 230 1912 ’μύκητας
250 1859 387 1913 πρίνιν
413 1857 503 1900 δύο.
543 1861 697 1900 fallitur
723 1860 955 1900 Dindorfius
978 1861 1186 1910 Aristoph.
1211 1861 1260 1899 fr.
1281 1873 1321 1910 p.
1341 1862 1436 1912 205,
1457 1874 1499 1901 n.
1515 1862 1613 1901 496.

0 1939 1 1946 1
49 1919 91 1958 3.
121 1931 179 1964 τις
217 1917 307 1957 add.
339 1916 450 1957 Grot.
482 1917 664 1968 Excerpe.
697 1919 792 1958 637.
911 1919 947 1959 9.
994 1915 1070 1964 τίς
1090 1912 1164 1970 γὰρ
1192 1911 1347 1955 κατοιδ’
1387 1914 1502 1969 ἡμῶν
1530 1919 1613 1957 κτλ.

49 1974 172 2014 Mein.
202 1973 320 2013 Anal.
352 1974 448 2013 Ath.
479 1975 547 2016 32.

163 2031 416 2083 conloquitur
458 2031 748 2083 Pythagorista
791 2031 937 2082 aliquis
982 2044 1071 2071 cum
1109 2031 1335 2072 adversario
1376 2032 1460 2072 eius
1499 2031 1615 2072 disei-

50 2087 197 2138 plinue,
228 2088 339 2127 cuius
368 2088 492 2128 verba
522 2090 617 2128 sunt
644 2102 684 2128 v,
709 2090 746 2128 7.
770 2090 809 2128 8.
857 2089 994 2139 itaque
1023 2101 1104 2128 non
1134 2090 1240 2128 recte
1270 2089 1494 2128 Meinekius
1525 2101 1614 2128 oum

50 2143 237 2184 Dobraeo
267 2144 370 2186 Adv.
400 2145 441 2184 II
470 2146 552 2185 298
582 2159 620 2185 v.
643 2146 682 2184 7.
707 2147 732 2185 8
763 2147 969 2196 tamquam
998 2145 1168 2185 alterum
1199 2146 1468 2197 fragmentum
1497 2158 1523 2184 a.
1551 2158 1614 2185 su·

50 2201 276 2251 perietibus
305 2201 518 2252 separavit.
610 2202 674 2242 10.
705 2206 789 2241 τῶν
818 2200 968 2252 φίλων,
999 2203 1047 2242 ut
1077 2214 1213 2242 omnes
1235 2202 1477 2254 Pythagorei
1508 2203 1616 2242 inter

50 2269 92 2297 se
120 2258 235 2298 amici
265 2261 372 2300 sunt.

254 2393 335 2433 τοῦ
365 2390 410 2434 δ’
441 2389 497 2436 ἄν
527 2406 594 2442 τις
622 2388 766 2434 ἄλλου
796 2389 909 2446 πρὸς
937 2394 1085 2446 θεῶν,
1117 2393 1239 2442 τίνος
1270 2391 1421 2436 εἵνεκα

255 2457 434 2511 εὔξαιτο
464 2461 679 2503 πλουτεῖν
710 2457 923 2514 εὐπορεῖν
953 2475 1000 2502 τε
1030 2460 1293 2516 χρημάτων,

255 2526 286 2583 ἦ
314 2529 396 2570 τοῦ
426 2526 657 2571 δύνασθαι
687 2528 1004 2584 παραβοηθεῖν
1033 2534 1127 2578 τοῖς
1158 2529 1329 2583 φίλοις,

254 2596 460 2651 σπείρειν
487 2610 535 2639 τε
567 2593 746 2650 καρπὸν
775 2594 970 2651 Χάριτος
998 2593 1182 2652 ἡδίστης
1209 2598 1358 2647 &edm

202 2671 223 2703 ὃ
254 2665 336 2706 τοῦ
365 2663 449 2718 μὲν
480 2669 601 2706 πιεῖν
630 2663 719 2718 γὰρ
750 2661 825 2706 καὶ
855 2670 1020 2719 φαγεῖν
1049 2661 1128 2715 τοὶς
1155 2661 1323 2719 ἡδονᾶς

256 2732 416 2786 ἔχομεν
446 2729 621 2787 ὁμοίας·
659 2727 761 2786 οὐχὶ
790 2737 882 2782 τοῖς
911 2733 1156 2789 λαμπροῖσι
1186 2732 1236 2774 δὲ

257 2799 458 2848 δείπνοις
487 2796 537 2842 τὸ
567 2800 729 2854 πεινῆν
758 2799 962 2843 παύεται.

165 2881 392 2922 Athenaeus
428 2883 469 2932 1,
500 2882 555 2921 3f
582 2877 827 2931 Ἀντιφάνης
865 2881 1003 2934 φησίν.
1095 2884 1132 2922 1.
1171 2880 1240 2920 τοῦ
1271 2878 1308 2919 δ’
1341 2879 1394 2921 ἄν
1424 2883 1609 2934 Porsen]
