1864 3204
354 239 554 275 ΟΔΤΣΣΕ
557 241 624 274 ΤΣ
649 239 1046 275 ΑΠΟΝῙΖΟΜΕΝΟΣ
1075 259 1113 264 -
1141 238 1369 274 ΟΛΤΝΘΙΛ
1559 237 1644 281 355

194 310 422 385 Athenaeus
455 347 528 394 10,
550 346 680 384 4218
703 341 798 384 οὐδὲ
839 341 976 396 ὕβρεις
1020 342 1087 384 καὶ
1129 340 1482 397 προπηλακισμοὺς
1521 340 1649 398 (ποιεῖ

5 432 10 437 -
81 396 234 449 εὐτελὲς
262 400 463 456 δεῖπνον),
495 398 548 450 ὥς
571 400 723 450 ’Ἀλεξις
754 399 797 441 ἕν
813 398 1002 441 Οδυσσεῖ
1023 398 1241 449 ὑφαίνοντι
1259 404 1454 454 μαρτυρεῖ
1467 399 1533 445 διὰ
1556 399 1643 440 τού-

81 473 162 499 των
190 461 270 499 κτλ.
321 460 405 499 sine
436 460 592 500 fabulae
622 460 846 500 auctorisve
876 460 1022 499 indicio
1053 473 1090 502 v.
1109 460 1133 499 3
1165 455 1209 512 (ἡ
1231 455 1409 512 σκῶψις)
1432 481 1479 486 -
1499 461 1522 499 6
1554 454 1644 512 (τύ-

81 512 275 570 πτεσθαι)
311 516 545 556 Eustathius
578 518 705 562 1312,
735 517 802 556 38.
910 517 948 556 2.
998 513 1234 567 καθημέραι
1272 517 1323 556 A.
1430 517 1468 555 3.
1508 517 1647 555 πλεῖον

84 571 329 625 Schweigh]
360 570 480 612 πλέον
517 575 553 613 A
584 576 624 612 et
655 573 769 612 Eust.
860 574 901 612 in
930 573 1040 612 exitu
1070 574 1237 613 fortasse
1266 569 1294 623 ἢ
1323 569 1453 623 τέρπει
1483 569 1644 620 πότος.

82 631 122 669 4.
151 629 302 682 γίνεται
333 632 380 670 A.
460 626 530 683 ἂν]
560 626 614 668 ὃν
643 628 835 678 Valcken.
857 630 1004 669 Phoen.
1030 631 1137 669 1651
1161 644 1199 681 p.
1218 631 1315 670 556.
1406 631 1441 669 6.
1475 631 1522 697 Β.
1553 630 1645 669 add.

83 686 363 726 Wilamowitz.
394 687 530 727 Herm.
555 686 632 726 VII
658 687 746 726 147
765 688 801 727 8.
892 688 930 726 7.
962 686 1002 725 τί
1025 685 1204 738 μάντεως
1234 684 1286 740 L]
1319 690 1437 738 τιμᾶν
1466 683 1561 733 τέως
1593 688 1644 726 Α.

84 740 184 796 ἔδει]
215 754 259 782 σε
289 743 355 782 δεῖ
381 744 570 795 Hirsehig
600 740 675 795 (P).
707 744 877 784 fortasse
908 740 1034 789 οὕτως
1063 739 1207 794 κούχὶ
1234 741 1415 795 μᾶιτεῶς
1444 758 1493 796 γε
1524 743 1610 784 δεῖ.

199 801 236 840 2.
266 795 368 838 καθ’
383 797 535 854 ἡμέραν
554 798 759 851 συμπόσια
779 804 873 840 sunt
892 803 1190 850 compotationes
1209 802 1387 841 diurnae.
1419 801 1646 851 Epicharm.

84 857 235 897 Athen.
259 858 297 908 2,
320 858 438 897 360d
450 854 629 954 {attulit
659 854 801 920 Mein.)
833 855 876 896 ἐκ
904 854 978 909 μὲν
1007 858 1158 904 θυσίας
1188 857 1325 908 θοίνα,
1357 855 1401 896 ἐκ
1430 854 1475 896 δὲ
1503 857 1649 904 θοίνας

84 908 199 961 πόσις
230 911 430 966 ἐγένετο..
489 928 513 954 κ
543 910 587 953 δὲ
617 909 754 961 πόσιος
784 919 931 965 κῶμος,
963 911 1005 953 ἐκ
1035 912 1172 965 κώμου
1193 909 1232 952 δ’
1257 909 1414 967 ἐγένεθ’
1438 910 1575 965 ὑανία,
1606 913 1650 953 ἐκ

85 967 126 1009 δ’
156 967 301 1018 ὑανίας
338 970 431 1010 δίκα
471 985 510 1010 τε
548 969 634 1023 (καὶ
669 970 904 1021 καταδίκα),
943 969 986 1010 ἐκ
1025 968 1070 1010 δὲ
1107 970 1323 1019 καταδίκας
1368 969 1484 1010 πέδαι
1514 986 1554 1011 τε
1583 971 1652 1012 καὶ

87 1024 241 1075 σφαλὸς
271 1025 341 1066 καὶ
369 1027 499 1079 ζαμία.
531 1050 584 1056 -
623 1029 920 1079 conloquuntur
949 1041 1062 1068 senes
1093 1029 1189 1078 duo,
1237 1029 1387 1068 similes
1416 1030 1578 1068 illorum
1607 1030 1651 1068 in

86 1084 265 1124 Terentii
294 1085 766 1134 Heautontimorumeno,
804 1085 907 1124 alter
936 1085 1149 1125 admodum
1187 1098 1370 1135 severus,
1409 1087 1510 1126 alter
1539 1087 1650 1126 mitis

86 1144 128 1180 et
155 1141 205 1180 ad
234 1142 523 1193 ignoscendum
554 1142 696 1182 facilis.

826 1219 905 1262 157

202 1301 430 1342 Athenaeus
461 1303 499 1351 6,
521 1302 634 1340 24οο
662 1298 873 1351 παράσιτοι
903 1297 944 1339 δ’
969 1298 1036 1340 ἐπ’
1056 1298 1251 1352 ὀνόματος
1282 1298 1462 1354 ἐγένοντο
1475 1300 1550 1354 μὲν
1573 1304 1649 1341 Τι-

85 1355 357 1409 θύμαλλος,
387 1351 438 1397 οὔ
466 1354 705 1441 μνημονεύει
726 1355 935 1406 Ἄλεξις..
955 1355 1027 1398 ,ἐν
1051 1355 1241 1398 Ὀδυσσεῖ
1262 1355 1486 1409 ὑφαίνοντι

664 1482 1068 1517 ΟΛΤΜΠΙΟΔΩΡΟΣ

203 1562 479 1614 olympiodori
509 1563 733 1614 antiquitus
763 1576 852 1603 cum
886 1564 1047 1603 omnino
1078 1565 1194 1603 multi
1225 1564 1390 1604 fuerunt
1409 1567 1496 1604 tum
1519 1566 1652 1606 Alexi-

91 1620 152 1660 dis
182 1623 328 1660 aetate.
378 1621 447 1660 sed
477 1621 566 1670 quis
597 1626 736 1659 eorum
764 1621 923 1660 fabulae
953 1633 1099 1661 nomen
1130 1621 1285 1660 dederit
1314 1622 1480 1661 dubium
1511 1626 1585 1662 est.

831 1732 912 1775 158

362 1812 491 1864 σῶμα
521 1809 605 1864 μὲν
636 1808 749 1865 ἐμοῦ
779 1809 830 1853 τὸ
859 1810 1035 1867 θνητὸν
1064 1805 1181 1854 αὖον
1211 1811 1410 1866 ἐγένετο,

362 1876 412 1919 τὸ
442 1875 484 1919 δ’
507 1875 740 1920 α’θάνατον
771 1877 902 1935 ἐξῆρε
931 1877 1043 1933 πρὸς
1071 1876 1152 1923 τὸν
1183 1876 1308 1935 ἀέρα.

363 1947 415 1988 Β.
446 1943 575 1988 ταῦτ’
598 1942 653 1988 οὐ
684 1945 821 2002 σχολὴ
851 1946 1118 1998 Πλάτωνος;

205 2039 405 2090 Diogenes
436 2039 570 2079 Laert.
603 2043 647 2091 3,
671 2041 724 2080 28
753 2038 905 2090 ’Ἀλεξις
932 2036 1238 2095 Ὀλυμπιοδώρῳ
1267 2044 1347 2082 κτλ.
1443 2044 1480 2085 2.
1520 2040 1651 2097 ἐξῆρε]

92 2092 204 2149 ἐξῇξε
234 2099 326 2146 post
354 2097 452 2136 alios
482 2096 655 2136 Cobetus
685 2098 728 2136 in
758 2098 819 2137 ed.
850 2098 968 2150 Diog.
998 2120 1055 2127 —
1094 2099 1229 2167 Eurip.
1263 2100 1312 2138 fr.
1348 2101 1455 2139 1002
1486 2101 1536 2139 N.
1569 2101 1652 2150 (ad-

92 2153 170 2191 fert
198 2151 338 2205 Mein.)
376 2149 418 2191 τό
448 2149 522 2203 μὲν
551 2150 723 2204 τέθνηκε
753 2153 886 2204 σῶμα,
927 2160 1044 2195 τοῦτο
1073 2151 1112 2194 δ’
1142 2149 1195 2194 αὖ
1225 2153 1370 2206 βλέπει.
1430 2157 1479 2196 ef.
1511 2157 1651 2196 Lehrs.

92 2209 193 2259 Pop.
226 2209 341 2248 Aufs.
372 2210 468 2249 339.
517 2210 585 2250 sed
617 2211 723 2261 apud
753 2211 899 2252 Alexin
929 2212 1019 2263 quis
1047 2212 1142 2252 haec
1172 2212 1384 2263 loquitm?

756 2333 983 2369 ΟΑΤΝΘῙΑ

203 2407 396 2451 Ὀλυνθία
425 2425 475 2452 an
501 2407 710 2460 Ὀλύνθιος
739 2427 791 2453 an
817 2410 1024 2454 Ὀλύνθιοι
1053 2415 1211 2456 fabulae
1243 2417 1364 2456 fuerit
1393 2418 1536 2457 titulus
1575 2432 1655 2458 non

94 2471 265 2509 constat.
316 2469 488 2509 Meinek.
520 2469 539 2508 I
570 2470 664 2509 389.

835 2534 916 2578 159

301 2608 325 2653 ὁ
355 2611 404 2654 δὲ
435 2609 513 2662 σὸς
541 2611 681 2667 πένης
710 2611 818 2667 ἔστ’,
849 2605 886 2656 ὦ
916 2617 1127 2670 γλυκεῖα·-
1157 2619 1290 2660 τοῦτο
1320 2617 1370 2660 δὲ

299 2677 467 2734 δέδοιχ’
490 2676 515 2722 ὁ
544 2679 743 2731 θάνατος
771 2678 822 2723 τό
850 2680 1003 2736 γένος,
1035 2681 1095 2734 ὥς
1124 2695 1281 2739 φασιν,
1311 2684 1467 2739 μόνον.

301 2744 325 2788 ὁ
354 2749 471 2801 γοῦν
508 2746 795 2803 Τιθύμαλλος
823 2747 1052 2802 ἀθάνατος
1081 2750 1374 2807 περιέρχεται.

211 2841 441 2880 Athenaeus
470 2843 516 2890 6,
539 2841 653 2880 2400
680 2838 867 2891 Ἄλεξις.
927 2841 1006 2885 ,ἐν
1034 2841 1259 2892 Ολυνθίοις
1291 2843 1415 2896 φησὶν
1442 2849 1525 2886 κτλ.
1618 2850 1654 2888 1.

53 2942 58 2946 ι
101 2895 222 2947 ἔστω,
254 2898 293 2939 2.
324 2907 446 2949 φασι,
478 2898 517 2936 3.
548 2895 728 2945 θανατος
759 2899 808 2938 A.
845 2895 1050 2948 ἀθάνατος
1080 2902 1127 2941 L
1161 2923 1209 2930 —
1244 2902 1539 2953 conloquuntur
1569 2918 1655 2944 mu

1318 2971 1386 3002 23·
