1864 3204
443 204 911 239 ΣΤΕΦΑΝΟΠΩΔῘΔΕΣ
970 205 1342 241 ΣΦΙΓΓΟΚΔΡῙΩΝ
1595 204 1676 247 201

705 307 1075 343 ΣΦΙΓΓΟΚΑΡΙΩΝ

228 378 486 429 Significatur
514 389 652 417 servus
681 376 883 430 (Καρίων)
913 379 1106 429 quidquid
1138 379 1296 419 dicebat
1327 366 1517 431 Sphingis
1548 380 1677 419 instar

111 438 316 487 tamquam
345 435 614 486 aenigmatum
646 436 823 475 tenebris
853 435 1073 475 involvens.
1106 436 1228 478 Mein.
1259 437 1279 475 I
1310 437 1404 476 277.
1424 437 1463 476 8.
1495 438 1590 483 366.

852 545 932 588 106

344 622 399 680 νή
433 622 512 667 τὸν
541 623 620 668 Δί’
649 623 882 681 ἠσθένουν
910 623 1022 680 γάρ,
1054 617 1089 668 ὦ
1119 626 1323 681 βέλτιστε
1354 626 1435 682 σύ,

344 694 555 748 φαγοῦσα
585 692 746 750 πρςόην
775 695 893 736 σῦκα
923 695 1001 750 τῆς
1029 696 1318 750 μεσημβρίας.

226 787 454 827 Athenaeus
485 788 522 835 3,
547 788 666 828 80ab
697 784 810 826 ἄλλοι
839 785 884 827 δέ
913 798 1038 838 φασιν
1066 784 1128 828 ὅτι
1150 795 1211 840 ’μη
1245 786 1308 828 δεῖ
1331 794 1433 828 σῦκα
1464 787 1676 841 προσφέρε-

113 847 213 883 σθαι
233 849 303 895 τῆς
324 843 590 896 μεσημβρίας.
610 875 618 883 .
638 875 647 884 .
661 842 870 896 Εὔβουλος
893 842 935 883 ἐν
958 845 1282 898 Σφιγγοκαρίωνι
1303 847 1385 885 κτλ.
1418 847 1468 886 cf.
1492 846 1671 886 Pherecr.

113 903 178 942 80.
223 901 425 951 Aristoph.
458 901 506 940 fr.
538 902 632 941 463.
679 902 920 953 Nicophont.
956 903 1019 941 12.

212 1783 253 1814 10

215 2123 256 2154 15

214 2531 259 2562 20

853 1014 931 1056 107

285 1092 379 1134 ἔστι
409 1092 560 1134 λαλῶν
590 1090 844 1147 ἄγλωσσος,
876 1090 1119 1148 ὁμώνυμος
1149 1091 1308 1149 ἄρρενι
1338 1096 1505 1149 θῆλυς,

283 1160 464 1203 οἰκείων
494 1157 673 1214 ἀνέμων
703 1163 882 1216 ταμίας,
914 1160 1078 1216 δασύς,
1111 1160 1274 1204 ἄλλοτε
1304 1165 1444 1217 λεῖος,

284 1225 478 1279 ἀξύνετα
508 1228 732 1279 ξυνετοῖσι
763 1228 922 1284 λέγων,
936 1229 1097 1290 ,νόμον
1130 1230 1182 1273 ἐκ
1213 1230 1359 1286 νόμου
1391 1229 1549 1273 ἕλκων.

284 1295 334 1338 ἓν
364 1294 406 1338 δ’
432 1294 557 1339 ἐστὶν
587 1294 663 1339 καὶ
691 1297 861 1352 πολλά,
893 1295 968 1340 καὶ
998 1293 1057 1340 δὶν
1087 1299 1240 1355 τρώσῃ
1273 1314 1339 1348 τις
1369 1297 1578 1354 ἄτρωτος.

289 1365 336 1406 τί
362 1362 458 1406 ἐστι
487 1367 645 1415 τοῦτο;
695 1367 742 1407 τί
768 1363 974 1421 ἀπορεῖς;
1026 1369 1076 1410 Β.
1108 1368 1456 1421 Καλλίστρατος.

285 1437 336 1475 Α.
369 1430 576 1486 πρωκτὸς
604 1432 688 1488 μὲν
718 1427 806 1476 οὖν
837 1427 980 1485 οὗτος.
1030 1437 1081 1477 Β.
1116 1434 1173 1477 σύ
1204 1432 1257 1490 δὴ
1291 1437 1443 1491 ληρεῖς
1473 1437 1599 1491 ἔχων.

285 1505 340 1543 A.
373 1494 506 1550 οὗτος
533 1498 621 1555 γὰρ
654 1499 792 1552 αὑτός
823 1500 946 1544 ἐστιν
977 1500 1223 1558 ἄγλωττος,
1255 1505 1414 1559 λάλος,

283 1570 332 1613 ἓν
363 1567 506 1624 ὄνομα
535 1571 739 1623 πολλοῖς,
770 1570 957 1624 τρωτός,
991 1568 1211 1626 ἄτρωτος,
1243 1571 1407 1626 δασύς,

285 1639 423 1688 λεῖος·
455 1639 502 1680 τί
526 1634 708 1692 βούλει;
754 1636 1025 1693 πνευμάτων
1055 1642 1237 1683 πολλῶν
1268 1640 1430 1695 φύλαξ.

284 1771 728 1829 ἀττελεβόφθαλμος,
760 1773 818 1829 μή
852 1773 1129 1830 πρόστομος,
1162 1774 1526 1832 ἀμφικέφαλλος,

285 1840 519 1896 αἰχμητής,
551 1842 727 1884 παίδων
757 1840 937 1896 ἀγόνων
966 1843 1106 1898 γόνον
1137 1843 1430 1899 ἐξαφανίζων.

288 1910 513 1965 ἰχνεύμων
545 1909 804 1965 Αἰγύπτιος.

288 1980 377 2019 τῶν
406 1975 492 2032 γὰρ
523 1978 829 2032 κροκοδείλων
859 1972 990 2030 οὗτος
1021 1977 1085 2037 ᾥά
1118 1980 1378 2036 λαμβάνων,

286 2045 396 2100 πρὶν
425 2045 702 2101 θηριοῦσθαι
731 2044 811 2089 τὸν
841 2046 979 2102 γόνον
1010 2049 1276 2104 καταγνύει,

287 2111 425 2157 ἔπειτ’
450 2110 680 2168 ἀφανίζει·
712 2113 828 2158 διότι
857 2113 899 2158 δ’
924 2114 1016 2159 ἔστ’
1041 2114 1342 2172 ἀμφίστομοςς

287 2187 439 2224 κεντεῖ
465 2182 688 2236 κάτωθεν,
719 2190 814 2234 τοῖς
844 2184 893 2226 δὲ
924 2186 1120 2239 χείλεσιν
1151 2185 1321 2228 δάκνει.

288 2314 374 2360 οἶδ’
401 2316 487 2372 ἐγώ
518 2316 568 2369 ὃς
597 2318 696 2370 νέος
725 2316 793 2361 τόν
825 2319 948 2362 ἐστὶν
977 2320 1143 2376 βαρύς,
1175 2317 1234 2363 ἄν
1263 2320 1313 2363 δὲ
1343 2320 1490 2376 γέρων
1520 2314 1572 2378 ᾖ,

289 2383 481 2440 ἄπτερος
510 2381 575 2428 ὦν
606 2386 791 2442 κούφως
820 2388 997 2431 πέτεται
1028 2389 1102 2431 καὶ
1133 2390 1219 2443 γῆν
1250 2388 1466 2444 ἀφανίζει.

289 2452 468 2504 πάππος
497 2451 573 2496 ἀπ’
596 2452 821 2511 ἀκάνθης·
855 2448 985 2506 οὗτος
1014 2455 1100 2511 γὰρ

289 2521 388 2571 νέος
415 2521 499 2576 μὲν
529 2517 595 2565 τόν
625 2521 812 2578 ἕστηκεν
843 2524 895 2567 ἐν
924 2525 986 2580 τῷ
1015 2524 1254 2579 σπέρματι’

290 2587 400 2631 ὅταν
430 2588 472 2631 δ’
495 2587 703 2646 ἀποβάλῃ
734 2593 891 2645 τοῦτο,
923 2591 1100 2635 πέτεται
1131 2595 1306 2647 κοῦφος
1334 2591 1401 2636 (ὂν

291 2654 541 2712 δήπουθεν,
572 2654 661 2700 ὑπὸ
691 2660 783 2700 τῶν
813 2659 1007 2702 παιδίων
1037 2659 1318 2715 φυσώμενος.

290 2793 414 2835 ἔστιν
443 2788 620 2847 ἄγαλμα
649 2793 841 2848 βεβηκὸς
870 2791 981 2850 ἅνω,
1014 2793 1067 2837 τά
1099 2797 1223 2838 κάτω
1254 2795 1303 2837 δὲ
1335 2798 1546 2852 κεχηνός,

256 2906 258 2913 s
291 2860 353 2910 εἰς
382 2859 523 2910 πόδας
555 2859 604 2902 ἐκ
635 2863 836 2919 κεφαλῆς
863 2865 1154 2919 τετρημένον,
1186 2861 1264 2914 ὀξύ
1296 2863 1476 2919 διαπρό,
