1864 3204
229 216 310 258 192
866 215 1141 252 ΕΤΒΟΤΛΟΤ

977 318 1031 361 76

541 394 599 446 ὡς
629 389 680 438 εὖ
709 396 1021 452 νεναυάγηκεν
1051 397 1125 439 ἐπὶ
1155 399 1235 439 τοῦ
1264 397 1463 452 τηγάνου

543 461 566 506 ὁ
594 468 775 506 θεοῖσιν
805 463 980 519 ἐχθρός.

342 559 568 596 Athenaeus
599 560 644 606 3,
670 559 791 597 108d
826 555 871 596 τὰ
910 555 949 604 ἐξ
974 555 1174 610 Ὀρθάνου
1213 555 1434 609 (ὀρθάννου
1469 557 1525 610 Α)
1566 555 1780 610 Εὐβούλου

228 614 389 665 ἰαμβεῖα
428 611 586 668 (ἰαμβία
617 612 674 667 Α)
711 612 835 653 εἰπών
871 617 951 653 κτλ.
1040 614 1244 666 Μυρτίλος
1287 616 1394 665 quod
1431 618 1522 665 post
1558 613 1780 666 ἕχθρόςἿὼ

173 670 185 673 “
226 671 431 709 Athenaeo
462 672 623 710 additur
651 683 731 709 non
751 671 899 709 Eubuli
919 684 1003 710 esse
1025 672 1245 710 Meinekius
1268 673 1382 710 Anal.
1405 672 1500 713 Ath.
1521 674 1574 711 49
1605 674 1779 712 monuit.

228 730 288 765 est
328 729 432 766 enim
465 728 650 777 Myrtilus
687 740 788 767 unus
826 740 873 766 ex
909 728 1101 767 convivis.
1152 741 1197 767 ae
1225 729 1392 767 fortasse
1422 729 1542 766 etiam
1572 724 1593 766 ὁ
1622 731 1782 768 θεοῖσιν

228 781 370 833 ἐχθρός
402 784 597 822 Athenaei
627 786 701 823 est.
725 805 775 811 —
807 780 860 829 ὥς
881 777 928 822 εὖ
951 783 1237 835 νεναυάγηκεν,
1268 797 1385 833 quam
1415 786 1507 823 bene
1534 785 1684 832 factwm
1711 789 1779 831 εει,

225 842 326 888 quod
354 840 613 889 naufraqimn
640 841 740 888 fecit.

976 918 1028 959 77

589 993 741 1038 δεινὸν
771 995 854 1049 μὲν
885 995 1040 1037 ἰδόντα
1071 999 1378 1051 παριππεῦσαι

589 1065 825 1119 Κυπρίους
854 1063 1041 1118 ἄρτους·
1073 1066 1286 1118 μαγνῆτις
1314 1061 1402 1117 γάρ

588 1133 717 1180 λίθος
747 1127 807 1180 (ὃς
835 1131 954 1173 ἕλκει
984 1128 1090 1181 τοὺς
1118 1133 1379 1180 πεινῶντας.

347 1225 576 1263 Athenaeus
607 1226 645 1272 3,
670 1225 748 1262 112
768 1225 818 1263 ef
847 1223 1040 1275 Κυπρίων
1075 1220 1114 1262 δ’
1146 1217 1277 1276 ὅρτων
1304 1223 1542 1275 μνημονεύει
1571 1223 1780 1276 Εὔβουλος

231 1277 286 1327 ὡς
317 1279 523 1332 διαφόρων
554 1278 597 1319 ἐν
622 1277 803 1334 Ὀρθάνῃ
833 1279 899 1319 διὰ
930 1278 1078 1319 τούτων
1106 1282 1187 1319 κτλ.

978 1392 1032 1434 78

516 1471 680 1525 καρῖδα
711 1471 890 1525 καθῆκα
921 1470 1041 1512 κάτω
1073 1467 1319 1512 κάνέσπασ’
1341 1463 1488 1518 αὖθις.

344 1564 573 1603 Athenaeus
604 1565 641 1613 3,
667 1565 745 1603 105
762 1564 782 1601 f
810 1560 1069 1614 ἐκτεταμένως
1101 1560 1141 1601 δ’
1166 1562 1296 1615 εἴρηκε
1325 1562 1469 1614 καρῖδα
1488 1594 1496 1602 .
1515 1593 1525 1602 .
1543 1593 1553 1602 .
1570 1560 1779 1612 Εὔβουλος

230 1617 273 1657 ἐν
300 1615 482 1674 Ὀρθάνῃ
514 1616 714 1674 (ὀρθάννῃ
734 1617 791 1672 Α)
822 1622 902 1659 κτλ.
991 1623 1208 1670 καθηκατω
1238 1615 1279 1657 κ’
1301 1615 1496 1658 ἆνέσπασ’
1529 1619 1579 1660 Α.
1611 1619 1777 1658 ‘temore

223 1676 319 1715 haee
350 1677 523 1716 tentavit
551 1677 755 1716 Herwerd·
786 1677 888 1716 Nov.
918 1677 1006 1715 add.
1039 1678 1126 1716 erit.
1150 1677 1217 1716 25.
1258 1677 1308 1715 cf.
1340 1676 1536 1716 Gaisford.
1569 1676 1618 1714 ad
1648 1675 1777 1726 Heph-

223 1745 262 1781 p.
295 1733 372 1770 341
407 1734 467 1771 ed.
499 1734 577 1782 pr.'
610 1734 728 1773 Mein.
759 1732 877 1772 Anal.
907 1734 1004 1772 Ath.
1035 1735 1102 1772 47.

975 1843 1029 1885 79

496 1902 578 1941 τοῦ
610 1900 792 1941 κυάθου

340 1977 604 2031 μνημονεύει.
652 1978 888 2044 ,Εὔβουλος
920 1979 964 2020 ἐν
990 1977 1164 2035 Ὀρθάνῃ
1197 1977 1400 2035 (ὀρθάννῃ
1430 1977 1500 2035 Α).
1549 1981 1778 2020 Athenaeus

230 2039 295 2086 10,
318 2038 448 2077 424b.
500 2051 589 2077 eum
620 2038 716 2077 dicit
744 2032 904 2076 κύαθον
935 2051 1012 2088 quo
1042 2038 1186 2077 medici
1215 2040 1394 2076 utuntur.
1426 2037 1550 2077 Arist.
1572 2037 1659 2076 Pae.
1682 2037 1778 2076 542.

846 2160 1159 2195 ΠΑΜΦΙΛΟΣ

884 2238 950 2283 80.
974 2238 1040 2280 81.
1064 2239 1118 2280 82

430 2315 516 2370 ἐγώ
548 2316 619 2370 δέ,
652 2317 726 2360 καὶ
755 2315 840 2371 γὰρ
872 2318 1028 2371 ἔτυχεν
1058 2315 1113 2359 ὂν
1143 2316 1243 2358 κατ’
1264 2313 1453 2370 ἀντικρὺ

426 2386 504 2439 τῆς
533 2385 677 2434 οἰκίας
707 2383 865 2427 καινὸν
895 2387 1139 2440 καπηλεῖον
1169 2384 1302 2439 μέγα,

429 2451 615 2493 ἐνταῦθ’
641 2451 886 2508 ἐπετήρουν
917 2453 998 2507 τὴν
1027 2450 1200 2506 τροφὸν
1229 2454 1307 2506 τῆς
1335 2450 1568 2504 παρθένου

429 2517 615 2573 κεράσαι
644 2521 860 2569 κελεύσας
888 2520 968 2562 τὸν
998 2519 1202 2574 κάπηλόν
1231 2534 1306 2573 μοι
1335 2518 1416 2572 χόα

381 2594 402 2625 5
435 2581 622 2640 ὀβολοῦ,
653 2590 930 2641 παραθεῖναί
955 2586 1005 2628 θ’
1029 2585 1089 2636 ὥς
1117 2586 1325 2641 μέγιστον
1354 2582 1593 2636 κάνθαρον

428 2853 519 2908 ἅμα
551 2856 599 2896 δὲ
631 2854 818 2910 λαβοῦσ’
846 2851 1040 2910 ἠφάνικε
1071 2859 1261 2911 πηλίκον
1291 2854 1391 2898 τινα
