1864 3204
264 187 349 230 320
911 185 1166 231 ΑΛΕΞιΔοΣ

822 290 1264 323 ΕΚΠΩΜΑΤοΠοιοΣ

1015 356 1069 399 68

538 421 608 466 αεὶ
638 422 895 480 φιλόμυρον
925 427 1018 466 πᾶν
1048 421 1098 465 τὸ
1130 422 1349 478 Σάρδεων
1378 423 1520 479 γένος.

381 506 609 545 Athenaeus
640 506 714 556 15,
743 507 862 545 691d
901 501 947 544 οὐ
985 504 1109 556 μόνον
1146 502 1190 543 δὲ
1228 503 1270 543 τὸ
1307 511 1388 544 τῶν
1425 505 1665 574 Σαρδιανῶν
1705 503 1819 557 γένος

266 558 485 614 φιλόμυρον
521 556 587 613 ἦν,
625 559 680 608 ὥς
707 560 858 610 ’Ἀλεξίς
895 573 1019 613 φησιν
1050 560 1093 600 έν
1119 558 1448 631 Ἐκπωματοποιῷ
1477 565 1582 613 κτλ.,
1620 558 1718 601 ἀλλὰ
1753 561 1820 602 καὶ

265 615 378 657 αὐτοὶ
408 618 449 657 οἵ
470 615 691 668 Ἀθηναῖοι.
753 620 871 670 Soph.
904 620 998 658 Ant.
1033 620 1140 658 1055
1172 617 1214 657 τὸ
1243 616 1438 669 μαντικὸν
1467 617 1541 671 γὰρ
1570 617 1652 658 πᾶν
1681 615 1818 671 φιλάρ

265 689 388 727 γυρον
415 672 529 728 γένος
560 675 697 748 asstulii:
727 675 930 715 Herwerd.
961 675 1063 715 Nov.
1095 675 1183 714 add.
1215 677 1301 715 crit.
1331 677 1397 714 31.

1019 785 1074 827 69

537 837 710 897 ἄσημον

381 920 442 962 ἐπὶ
476 928 543 962 τοῦ
572 919 765 975 ἀργυρίου
787 921 939 971 ’Ἀλεξις
966 919 1308 976 Ἐκπωματοποιῷ.
1339 923 1508 962 Bekker.
1529 923 1679 964 Anecd.
1698 924 1764 973 82,
1780 925 1819 963 7.

960 1045 1131 1079 EAENH

377 1117 562 1155 Fortasse
600 1115 736 1155 eadem
775 1117 895 1165 atque
927 1111 1088 1165 Ἑλένης
1124 1110 1285 1167 ἁρπαγή
1323 1118 1363 1155 et
1394 1112 1555 1166 Ἑλένης
1590 1120 1821 1168 μνηστῆρες.

268 1173 437 1212 Meinek.
470 1173 489 1211 Ῑ
520 1174 614 1212 391.
1021 1226 1076 1268 70

454 1360 456 1363 y
536 1300 595 1354 ὥς
625 1302 747 1353 ὅστις
777 1302 914 1359 αὐτῆς
942 1306 1020 1359 τῆς
1050 1302 1193 1359 ἀκμῆς
1221 1306 1314 1346 τῶν
1345 1303 1564 1359 σωμάτων

538 1373 642 1427 ε’ρᾷ,
673 1372 753 1414 τὸν
784 1369 927 1413 ἄλλον
953 1369 996 1413 δ’
1019 1370 1126 1414 οὐδὲ
1156 1372 1366 1426 γινώσκει
1397 1370 1550 1426 λόγον,
1625 1370 1632 1375 ’

536 1442 613 1494 τῆς
641 1437 809 1494 ἡδονῆς
840 1438 948 1492 ἐστ’,
981 1437 1080 1493 οὐχὶ
1110 1442 1201 1481 τῶν
1231 1442 1379 1494 φίλων
1410 1442 1562 1493 φίλος,

539 1505 687 1548 ἀδικεῖ
713 1522 760 1548 τε
790 1505 870 1548 τὸν
887 1503 1046 1560 ’Ἐρωτ’
1070 1506 1282 1561 ἐμφανῶς
1309 1507 1478 1562 θνητὸς
1506 1507 1633 1561 θεόν,

478 1583 498 1614 5
530 1572 720 1616 ἄπιστον
751 1572 890 1616 αὐτὸν
920 1576 1029 1616 πᾶσι
1059 1580 1151 1624 τοῖς
1181 1571 1331 1625 ἄλλοις
1360 1578 1516 1617 ποιῶν.
1579 1621 1583 1626 ,

380 1669 608 1707 Athenaeus
641 1669 715 1724 13,
738 1669 818 1707 563
837 1668 861 1706 d
898 1664 1052 1715 ’Ἄλεξις
1090 1664 1233 1733 Ἑλένῃ
1275 1670 1355 1707 κτλ.
1446 1670 1481 1708 1.
1519 1663 1641 1718 αὐτῆς
1671 1668 1822 1708 Iacobs.

268 1725 372 1764 Add.
395 1725 488 1764 Ath.
513 1721 633 1778 297]
645 1725 697 1763 αὐ
730 1724 779 1763 A.
855 1725 894 1763 2.
927 1722 995 1775 ε’ρᾶ
1024 1724 1072 1762 Α.
1138 1707 1272 1776 λόγον]
1305 1721 1448 1776 χρόνον
1476 1724 1525 1764 A.
1604 1725 1642 1766 5.
1673 1722 1822 1777 ἄλλοις]

266 1783 399 1828 καλοῖς
430 1783 535 1822 recte
566 1782 685 1821 Mein.
714 1781 832 1820 Anal.
864 1781 962 1820 Ath.
994 1781 1090 1822 261.

831 1903 1037 1937 ΕΛΕΝΗΣ
1060 1903 1262 1937 ΑΡΠΑΓΗ

436 2035 681 2086 ἀκόλαστός
712 2036 829 2090 ἐστι,
862 2034 944 2091 τὴν
976 2035 1024 2078 δὲ
1054 2035 1220 2079 πολιὰν
1251 2033 1336 2078 ουίι
1368 2034 1637 2090 ἐντρέπεται.

380 2131 605 2169 Priscianus
636 2131 700 2180 18,
721 2131 802 2168 211
832 2126 992 2169 Αιίιοί’
974 2126 1204 2196 εντρέπομαι
1226 2132 1341 2167 τοῦτο
1361 2126 1427 2167 καὶ
1449 2126 1610 2168 τούτου.
1657 2127 1823 2178 ,Ἄλεξις

263 2184 422 2251 Ἑλένης
451 2182 612 2240 ἁρπαγὴ
640 2160 718 2226 κτλ.
768 2186 988 2224 Meinekius
1017 2181 1082 2223 ἆκ.
1105 2180 1162 2236 εἶ,
1201 2183 1274 2235 τὴν
1303 2184 1347 2223 δὲ
1376 2198 1418 2224 π.
1450 2181 1523 2223 οὐκ
1554 2183 1731 2237 ἐντρέπει
1759 2186 1825 2226 vel

267 2236 330 2282 ἆκ.
369 2241 471 2294 ἐστι,
513 2241 584 2293 τὴν
622 2239 667 2280 δὲ
702 2239 845 2280 πολιὰν
881 2241 950 2280 τοῦ
987 2239 1133 2292 πατρὸς
1161 2240 1167 2293 Ι
1200 2239 1272 2279 οὐκ
1311 2239 1544 2293 ἐντρέπεται.
1601 2245 1644 2281 at
1682 2243 1822 2282 comici

269 2302 377 2340 certe
407 2299 646 2349 G1aeci,ut
675 2299 842 2338 Romani
871 2310 988 2338 cemos
1018 2294 1238 2351 (capillos),
1269 2311 1350 2337 non
1379 2310 1541 2344 canum,
1581 2311 1737 2348 semper
1765 2295 1823 2337 di-

269 2360 365 2396 cunt
394 2355 547 2406 πολιάς,
579 2368 660 2394 non
689 2354 844 2394 πολιοῖν.
875 2355 1001 2394 Arist.
1023 2355 1099 2405 Eq.
1123 2356 1218 2393 520.
1241 2355 1335 2397 908,
1367 2355 1415 2392 fr.
1437 2355 1534 2394 410.
1567 2355 1688 2404 Vesp.
1713 2356 1822 2395 1064

269 2409 502 2460 πολιώτεραι
532 2411 672 2462 τρίχες.
727 2412 874 2450 Eubul.
906 2413 971 2459 98,
994 2411 1032 2450 8.
1063 2411 1231 2449 Philem.
1258 2412 1336 2449 179
1367 2423 1439 2460 pro
1469 2407 1545 2460 τὴν
1575 2407 1728 2461 σεμνὴν
1754 2424 1824 2450 πο-

269 2467 362 2507 λιᾶν
391 2469 614 2508 Meinekius
643 2469 728 2518 ipse
759 2465 831 2518 τὴν
861 2465 1011 2518 σεμνὴν
1041 2466 1161 2517 τρίχα.
1220 2467 1353 2516 itaque
1383 2467 1547 2516 adparet
1575 2467 1823 2507 scribendum

270 2538 355 2565 esse
395 2523 468 2576 τὴν
505 2522 549 2563 δὲ
578 2522 721 2563 πολιὰν
757 2521 942 2575 μητέρα
969 2524 974 2574 Ι
1001 2520 1074 2562 οὐκ
1105 2519 1338 2576 ἐντρέπεται.
1397 2527 1522 2562 mater
1550 2524 1710 2563 videtur
1738 2536 1822 2563 esse

268 2582 392 2621 Leda.

1024 2633 1078 2675 72

383 2716 554 2755 Bekker.
586 2716 734 2755 Anecd.
769 2717 862 2765 106,
886 2716 936 2753 22
969 2712 1237 2753 Λάκαιναν
1266 2712 1340 2765 τὴν
1369 2712 1575 2766 παρθένον
1604 2712 1704 2763 φασὶ
1734 2712 1821 2753 δεῖν

269 2774 416 2822 καλεῖν,
447 2770 519 2822 τὴν
547 2769 592 2810 δὲ
621 2771 755 2822 χώραν
775 2769 1091 2821 Λακωνικήν.
1117 2769 1266 2818 ’Ἁλεξις
1291 2768 1450 2820 Ἑλένης
1479 2767 1648 2824 ἁρπαγῇ.
1688 2772 1820 2809 utrum

270 2830 408 2867 Alexis
440 2829 584 2867 dixerit
614 2829 777 2867 dubium
808 2831 878 2870 est.
