1864 3204
502 244 703 279 ΒοῐΩΤιΣ
727 263 772 271 -
802 243 1222 279 ηΛΓκΡΑΤιΑΣΤΗΣ
1558 243 1646 286 475

193 350 423 391 Athenaeus
445 349 510 400 14,
521 350 635 389 623ΐ
659 345 779 402 μέγας
809 346 904 419 γὰρ.
924 346 1044 389 ,κατὰ
1074 345 1145 388 τὸν
1167 347 1366 399 Θεοφίλου
1389 347 1645 403 Κιθαρῳδόν,

0 404 3 407 ’
79 403 286 460 θησαυρός
320 404 402 447 ἐστι
431 407 511 448 κτλ.
601 409 641 447 2.
673 404 782 446 ἐστιν
810 409 852 447 et
879 402 906 458 ἡ
935 404 1107 458 μουσικὴ
1138 406 1189 446 A.

672 529 912 564 NEOHTOA
919 529 1055 563 ΕΜΟΣ

354 685 410 731 οὐ
440 687 676 743 συμφέρον
705 686 785 729 νέα
806 684 893 729 ’στὶ
923 688 1156 743 πρεσβύτῃ
1187 686 1325 742 γυνή·

355 754 507 811 ὥσπερ
536 752 624 811 γὰρ
655 752 820 806 ἄκατος
849 752 957 798 οὐδὲ
988 754 1153 812 μικρὸν
1183 757 1387 798 πείθεται

354 823 421 868 ἑνὶ
451 824 670 880 πηδαλίῳ,
701 820 752 865 τὸ
781 821 934 878 πεῖσμ’
956 821 1248 879 ἀπορρήξασα
1278 823 1328 867 δὲ

355 892 406 936 ἐκ
437 890 602 942 νυκτὸς
631 890 788 948 ἕτερον
817 890 960 947 λιμέν’
984 890 1133 946 ἔχουσ’
1158 891 1386 947 ἐξευρέθη.

197 987 428 1027 Athenaeus
452 987 644 1032 13,560a
669 984 861 1035 Θεόφιλος
883 982 927 1025 ἐν
948 982 1212 1039 Νεοπτολέμῳ
1233 982 1310 1036 ἔφη
1331 988 1412 1025 κτλ.
1477 987 1514 1025 1.
1547 982 1648 1037 σύμ-

83 1057 211 1095 φορον
240 1043 444 1093 Valcken„
477 1043 579 1083 conl.
613 1043 792 1094 Theogn.
815 1044 912 1083 457.
991 1039 1126 1082 νεαστὶ
1157 1044 1207 1085 A.
1286 1043 1324 1081 3.
1358 1039 1434 1095 ἑνὶ]
1465 1047 1518 1098 τῷ
1549 1043 1649 1083 Her-

83 1101 205 1141 werd.
227 1100 322 1142 Obs.
343 1101 431 1143 crit.
454 1101 521 1140 82.
569 1100 857 1154 contra-Mein.
888 1100 992 1140 ‘non
1022 1113 1101 1139 uno
1133 1112 1174 1140 se
1203 1100 1290 1151 regi
1321 1101 1476 1150 patitur
1505 1100 1647 1151 guber-

84 1159 225 1198 naculo
255 1160 302 1198 ut
330 1158 486 1209 cymba.
492 1160 503 1177 ’
546 1159 622 1198 An.
645 1157 742 1196 Ath.
767 1157 863 1196 258.
913 1159 956 1196 at
985 1159 1073 1196 tum
1103 1158 1266 1207 negatio
1298 1159 1390 1197 ante
1420 1153 1554 1208 ὥσπερ
1584 1170 1651 1208 po-

83 1215 215 1255 nenda
243 1217 343 1255 erat.
433 1210 548 1265 πίσμ’
583 1215 634 1253 A.
722 1210 766 1252 δὲ
796 1226 872 1254 om.
903 1212 951 1254 A.
1040 1214 1081 1252 4.
1113 1211 1251 1265 λιμένα
1282 1214 1331 1252 A.

198 1272 378 1323 Theogn.
401 1272 482 1311 457
515 1268 565 1310 ου’
595 1283 654 1309 τοι
683 1266 890 1322 σύμφορόν
921 1267 1001 1309 ἐστι
1029 1268 1133 1322 γυνὴ
1165 1267 1234 1309 νέα
1255 1266 1373 1322 ἀνδρὶ
1394 1267 1568 1322 γέροντι·
1603 1266 1650 1309 οὗ
1710 1299 1714 1303 .

82 1325 157 1381 γὰρ
186 1327 366 1394 πηδαλίῳ
394 1327 578 1367 πείθεται
607 1323 662 1375 ὥς
686 1325 849 1377 ἄκατος,
881 1322 972 1366 οὐδ’
994 1325 1169 1380 ἄγκυραι
1190 1325 1363 1378 ἔχουσιν,
1394 1323 1652 1378 ἀπορρήξασα

83 1381 128 1424 δὲ
157 1380 282 1437 δεσμὰ
311 1378 499 1432 πολλακις
529 1382 574 1424 ἐκ
602 1383 762 1424 νυκτῶν
780 1382 901 1424 αλλον
921 1382 998 1434 ἔχει
1018 1382 1168 1436 λιμένα.
1209 1380 1426 1435 πηδάλιον
1447 1385 1650 1436 ambigue,

83 1445 131 1482 ut
158 1442 284 1483 Arist.
315 1442 545 1483 Pao.142.’
579 1442 700 1482 Mein.

847 1518 871 1560 7

357 1595 561 1654 πονηρὸν
591 1595 696 1640 υἱὸν
725 1596 800 1639 καὶ
831 1596 999 1651 πατέρα
1030 1597 1106 1639 καὶ
1135 1595 1302 1653 μητέρα

357 1668 481 1710 ἔστιν
509 1665 769 1722 μαγαδίζειν
801 1666 875 1708 ἐπὶ
904 1667 1069 1720 τροχοῦ
1100 1664 1405 1720 καθημένους·

357 1731 507 1784 οὐδεὶς
535 1731 623 1789 γὰρ
654 1730 784 1789 ἡμῶν
815 1730 983 1776 ταύτὸν
1013 1731 1169 1790 ᾄσεται
1198 1732 1344 1787 μέλος.

201 1829 432 1868 Athenaeus
463 1828 529 1876 14,
553 1828 669 1867 635a
700 1825 894 1877 Θεόφιλος
926 1824 970 1866 ἐν
1000 1823 1261 1894 Νεοπτολέμῳ
1293 1824 1574 1878 (νεοπτολέμου
1596 1826 1651 1877 A)

88 1881 131 1925 τὸ
160 1890 208 1939 τῇ
237 1883 386 1937 μαγάδι
415 1881 651 1934 διαψάλλειν
680 1883 911 1936 μαγαδίζειν
939 1881 1039 1935 λέγει
1072 1880 1115 1922 ἕν
1144 1881 1296 1930 τούτοις
1326 1886 1407 1922 κτλ.
1483 1886 1521 1923 3.
1553 1898 1652 1922 ταυ-

87 1956 155 1982 τον
184 1943 232 1982 Α.
305 1938 404 1993 ἡμῖν
433 1942 551 1981 Mein.
585 1942 663 1981 An.
695 1941 792 1980 Ath.
816 1941 912 1982 305.
952 1941 1146 1980 ‘minanti
1176 1941 1332 1980 cuidam
1362 1943 1561 1980 tormenta
1591 1954 1652 1979 re—

87 2000 258 2050 spondet
287 2012 446 2039 servus:
489 1999 641 2047 frustra
669 1999 886 2047 torquebis:
923 1999 1022 2038 nihil
1052 1999 1345 2046 confitebimur?
1386 1997 1510 2037 Dobr.
1545 1997 1649 2036 Adv.

85 2056 127 2095 II
157 2056 254 2097 348.
314 2057 363 2096 de
394 2053 545 2107 μαγάδι
575 2056 624 2095 cf.
656 2055 883 2095 Anaxandr.
907 2055 972 2094 35.

653 2177 1071 2212 ΠΑΓΚΡΑΤΙΑΣΤΗΣ

202 2248 265 2289 cf.
296 2248 477 2289 Alexidis
507 2248 643 2289 fabula
673 2247 936 2300 cognominis.

919 2412 1078 2468 ἑφθῶν
1104 2412 1189 2467 μὲν
1220 2411 1383 2467 σχεδὸν

205 2488 324 2538 τρεῖς
352 2483 479 2538 μνᾶς.
530 2485 579 2525 Β.
612 2480 706 2537 λέγ’
730 2479 855 2524 ἄλλο.
907 2485 962 2526 A.
993 2479 1196 2536 ῥυγχίον,
1229 2482 1395 2536 κωλῆν,
1428 2478 1570 2530 πόδας

203 2549 416 2604 τέτταρας
445 2547 609 2600 ὑείους.
658 2553 707 2593 Β.
733 2547 982 2603 Ἡράκλεις.
1033 2552 1085 2591 Α.
1118 2546 1224 2604 βοὸς
1254 2548 1303 2590 δὲ
1334 2555 1475 2603 τρεῖς,

205 2616 374 2672 ὄρνυθ’.
424 2620 476 2661 Β.
496 2616 736 2661 Ἄπολλον.
787 2614 880 2671 λέγ’
904 2616 1072 2671 ἕτερον.
1124 2620 1178 2659 Α.
1212 2617 1369 2659 σύκων
1400 2614 1483 2658 δύο

157 2696 178 2728 5
208 2687 336 2742 μνᾶς.
389 2688 440 2728 Β.
473 2685 651 2736 ἐπέπιες
680 2684 731 2727 δὲ
761 2685 926 2735 πόσον;
977 2687 1031 2729 Α.
1063 2682 1264 2740 α’κράτου
1294 2683 1474 2726 δώδεκα

207 2753 414 2804 κοτύλας.
467 2756 514 2796 Β.
553 2754 785 2808 Ἄπολλον,
809 2745 916 2808 Ὦρε
946 2752 1023 2795 καὶ
1054 2752 1259 2807 Σαβάζιε.

215 2848 446 2888 Athenaeus
470 2848 534 2896 10,
545 2847 666 2887 417b
697 2843 741 2885 ἒν
762 2847 1072 2913 Παγκρατιαστῇ
1101 2839 1398 2898 παραγαγών
1427 2840 1657 2900 (Θεόφιλος)

95 2897 182 2944 τὸν
217 2901 447 2956 ἀθλητὴν
481 2900 545 2951 ὥς
582 2900 735 2943 πολλὰ
776 2900 1015 2943 ἐσθίοντά
1054 2912 1180 2954 φησιν
1208 2904 1287 2942 κτλ.
1349 2916 1386 2942 v.
1413 2905 1488 2941 1—
1495 2903 1519 2941 3
1550 2902 1655 2941 idem
