1864 3204
568 158 849 201 ΑΞιοΝικοΤ
874 161 1143 197 ΤΤΡΡΗΝΟΣ
1551 159 1634 203 411

839 262 867 307 3

344 331 541 388 λαβόντα
570 329 771 388 θερμούς
801 331 1059 387 ἐσχαρίτας,
1090 334 1185 383 πῶς
1213 318 1300 387 ’γάρ
1331 329 1409 383 οὔ;

344 398 534 451 τούτους
561 398 870 444 ἀνειλίττοντα
898 399 1088 455 βάπτειν
1119 400 1183 451 εἰς
1211 399 1400 455 γλυκύν.

187 481 415 523 Athenaeus
445 484 617 534 3‚1090
646 479 866 535 ἐσχαρίτην.
904 480 1046 522 τούτου
1074 479 1315 535 μνημονεύει
1339 477 1562 531 Ἀντίδοτος
1592 480 1638 522 ἐν

74 534 318 594 Πρωτοχόρῳ
366 540 448 580 κτλ.
553 538 801 593 Πρωτοχόρῳ
845 537 1091 594 Schweigh]
1134 537 1364 592 πρωτόχρωι
1394 540 1444 582 A.
1481 562 1538 569 —
1584 541 1636 582 cf.

70 594 277 647 Aristoph.
308 596 357 636 fr.
390 597 483 636 125.
523 596 683 648 Crobyl.
709 598 746 637 2.
797 610 886 636 cum
914 592 1152 637 άνειλίττειν
1181 597 1235 637 sit
1263 598 1442 644 evolvere,
1473 597 1639 648 adparet

72 649 165 700 τοὺς
203 649 407 705 ἐσχαρίτας
444 654 559 706 coqui
589 654 730 695 solitos
759 654 882 695 fuisse
913 656 1166 702 convolutos„
1190 655 1323 707 qualia
1360 655 1635 706 placentarum

70 721 218 761 genera
245 722 319 751 nos
348 723 505 763 quoque
534 711 736 754 habemus.

603 834 813 870 AAHAOT
838 834 1098 871 ΔΡΑΜΑΤΟΣ

839 903 868 944 4
938 959 1113 1003 Θάσιον
1143 961 1262 1016 ἔγχει
1301 994 1310 1003 .
1359 995 1367 1004 .

345 1025 374 1069 ὃ
400 1027 488 1082 γὰρ
519 1026 674 1082 λαβών
702 1043 791 1084 μου
821 1027 1062 1085 καταφάγῃ
1092 1029 1177 1084 τὴν
1206 1029 1417 1085 καρδίαν,

342 1092 454 1138 ὅταν
483 1096 570 1138 πίω
599 1095 741 1150 τοῦτ’,
773 1093 916 1147 εὐθὺς
944 1093 1075 1154 ὑγιὴς
1102 1098 1288 1152 γίνεται.

339 1160 604 1219 Ἀσκληπιὸς
633 1164 913 1220 κατέβρεξεν.

184 1244 415 1287 Athenaeus
447 1248 484 1296 1,
507 1249 592 1288 280
623 1246 727 1286 Χίου
757 1244 802 1287 δὲ
832 1246 947 1287 οἴνου
977 1245 1045 1287 καὶ
1077 1247 1230 1287 Θασίου
1259 1245 1455 1300 μέμνηται
1473 1280 1482 1289 .
1501 1280 1510 1289 .
1530 1246 1636 1289 .Ἀν·

72 1300 225 1350 τίδοτος
255 1304 338 1342 κτλ.
412 1304 451 1342 2.
484 1298 506 1342 ὃ
534 1301 610 1357 γὰρ
630 1301 684 1343 ἂν
711 1305 864 1345 Iacobs.
882 1306 988 1345 Add.
1007 1305 1105 1348 Ath.
1123 1306 1190 1345 24.
1265 1300 1391 1358 λαβόν
1413 1307 1636 1358 Schweigh.

69 1357 283 1413 καταφάγῃ
310 1358 483 1414 Iamba]
512 1359 736 1413 καταφάγει
765 1361 810 1402 C.
842 1365 1091 1414 καταφαγεῖν
1112 1362 1262 1403 Corsel.
1342 1364 1381 1402 3.
1411 1362 1562 1415 γίνεται
1583 1361 1635 1418 C]

69 1414 230 1468 γίνομαι
260 1415 411 1458 Corsel.
496 1412 716 1466 Ἀντίδοτος
746 1419 866 1461 Kidd.
898 1419 1064 1460 Porson.
1086 1420 1255 1462 Miscell.
1277 1419 1378 1472 390]
1411 1416 1633 1461 ἀντίδοτον.

73 1494 125 1501 -
157 1473 272 1513 scrib.
305 1470 409 1527 (καὶ)
435 1473 586 1514 Θάσιον
615 1473 717 1527 ἔγχει
747 1471 969 1530 (λαβών)·
1001 1473 1024 1515 ὃ
1053 1473 1128 1529 γὰρ
1157 1473 1212 1516 ἄν
1240 1474 1428 1516 δάκνον
1457 1491 1536 1527 μου
1566 1492 1635 1517 κα-

72 1526 232 1584 ταφάγῃ
264 1528 337 1581 τὴν
366 1530 549 1583 καρδίαν,
580 1527 678 1572 ’ὅταν
706 1531 785 1571 πίω
815 1529 966 1583 τοῦδ’,
997 1529 1126 1581 εὐθὺς
1155 1530 1272 1586 ὑγιὴς
1302 1532 1454 1584 γίνεται
1474 1531 1520 1590 (ἡ
1542 1549 1633 1587 καρ-

71 1583 168 1640 δία).
220 1586 357 1636 τοῦδε,
397 1601 477 1628 non
507 1593 645 1640 τοῦτο,
682 1590 777 1640 quia
819 1588 987 1641 Θάσιος,
1026 1603 1106 1630 non
1138 1589 1290 1630 Θάσιον
1319 1591 1467 1631 dicitur
1495 1593 1635 1633 vinum

71 1642 274 1684 Thasium.
363 1646 401 1684 4.
433 1658 522 1685 eam
551 1647 652 1696 vim,
683 1649 729 1687 ut
758 1659 900 1698 aegros
932 1650 1108 1697 sanaret,
1140 1647 1400 1698 Aesculapius
1427 1650 1504 1689 viti
1534 1650 1635 1689 Tha-

71 1700 154 1740 siae
183 1702 384 1752 adspersit.

672 1874 719 1922 A
737 1873 783 1922 Τ
801 1874 845 1922 Γ
862 1874 902 1924 Ε
920 1873 965 1923 Α
985 1875 1028 1924 Σ

638 1966 811 2006 Meinek.
846 1967 867 2006 1
905 1967 1003 2008 416.
1035 1969 1072 2007 7.

648 2213 1039 2268 ΑΞΙΟΝΙΚΟΣ

618 2307 788 2346 Moinek.
839 2308 858 2346 1
904 2309 1002 2348 417.
1049 2310 1088 2349 8.

721 2417 922 2453 T‘rPPHN
925 2419 988 2453 ΟΣ

187 2483 345 2524 Titulus
386 2485 553 2525 fortasse
597 2486 647 2525 ad
690 2488 897 2537 epularum
933 2488 1150 2539 luxuriam,
1196 2505 1275 2542 qua.
1312 2492 1490 2544 insignes
1520 2498 1635 2533 erant

72 2540 267 2590 Tyrrheni
298 2536 463 2593 (Athen.
493 2543 533 2591 4,
552 2543 680 2582 l53d.
716 2545 779 2593 12,
801 2544 1144 2601 517d—518b),
1176 2549 1419 2588 referendus.
1451 2551 1520 2589 sed
1541 2563 1630 2590 cum

76 2593 292 2648 Τυρρηνός,
306 2610 386 2637 non
405 2597 605 2650 Τυρρηνοί
620 2599 812 2650 inscripta
832 2602 896 2651 sit,
912 2604 1039 2654 magis
1059 2617 1105 2643 eo
1126 2605 1274 2644 inclino
1291 2609 1336 2644 ut
1350 2606 1629 2656 Polystratum,

73 2652 335 2703 Theophrasti
364 2654 621 2705 discipulum,
652 2656 715 2695 cui
747 2656 954 2708 Tyrrheno
984 2672 1205 2711 cognomen
1235 2662 1445 2712 dederant,
1478 2664 1628 2714 signifi-

70 2709 156 2775 ‚oari
192 2710 362 2749 credam.
423 2711 569 2751 Athen.
603 2712 673 2763 13,
696 2713 776 2753 607
793 2714 814 2753 f
844 2709 934 2754 οἶδα
972 2712 1017 2754 δὲ
1056 2714 1124 2755 καὶ
1161 2713 1519 2767 Πολύστρατον
1560 2718 1629 2759 τὸν

75 2766 305 2817 Αθηναῖον,
333 2764 525 2834 μαθητὴν
553 2764 598 2806 δὲ
619 2766 898 2822 Θεοφράστου,
928 2769 998 2812 τὸν
1017 2768 1328 2823 ἐπικαλούμενον
1352 2774 1628 2829 Τυρρηνόν,

75 2819 135 2861 ὅτι
165 2826 259 2862 τῶν
287 2822 604 2877 αυλητρίδων
634 2821 686 2864 τὰ
717 2825 882 2878 ἱμάτια
911 2827 1189 2882 περιέδυεν.
