1864 3204
249 186 334 229 400
894 186 1146 227 ΑΛΕΞΙΔΟΣ

246 292 379 330 ohram
409 293 557 330 amanti
587 292 736 331 talibus
765 293 1004 332 adiumentis
1034 306 1114 337 non
1145 306 1245 343 opus
1277 296 1349 333 est.
1395 294 1445 333 ad
1466 295 1717 343 Pamphilam
1743 294 1803 335 τό·

251 348 404 387 ferebaf,
432 349 772 389 Hemsterhusius.
822 350 870 388 ef.
902 351 952 388 fr.
979 351 1072 388 170.

451 529 486 580 ὦ
516 544 619 591 παῖ,
651 539 858 592 μέγιστος
888 538 1047 592 ἔρανός
1078 537 1176 580 ἐστί
1202 554 1277 592 μοι
1307 537 1357 580 τὸ
1386 539 1436 581 σὲ

448 608 617 660 θρέψαι
647 603 759 647 κατὰ
788 606 975 659 τρόπον·
1011 605 1065 647 ὃν
1094 605 1182 662 γάρ
1213 605 1348 657 αὐτὸς
1377 604 1606 662 ἀπέλαβον

449 671 569 728 παρὰ
599 675 681 715 τοῦ
712 671 902 728 πατρός,
934 674 1007 715 δεῖ
1032 676 1193 716 τοῦτον
1222 672 1482 717 ἀποδοῦναί
1505 691 1560 731 με
1591 677 1676 718 σοί.

361 768 522 806 Stobaei
551 768 690 806 Floril.
724 768 894 817 append.
928 768 964 815 2,
989 768 1053 816 13,
1078 770 1127 805 11
1157 764 1362 816 Ἀλέξιδος.
1453 770 1490 809 2.
1520 767 1806 822 παρέλαβο“ν

245 823 293 863 Κ.
344 838 435 862 nam
465 825 670 863 hereditate
699 826 867 873 accipere
905 827 963 862 est
992 823 1329 875 παραλαμβάνειν.
1372 848 1418 853 —-
1463 823 1603 874 ἔρανος
1640 827 1803 878 tropice,

245 883 292 919 uh
322 881 494 932 Lycurg.
525 881 664 920 Leocr.
699 882 777 919 143
807 883 849 919 et
877 879 1000 922 Arist.
1032 881 1125 931 Lys.
1159 883 1253 921 653.
1301 884 1476 921 ceterum
1508 884 1558 924 cf.
1588 884 1638 922 fr.
1662 885 1757 925 304.

451 1071 542 1112 τῶν
571 1068 658 1124 γάρ
689 1068 876 1124 ἀγαθῶν
906 1068 987 1113 τὸν
1017 1071 1216 1112 πλοῦτον
1246 1069 1440 1114 ὕστατον
1469 1074 1609 1114 τίθει·

450 1136 773 1192 άβεβαιότατον
801 1138 889 1192 γάρ
921 1136 1044 1180 ἐστιν
1076 1130 1142 1180 ὦν
1171 1137 1439 1194 κεκτήμεθα.

450 1206 503 1247 τὰ
535 1203 578 1247 δ’
603 1203 701 1247 ἄλλ’
726 1204 930 1255 ἐπιεικῶς
958 1213 1051 1255 τοῖς
1081 1208 1234 1261 ἔχουσι
1263 1208 1522 1261 παραμένει.

361 1299 554 1339 Stobaeus
583 1300 722 1339 Floril.
754 1300 819 1349 95,
842 1301 867 1338 8
895 1295 1087 1347 Ἀλέξιδος
1114 1300 1164 1339 Α.

982 1409 1067 1451 282

472 1486 642 1531 ἄτοπόν
671 1503 723 1543 γε
751 1484 832 1530 τὸν
863 1490 946 1544 μὲν
976 1485 1105 1531 οἶνον
1136 1487 1392 1544 εὐδοκιμεῖν
1422 1490 1601 1546 σφόδρα

470 1554 590 1612 παρὰ
619 1563 715 1606 ταῖς
746 1555 940 1611 ἑταίραις
968 1554 1047 1598 τὸν
1076 1558 1287 1612 παλαιόν,
1319 1554 1464 1613 ἄνδρα
1494 1558 1543 1600 δὲ

468 1623 527 1680 μὴ
558 1622 639 1667 τὸν
669 1624 878 1678 παλαιόν,
910 1621 1024 1666 ἀλλὰ
1055 1622 1135 1666 τὸν
1164 1624 1399 1680 νεώτερον.

361 1719 588 1757 Athenaeus
620 1720 665 1769 1,
691 1719 779 1757 25f
813 1715 1021 1769 Εὔβουλος
1059 1715 1104 1756 δέ
1142 1728 1267 1768 φησιν
1302 1721 1384 1759 κτλ.
1444 1716 1487 1757 τὸ
1523 1712 1620 1758 αὐτὸ
1655 1717 1700 1758 δὲ
1737 1717 1805 1759 καὶ

242 1773 392 1823 ’Ἄλεξις
423 1773 565 1826 σχεδὸν
593 1772 923 1826 ἀπαραλλάκτως,
962 1774 1033 1813 τοῦ
1063 1770 1217 1827 σφόδρα
1245 1773 1371 1825 μόνου
1401 1773 1583 1826 κειμένου
1611 1772 1700 1815 άντὶ
1732 1781 1803 1815 τοῦ

248 1829 324 1872 άεί.
376 1833 611 1872 Eustathius
645 1833 766 1881 1422,
788 1833 856 1871 48.
905 1832 955 1870 ef.
988 1831 1133 1874 Eubul,
1169 1833 1262 1870 124.

918 1942 1016 1984 283.
1047 1942 1132 1984 284

519 2019 669 2071 οὐδεὶς
700 2019 945 2076 φιλοπότης
977 2019 1101 2062 ἐστὶν
1130 2019 1375 2074 ἅνθρωπος
1405 2003 1560 2070 κακός·

520 2086 543 2130 ὁ
573 2087 659 2142 γάρ
691 2088 890 2143 διμάτωρ
920 2088 1117 2142 Βρόμιος
1145 2085 1200 2129 οὐ
1229 2090 1372 2143 χαίρει
1404 2087 1559 2130 συνών

518 2155 712 2210 ἀνδράσι
740 2162 956 2211 πονηροῖς
985 2153 1086 2197 οὐδ’
1109 2153 1363 2211 ἀπαιδεύτῳ
1393 2157 1490 2211 βίῳ.

362 2251 593 2290 Athenaeus
616 2251 654 2300 2,
667 2251 756 2289 391)
787 2244 916 2296 οὐδεὶς
938 2271 990 2277 —-
1010 2247 1098 2301 βίῳ,
1129 2246 1253 2299 φησὶν
1274 2246 1437 2297 Ἄλεξις.
1482 2247 1549 2288 καὶ
1577 2247 1636 2288 ὅτι
1667 2243 1802 2298 οἶνος

248 2305 546 2358 φιλολόγους
588 2302 776 2352 πάντας
815 2308 957 2344 ποιεῖ
994 2304 1106 2351 τοὺς
1147 2307 1324 2344 πλεῖον
1360 2307 1595 2352 πίνοντας
1633 2302 1800 2346 αὐτόν.

250 2366 287 2403 1.
326 2361 430 2402 ἐστὶν
465 2361 687 2415 ἅνθρωπος
717 2360 902 2415 Casaub]
940 2357 1156 2414 ἄνθρωπός
1187 2359 1278 2400 ἐστι.
1338 2362 1506 2401 alterum
1536 2362 1800 2413 fragmentum

249 2421 368 2459 variis
397 2421 526 2459 modis
556 2420 742 2460 constitui
774 2422 919 2469 potest.

983 2529 1066 2571 285

1104 2606 1294 2657 κοτύλας
1323 2609 1532 2661 τέτταρας

518 2674 773 2730 ἀναγκάσας
803 2673 967 2730 μεστάς
997 2673 1064 2729 ἔμ’
1087 2673 1270 2717 αὐτίτου
1301 2673 1467 2717 σπάσαι

519 2742 648 2796 ὄξους
677 2743 949 2786 Δεκελεικοῦ
981 2741 1042 2785 δι’
1064 2741 1231 2797 ἀγορᾶς
1260 2742 1394 2798 μέσης
1423 2739 1558 2797 ἄγεις.

363 2838 589 2877 Athenaeus
613 2839 649 2888 2,
665 2839 749 2877 67e
779 2831 1023 2886 ἐθαυμάζετο
1051 2833 1096 2874 δὲ
1124 2834 1191 2874 καὶ
1221 2833 1263 2874 τὸ
1288 2833 1502 2874 Δεκελικὸν
1523 2833 1627 2883 ὄξος.
1650 2833 1800 2884 ’Ἀλεξις
