1806 3216
181 188 264 229 520
805 157 1104 219 ΦῐΛΗΜοΝοΣ

918 286 996 327 133

414 351 497 394 οὐκ
528 348 584 394 ἄν
616 352 775 394 δύναιο
805 350 864 407 μὴ
896 351 1130 406 γενέσθαι,
1163 352 1378 408 δέσποτα,

412 419 656 473 ἄνθρωπος
686 417 753 461 οόν
783 418 1048 473 ἄνθρωπος·
1091 419 1238 470 ἄλλως
1269 414 1354 463 οὖν
1383 423 1503 478 βοᾷς.

413 486 490 529 τὸν
521 486 649 539 ζῶντ’
677 486 851 543 ἀνάγκη
882 484 1013 530 πόλλ’
1037 491 1155 542 ἔχειν
1185 488 1306 531 ἐστὶν
1337 489 1464 532 κακά.
1686 534 1689 537 ,

296 582 489 620 stobaeus
521 581 657 620 Floril.
681 583 784 632 98,5
816 580 1039 632 Φιλήμονος
1072 583 1202 636 Trino.
1253 584 1363 623 deest
1391 585 1432 623 in
1463 586 1510 624 A.
1600 587 1637 624 2.
1669 582 1735 625 ἄλ-

182 642 255 684 λως
289 638 439 689 Ττίηο.]
487 636 616 683 ἄλλος.
660 661 716 666 ——
760 651 847 678 cum
876 640 986 678 homo
1016 642 1090 686 sis,
1132 642 1219 688 fieri
1247 653 1329 680 non
1349 645 1475 690 potest
1503 645 1547 682 ut
1574 655 1656 682 mm
1683 645 1738 683 sis

180 697 300 734 homo.
915 749 997 791 134

412 811 515 856 οὔτε
544 814 629 869 γὰρ
661 816 813 871 ἰατρὸς
844 815 953 859 οὐδὲ
985 811 1069 872 εἷς,
1101 813 1159 860 ἂν
1191 812 1244 860 εὖ
1274 821 1468 875 σκοπῇς,

411 878 517 932 τοὺς
548 881 680 932 αὐτὸς
711 883 852 926 αὐτοῦ
881 883 1071 938 βούλεθ’
1095 883 1319 940 ὑγιαίνειν
1350 889 1533 942 φίλους,

412 949 516 992 οὔτε
548 950 820 1006 στρατιώτης
851 953 984 994 πόλιν
1015 950 1128 1007 ὁρᾶν
1159 951 1268 996 ἄνευ
1299 957 1455 998 κακοῦ.

297 1045 491 1084 stobaeus
521 1046 660 1083 Flo1il.
696 1046 794 1092 102,
817 1048 841 1084 5
881 1042 1103 1097 Φιλήμονος
1141 1048 1186 1086 A.
1280 1050 1314 1088 1.
1356 1044 1410 1087 ἂν
1430 1054 1591 1117 σκοπῇς
1622 1050 1738 1093 Voss

182 1099 234 1139 ἂν
264 1104 397 1148 κοπεῐς
430 1105 477 1163 A.
528 1102 662 1151 itaque
693 1100 763 1140 ἐὰν
794 1108 945 1155 σκοπῇς
976 1105 1095 1142 Mein
1150 1106 1199 1143 ef.
1232 1107 1297 1155 31,
1320 1107 1358 1143 5.
1410 1103 1509 1144 α’νευ
1539 1106 1663 1145 κόπου
1692 1107 1738 1146 Β.

184 1160 219 1197 2.
250 1154 376 1196 αὑτοῦ
406 1152 526 1204 αὐτὸς
547 1159 582 1197 A
606 1159 716 1198 Voss.
769 1160 816 1197 de
839 1161 1109 1199 conlocatione
1131 1163 1339 1200 verborum
1363 1163 1410 1201 cf.
1437 1163 1662 1212 Timocl.6‚
1688 1166 1738 1203 19

185 1219 225 1253 et
254 1216 305 1254 M.
329 1215 476 1265 Haupt.
500 1215 643 1265 Opusc.
666 1216 705 1254 ΙΙ
730 1218 821 1254 185.

920 1295 999 1338 135

415 1357 501 1415 ἐγώ
534 1360 582 1402 δὲ
614 1363 841 1415 λυποῦμαι
871 1363 954 1418 μὲν
985 1364 1047 1414 εἰς
1077 1360 1339 1417 ὑπερβολὴν

415 1426 487 1470 ἐπὶ
517 1436 609 1478 τοῖς
640 1433 881 1485 παροῦσιν,
915 1431 963 1474 ἐν
993 1432 1041 1474 δὲ
1073 1434 1128 1487 τῇ
1157 1430 1275 1487 λύπῃ
1307 1434 1476 1486 φρονῶ.

414 1497 550 1539 τοῦτό
580 1512 634 1551 με
664 1496 714 1540 τὸ
747 1501 916 1554 τηροῦν
945 1500 1039 1542 ἐστι
1068 1498 1347 1555 κᾶνθρωπον
1376 1503 1554 1543 ποιοῦν.

299 1579 491 1619 Stobaeus
521 1581 660 1619 Floril.
697 1583 788 1630 108,
813 1582 836 1619 2
868 1586 939 1620 τοῦ
970 1578 1095 1621 αὐτοῦ
1125 1579 1382 1637 (Φιλημονος,
1412 1586 1458 1622 ut
1490 1581 1532 1638 1)
1563 1585 1612 1623 A.
1701 1587 1739 1624 3.

182 1649 229 1685 με
251 1633 296 1674 τὸ
319 1636 442 1675 Gaisf.
447 1635 462 1686 ]
486 1650 544 1686 με.
577 1635 620 1675 τό
642 1650 688 1687 με
710 1637 823 1678 Grot.
873 1636 939 1677 καὶ
971 1637 1086 1677 τοῦτό
1116 1653 1162 1689 με
1194 1653 1240 1678 ex
1270 1640 1419 1679 infelici
1449 1642 1674 1681 coniectura
1694 1642 1740 1684 Β.

920 1749 1000 1791 136

416 1812 558 1864 οὕτως
589 1812 813 1870 ἄνανδρος
842 1817 1050 1870 γέγονας;
1087 1815 1172 1859 οὐκ
1204 1815 1396 1871 εὐψυχία

416 1880 538 1924 τοῦτ’
564 1880 663 1925 ἔσθ’
689 1879 714 1924 ὃ
742 1891 884 1934 ποιεῖς
914 1886 1004 1927 νῦν
1033 1885 1144 1940 γάρ,
1175 1883 1278 1927 ἀλλ’
1300 1883 1536 1940 ἀνανδρία,

415 1948 464 1992 τὸ
493 1948 552 2005 μὴ
585 1951 812 1994 δύνασθαι
842 1944 1078 2008 καρτερεῖν
1108 1952 1409 2008 λυπούμενον.

302 2033 495 2072 Stobaeus
525 2034 660 2073 Floril.
695 2036 794 2086 108,
818 2037 871 2074 34
908 2033 1131 2086 Φιλήμονος
1171 2036 1222 2075 Α.
1273 2035 1445 2086 Διφίλου
1483 2037 1614 2079 Trinc.
1705 2040 1740 2076 l.

183 2085 373 2139 ἆψυχίαὶ)
403 2103 494 2128 nam
525 2086 728 2141 εὐψυχίαν
757 2093 919 2141 quidem
949 2106 1030 2132 non
1061 2105 1146 2132 esse
1175 2106 1292 2143 posse
1323 2106 1424 2143 quae
1455 2095 1516 2132 est
1543 2089 1740 2146 ἀνανδρία

185 2159 265 2185 non
297 2159 394 2196 opus
425 2151 513 2185 erat
544 2148 686 2187 dicere.
777 2150 815 2187 2.
849 2145 961 2202 ἔσθ’]
994 2147 1108 2188 ἐστὶν.

926 2260 1001 2302 137

458 2323 540 2367 οὐκ
572 2328 696 2369 ἔστιν
726 2325 834 2383 ἡμῖν
864 2324 1051 2383 οὐδεμία
1081 2327 1191 2382 τύχη
1221 2327 1350 2381 θεός,

458 2390 543 2434 οὐκ
574 2396 713 2449 ἔστιν,
746 2393 859 2437 ἄλλα
890 2394 1184 2450 ταύτόματον,
1218 2390 1243 2436 ὃ
1271 2397 1440 2449 γίνεται

457 2458 517 2511 ὡς
547 2461 669 2517 ε”τυχ
693 2462 885 2520 ἑκάστῳ,
917 2462 1299 2518 προσαγορεύεται
1329 2461 1451 2518 τύχη.
1717 2485 1741 2506 ο

302 2543 485 2583 Clemens
515 2545 629 2584 Alex.
661 2545 806 2585 Strom.
840 2547 985 2595 5‚14‚
1014 2547 1091 2584 128
1130 2547 1257 2592 καλως
1293 2538 1367 2584 οὖν
1403 2543 1470 2583 καὶ
1499 2544 1690 2596 Φιλημων
1721 2542 1742 2584 ὃ

187 2594 360 2650 κωμικὸς
391 2598 465 2650 τὴν
494 2600 795 2652 εἰδωλολατρίαν
827 2598 1007 2641 ἐκκόπτει
1043 2600 1110 2640 διὰ
1141 2600 1290 2640 τούτων
1321 2604 1399 2640 κτλ.
1451 2603 1592 2642 Euseb.
1626 2603 1669 2642 P.
1693 2604 1740 2643 E.

190 2659 253 2705 13,
275 2658 372 2697 402.
414 2658 650 2700 Theodoret
673 2658 750 2697 Aff.
776 2672 836 2710 gr.
860 2671 939 2698 eur.
969 2673 1007 2709 p.
1030 2660 1097 2707 87,
1121 2660 1189 2699 45.

929 2769 1008 2812 138

478 2832 619 2890 ὁρῶσι
648 2835 810 2886 πάντες
841 2840 1034 2891 πρῶτον,
1069 2834 1147 2879 εἶτ’
1172 2835 1449 2891 ἐθαύμασαν,
