1890 3190
552 200 799 236 11Λο1Σ101
825 222 867 228 -
898 200 1158 235 11011111(οΣ
1586 198 1638 240 91

308 298 475 357 εὑρεῖν,
507 296 706 358 ὀνόματα
735 300 895 355 καινά,
925 300 981 344 τὰ
1012 299 1267 357 διῳκημένα

306 368 544 426 πρότερον,
575 367 629 413 τὰ
659 372 748 412 νῦν
778 367 1004 425 παρόντα,
1035 366 1121 425 τήν
1152 368 1490 424 καταστροφήν,

229 447 275 480 20
303 437 389 494 τήν
419 436 641 494 εἰσβολήν.
701 432 759 479 ἂν
787 436 839 480 ἓν
867 453 911 480 τι
939 435 1115 480 τούτων
1145 438 1376 493 παραλίπῃ

310 504 486 563 Χρέμης
515 520 582 556 τις
610 502 639 561 ἢ
672 504 850 547 Φείδων
880 519 969 558 τις,
1002 504 1329 560 ἐκσυρίττεται·

309 575 457 630 Πηλεῖ
483 572 533 616 δὲ
563 573 674 616 ταῦτ
683 570 859 624 ’ἔξεστι
890 571 965 615 καὶ
1002 572 1188 629 Τεύκρῳ
1217 579 1378 615 ποιεῖν.

48 701 51 705 .
188 669 417 710 Athenaeus
448 669 494 718 6,
517 667 597 707 222
615 681 640 708 8
668 663 955 719 ὖπομνήσομεν
983 680 1030 705 τα
1043 662 1157 733 ’παρ’
1187 662 1418 716 Ἀντιφάνει
1447 665 1637 738 λεγόμενα

46 725 48 728 ’
75 721 119 765 ἓν
146 723 316 777 Ποιήσει
345 722 460 764 τόνδε
491 722 561 763 τὸν
589 721 737 776 τρόπον
765 725 845 763 κτλ.
927 724 966 763 2.
997 720 1127 762 πάντα
1147 722 1195 762 Α.
1275 719 1374 761 κατὰ
1404 719 1557 762 πάνθ’·
1591 717 1642 775 ἧς

73 795 124 849 γε
147 781 197 823 G.
219 782 268 823 A.
290 781 490 833 Hirschig.
521 780 670 821 Annot.
703 781 790 821 crit.
825 782 864 820 3.
968 779 1008 820 4.
1039 775 1163 819 ὥσθ’
1195 776 1265 832 Κ.]
1295 776 1350 827 ὥς
1380 780 1429 820 A.
1519 782 1562 821 5.
1588 795 1644 819 αν

73 834 200 891 μόνον
224 837 231 891 Ι
258 838 337 890 φῶ,
366 835 486 877 τᾶλλα
515 835 720 890 Ῑ)ἰ11(1011“.]
753 841 818 888 φῶ
848 835 894 876 τὰ
926 831 966 875 δ’
986 834 1085 876 ἅλλα
1114 837 1164 876 A.
1207 839 1249 875 at
1277 835 1406 887 μόιον
1435 840 1527 888 post
1558 851 1595 877 v.
1615 839 1642 876 4

42 929 50 946 ,χ
74 897 141 938 vix
170 896 371 937 credibile.
431 907 505 934 scr.
540 891 740 935 Οἰδίπουν
767 892 855 947 γὰρ,
873 908 926 933 αν
955 904 1153 944 φρασα),
1192 889 1247 932 τά
1276 890 1316 945 γ’
1339 891 1440 933 ἄλλα
1470 896 1555 936 κτλ.

76 953 118 1002 9.
144 949 370 1005 Ἀλκμέωνα
401 949 556 1004 Dindf.]
589 947 850 1003 ’.Αλκμαίωνα
904 951 954 991 cf.
989 963 1089 1002 quae
1126 963 1200 991 nos
1241 951 1292 990 ad
1321 951 1536 1002 Amphidis
1572 951 1643 990 Al-

32 1022 35 1023 ’
80 1022 281 1051 cmeonem
311 1012 353 1050 et
383 1022 484 1059 quae
512 1009 667 1048 Nauck.
699 1009 764 1048 Tr.
786 1022 845 1060 gr.
866 1008 915 1048 fr.
947 1009 997 1048 ad
1027 1008 1169 1059 Eurip.
1190 1007 1448 1048 Alcmeonem
1477 1008 1641 1047 adnota-

43 1088 45 1090 ·
76 1067 140 1107 vit
167 1079 214 1107 80
243 1068 450 1117 praeterea
481 1065 645 1106 Timocl.
678 1067 807 1115 6,12.
898 1066 963 1105 10.
996 1060 1122 1116 εἴρηχ’
1156 1064 1315 1131 Dindf.]
1347 1063 1507 1117 εἴρηκεν
1534 1065 1584 1105 A.

80 1125 144 1163 11.
176 1120 324 1175 μητέρα
355 1125 396 1162 et
424 1118 469 1161 δὲ
498 1122 547 1162 A.
639 1123 703 1162 12.
726 1123 792 1162 13.
823 1117 859 1160 τ’
882 1119 1044 1161 α’πεισι.
1093 1115 1252 1161 ,ἔπειθ’
1285 1120 1475 1175 08881111]
1507 1134 1604 1161 ταπε
1607 1135 1642 1160 ι-

37 1220 39 1222 ,
76 1175 167 1220 σιθ’
199 1180 246 1220 A.
333 1177 509 1229 ἄπεισιν,
540 1172 620 1218 εἶθ’
645 1176 732 1230 ἥξει
760 1176 881 1218 πάλιν
911 1152 1116 1219 Herwerti.
1146 1178 1252 1217 Nov.
1285 1179 1375 1218 add.
1408 1180 1498 1219 crit.
1533 1180 1601 1219 20.

34 1236 37 1238 ’
75 1233 202 1288 μηδὲν
232 1234 476 1288 Schweigh]
507 1232 641 1300 μηθὲν
668 1236 743 1277 A.
792 1236 854 1276 14.
885 1231 1161 1304 ἀπειρήκωσιν
1188 1235 1328 1275 Dindf.
1332 1233 1350 1289 ]
1379 1230 1641 1288 ἀπειρηκόσιν

35 1331 37 1334 .
75 1293 125 1335 A.
215 1294 280 1336 18.
310 1291 446 1344 καινά,
477 1286 523 1332 τοὶ
554 1291 740 1345 0888110]
774 1290 893 1332 καινὰ
922 1285 1088 1331 κᾶπειτα
1119 1288 1166 1330 τὰ
1194 1291 1244 1331 A.
1322 1292 1464 1333 deinde
1496 1291 1642 1344 διωκη-

34 1367 39 1372 ·
76 1347 196 1402 μένα·
206 1350 255 1390 A.
294 1347 538 1418 διφχημένα
548 1350 805 1390 Herwerden.
893 1338 978 1390 ⁹20.
1009 1347 1233 1401 παραλείπῃ
1261 1349 1310 1388 A.
1415 1351 1480 1389 21.
1512 1348 1645 1399 φίδων

24 1423 31 1453 ᾗ
77 1407 127 1447 A.
188 1408 285 1503 22.
316 1389 452 1460 ταῦτ’]
482 1401 602 1445 πάντ’
635 1407 755 1446 Mein.
787 1407 903 1446 Anal.
934 1406 1081 1446 Athen.
1114 1407 1180 1447 95.

23 1470 26 1473 ’
192 1465 230 1503 2.
269 1463 311 1503 οῖ
342 1461 451 1516 λόγοι
489 1465 584 1503 sunt
613 1468 847 1515 aryumenta
874 1463 1115 1504 fabularum.
1165 1463 1466 1514 Metagen.14.
1516 1463 1642 1504 Arist.

77 1521 201 1574 Vesp.
231 1522 300 1562 54.
388 1521 426 1561 5.
457 1518 656 1560 Οἰδίπουν
685 1517 812 1570 φάναι
841 1533 1060 1572 numquam
1091 1519 1261 1560 Graecos
1292 1520 1438 1561 dixisse
1468 1521 1645 1560 arbitror

76 1579 154 1629 ita,
186 1580 232 1617 ut
260 1578 367 1617 idem
396 1580 500 1617 esset
530 1578 636 1642 quod
667 1577 812 1628 Oedipi
841 1590 986 1618 nomen
1015 1577 1291 1627 pronuntiare.
1381 1579 1418 1617 9.
1450 1577 1544 1629 ΗΠ)
1546 1579 1643 1617 erid.

77 1635 422 1675 Euxen.xxx1111
462 1637 482 1673 1
523 1633 564 1673 οἱ
596 1628 704 1673 α’λλοι
731 1630 944 1686 Ἀθηναῖοι
983 1632 1094 1672 ἴσασι
1132 1631 1199 1672 καὶ
1238 1631 1284 1672 τὰ
1323 1633 1464 1672 παιδία
1510 1632 1557 1672 τὰ
1601 1632 1644 1673 ἐκ

19 1730 23 1731 .
80 1697 161 1731 τῶν
200 1689 497 1730 διδασκαλείων.
617 1693 681 1733 11.
723 1692 923 1742 quomodo
953 1692 995 1730 in
1024 1690 1252 1730 Alcmeonis
1283 1691 1418 1730 fabula
1447 1690 1646 1732 Adrastus

8 1759 29 1780 -’
81 1749 234 1788 dudum
263 1750 446 1788 mortuus
475 1748 613 1788 venire
641 1749 773 1803 possit
803 1752 843 1788 et
872 1748 980 1788 abire
1009 1760 1091 1787 non
1111 1750 1272 1798 exputo.
1307 1748 1562 1788 scribendum
1582 1751 1646 1788 est

78 1801 318 1857 ἀγανακτῶν
346 1801 401 1843 δε
430 1803 618 1855 δράσας
650 1800 803 1852 εὐθέως
831 1807 963 1845 statim
992 1806 1084 1873 post
1112 1805 1252 1844 matris
1281 1805 1439 1844 caedem
1459 1807 1644 1856 indiym

26 1868 28 1870 '
77 1865 141 1902 tus
170 1865 326 1902 tantwm
354 1862 522 1910 facinus.
583 1862 705 1901 verba
732 1859 819 1913 ἥξει
847 1859 969 1900 πάλιν
998 1855 1036 1899 τ’
1057 1858 1196 1900 ἄπεισι
1225 1861 1426 1911 pertinere
1455 1862 1645 1901 videntur

77 1919 130 1959 ad
160 1931 313 1958 errores
332 1918 562 1958 Alcmeonis
592 1921 684 1969 post
711 1919 853 1958 matris
883 1918 1056 1960 caedem.
1106 1918 1309 1968 profectus
1337 1919 1446 1958 enim
1477 1921 1538 1958 est
1566 1920 1644 1970 pri-

77 1989 187 2015 mum
218 1975 268 2014 ad
296 1974 458 2015 Oeclem
490 1975 532 2014 in
559 1974 794 2028 Arcadiam,
825 1975 875 2014 ab
905 1976 979 2015 hoc
1018 1975 1067 2014 ad
1096 1975 1301 2026 Phegeum
1338 1972 1397 2027 (ἐς
1431 1972 1642 2029 Ψωφῖδα),

19 2048 24 2050 ·
80 2032 224 2072 deinde
253 2031 303 2074 ad
332 2031 565 2080 Acheloum,
597 2031 702 2072 unde
730 2032 970 2083 Psophidem
999 2032 1217 2071 revertitur
1247 2034 1289 2071 et
1317 2032 1410 2072 inde
1440 2033 1644 2083 profectus

78 2102 102 2128 8
130 2085 277 2140 Phegei
307 2088 402 2129 filiis
431 2088 685 2129 interficitur.
795 2090 861 2128 15.
891 2089 993 2128 Plat.
1026 2088 1180 2140 Cratyl.
1213 2089 1296 2128 425
1315 2089 1340 2127 d
1371 2088 1412 2128 οἶ
1437 2088 1643 2142 τραγῳδοί,

16 2147 24 2168 '³
81 2142 246 2185 ἕπειδαν
276 2158 312 2184 τι
341 2140 562 2197 ἀπορῶσιν,
593 2143 657 2185 ἐπὶ
687 2143 756 2193 τὰς
783 2143 964 2198 μηχανὰς
984 2141 1283 2197 καταφεύγουσι
1301 2143 1426 2193 θεοὺς
1447 2144 1643 2196 αἴροντες.

81 2201 134 2242 cf.
166 2201 248 2242 Cic.
269 2201 321 2242 N.
343 2202 384 2241 d.
418 2204 454 2253 1,
477 2203 544 2244 53.
596 2201 757 2243 Grotius
787 2203 884 2242 Exc.
918 2203 999 2243 622
1030 2206 1113 2243 tam
1141 2202 1255 2250 facile
1284 2215 1404 2251 quam
1432 2204 1644 2254 diqitulum

80 2260 220 2300 tollant
247 2259 471 2300 machinam
501 2255 681 2313 (Mein.),
713 2261 737 2299 i.
760 2273 794 2298 e.
825 2259 938 2299 nullo
968 2259 1145 2311 negotio.
1244 2259 1309 2299 18.
1340 2273 1388 2298 τα
1418 2258 1644 2313 διῳκημένα

0 2324 1 2354 l
80 2315 331 2366 Antiphanes
361 2316 531 2356 scribere
562 2316 628 2355 vix
657 2317 804 2367 potuit.
851 2316 901 2356 cf.
928 2317 1019 2355 155.
1069 2318 1112 2355 at
1131 2315 1390 2356 Herwerdcni
1420 2314 1644 2385 διῳχημένα

78 2384 207 2423 neque
238 2373 428 2412 usitatum
458 2372 602 2412 Atticis
633 2376 695 2413 est
723 2386 852 2424 neque
883 2373 1104 2412 sententiae
1134 2372 1340 2412 satisfacit.
1386 2369 1642 2442 801.τῷκο-

81 2426 346 2480 νομημένα.
397 2429 563 2470 Aristot.
594 2429 703 2470 Post
729 2431 779 2469 13
811 2426 1035 2480 Εὐριπίδης
1066 2428 1101 2468 εἰ
1128 2426 1195 2467 καὶ
1226 2427 1347 2468 ταλλα
1376 2427 1430 2481 μὴ
1460 2424 1507 2469 εὖ
1538 2430 1643 2469 οἰκο-

3 2472 6 2519 Ϋ
84 2488 204 2536 νομεῖ.
255 2486 306 2525 cf.
336 2485 444 2525 Plut.
476 2487 577 2525 Mor.
610 2487 735 2526 3470.
831 2487 898 2526 20.
930 2483 1004 2537 τὴν
1032 2484 1233 2537 εἰσβολήν,
1264 2488 1310 2526 ut
1339 2485 1551 2538 [Longin.]
1584 2488 1642 2526 De

3 2544 29 2572 ι’
80 2542 182 2582 subl.
213 2542 288 2593 38,
311 2543 335 2581 2
373 2538 645 2596 (Ἰσοκράτης)
682 2538 810 2589 εὐθὺς
846 2540 892 2581 ἕν
928 2548 975 2597 τῇ
1013 2542 1173 2597 εἰσβολῇ
1212 2539 1301 2597 (τοῦ
1334 2540 1642 2596 Πανηγυρικοῦ)

4 2611 6 2620 ’
81 2603 206 2638 ταῦτα
235 2597 412 2650 τίθησιν.
443 2621 498 2628 -
529 2602 702 2639 ceterum
734 2600 784 2638 cf.
817 2600 968 2650 Diphil.
1000 2601 1067 2651 30,
1089 2601 1129 2639 4.
1152 2600 1190 2638 5.

663 2761 679 2776 .
731 2722 989 2757 noN'ruzoz

196 2802 405 2853 Ponticos,
435 2814 604 2852 quorum
633 2803 751 2843 multi
781 2805 850 2843 aut
878 2806 1120 2844 mercaturae
1150 2816 1266 2843 081188
1294 2805 1364 2843 aut
1391 2795 1441 2843 ut
1468 2803 1643 2854 philoso-

5 2858 27 2894 ².
85 2860 256 2911 phorum
289 2859 433 2899 scholis
463 2859 705 2900 interessent
723 2859 893 2901 Athenis
923 2860 1199 2915 versabantur,
1230 2872 1346 2913 saepe
1375 2860 1547 2900 ludibrio
1577 2861 1643 2901 ha-
