1890 3190
291 184 341 224 16
878 186 1196 219 ΑΝΤΙΦΑΝΟΤΣ

286 287 367 325 sius
399 289 435 325 6.
493 288 592 325 hano
630 289 764 325 tamen
804 300 958 334 vocem,
996 288 1181 336 quoniam
1213 288 1376 326 dubium
1407 290 1467 326 est
1495 301 1683 338 quorsum
1713 289 1833 338 porti-

285 346 396 392 neat,
443 343 678 393 fragmentis
716 343 878 381 incertis
917 343 1050 381 addidi
1089 340 1225 396 (317).
1285 347 1460 382 ceterum
1497 344 1651 383 Bekker
1680 345 1832 384 Aneod.

287 400 455 449 367,15
487 395 674 449 ἆκληρία·
705 394 796 436 ἀντὶ
824 398 893 436 τοῦ
923 394 1064 449 ἀτυχία
1096 401 1301 450 Σοφοκλῆς
1331 396 1399 452 (fr.
1423 400 1503 438 895
1525 398 1607 452 N..)
1665 403 1832 450 uterque

286 454 411 505 igitm
440 455 577 493 eadem
608 468 720 503 voce,
763 455 919 494 diversa
957 458 1090 494 tamen
1121 456 1286 495 fortasse
1316 455 1607 506 significatione
1635 468 1728 496 usus
1757 459 1833 495 est.

1035 565 1088 606 15

556 619 803 661 κατάλυσιν

399 700 465 740 καὶ
495 700 644 752 ταύτην
674 699 939 740 ἐπαιτιῶνται.
987 698 1228 752 Ἀντιφάνης
1253 696 1449 742 Ἀδώνιδι.
1498 702 1666 744 Bekker.
1687 703 1836 742 Aneed.

289 759 468 807 103,15.
528 757 695 809 ταύτην]
729 757 841 796 τοῦτο
870 758 1025 796 Ruhnk.
1057 758 1115 797 De
1144 755 1311 808 Antiph.
1335 759 1429 797 254.
1491 755 1836 809 ἐπαιτιῶνται,

283 816 590 854 incrimi‘namur
619 817 665 853 ut
695 827 830 853 vocem
861 814 1008 853 Atticis
1039 827 1119 853 non
1148 815 1348 853 usitatam.
1393 817 1435 853 at
1462 813 1681 853 κατάλυσιν
1708 817 1837 855 dever-

283 873 430 910 sorium
460 872 644 910 dixerunt
672 872 790 909 etiam
822 871 957 909 Alexis
979 872 1003 908 2
1043 873 1082 908 et
1115 870 1231 909 Plato
1251 871 1508 920 philosophus
1527 871 1690 922 Protag.
1708 872 1836 911 315d.

287 928 386 977 Leg.
412 930 474 975 11,
498 930 632 966 919a.
668 928 731 977 12,
755 928 884 965 953a.
936 925 1059 964 οἴκων
1087 925 1320 973 καταλύσεις
1350 927 1488 977 Eurip.
1520 927 1584 965 El.
1607 929 1701 978 393,
1731 928 1838 978 quod

285 996 428 1022 moneo
459 987 621 1033 propter
650 984 771 1022 Mein
803 983 823 1021 Ι
854 984 949 1022 314.
981 985 1020 1022 5.

959 1105 1158 1139 ΑΘΑΜΑΣ

396 1186 652 1224 Athamantis
683 1186 859 1224 fabulam
890 1186 1070 1239 (Preller.
1093 1186 1221 1236 Myth.
1241 1182 1322 1236 gr.²
1341 1185 1381 1223 II
1403 1186 1486 1224 310
1502 1181 1591 1238 sq.),
1624 1199 1647 1224 a.
1676 1186 1837 1236 tragicis

283 1255 438 1292 quoque
469 1243 558 1292 plus
590 1243 712 1282 semel
742 1244 972 1292 tractatam,
1003 1243 1149 1280 comice
1178 1242 1337 1281 videtur
1365 1243 1617 1292 expressisse.

1035 1341 1086 1382 16

847 1388 1053 1474 χλαμύδα
1083 1418 1157 1460 καὶ
1188 1418 1354 1473 λόγχην
1383 1418 1508 1472 ἔχων,

551 1484 946 1540 αξυνακόλουθος,
978 1486 1129 1541 ξηρός,
1162 1483 1486 1540 αὐτολήκυθος.

395 1580 535 1619 Pollux
570 1581 634 1630 10,
661 1581 712 1618 62
752 1577 819 1618 καὶ
856 1575 1160 1630 αὐτοληκύθους
1201 1575 1243 1616 δέ
1272 1591 1382 1624 τινας
1413 1574 1680 1628 Δημοσθένης
1710 1574 1753 1615 ἐν
1781 1582 1836 1632 τῷ

280 1634 379 1674 κατὰ
411 1635 599 1682 Κόνωνος
631 1634 802 1689 (54,16)
835 1631 1035 1686 ὀνομάζει,
1066 1632 1137 1681 οὓς
1167 1631 1409 1684 σαφέστερον
1436 1632 1491 1672 α’ν
1518 1647 1576 1680 τις
1605 1631 1649 1672 ἐν
1680 1639 1733 1687 τῷ
1748 1617 1835 1672 Ἀν-

282 1706 474 1742 τιφανους
509 1687 731 1743 Ἀθαμαντι
769 1691 985 1741 κεκλῆσθαι
1028 1689 1130 1743 λέγοι
1162 1690 1339 1736 εἰπόντος
1367 1692 1447 1728 κτλ.
1507 1674 1834 1738 ἆξυνακόλουθος

284 1749 469 1800 Salmas]
504 1745 812 1797 ξυνακόλουθος.
858 1748 1149 1798 Harpocration
1179 1743 1303 1813 (unde
1332 1747 1505 1796 plurima
1525 1747 1722 1797 exscripta
1741 1750 1836 1786 sunt

280 1806 451 1845 Bekker.
482 1806 632 1845 Anecd.
663 1804 852 1855 465,17)
883 1799 1208 1855 αὖτολήκυθοι.
1227 1834 1236 1842 .
1260 1798 1348 1841 ἀντὶ
1390 1807 1462 1840 τοῦ
1490 1799 1686 1850 εὐζώνους
1719 1817 1833 1850 τινας

279 1859 345 1900 καὶ
385 1859 563 1912 ἒτοιμους
601 1866 684 1899 πᾶν
723 1857 863 1899 ὁτιοῦν
890 1863 1020 1899 ποιεῖν
1049 1859 1116 1899 καὶ
1145 1857 1357 1913 ὑπομένειν
1385 1854 1415 1907 η’
1445 1854 1535 1896 ἀντὶ
1565 1863 1634 1897 τοῦ
1662 1857 1834 1910 πένητας

278 1916 343 1956 καὶ
386 1915 528 1981 μηδὲν
549 1916 643 1956 ἄλλο
680 1914 945 1984 κεκτημένους
974 1914 1002 1967 ἢ
1032 1911 1250 1967 ληκύθους.
1309 1916 1455 1954 rectius
1485 1914 1653 1954 Bekker.
1683 1915 1831 1954 Aneed.

281 1975 375 2024 204,
395 1976 447 2013 27
478 1967 778 2024 αὖτολήκυθος·
809 1967 830 2011 ὁ
861 1971 996 2023 πένης,
1027 1969 1105 2011 ἀπὸ
1135 1978 1205 2011 του
1234 1970 1364 2025 ἓαυτῳ
1392 1967 1536 2036 (αὐτὸν
1564 1968 1735 2025 ἕαυτῷῖ)
1764 1966 1834 2018 τὰς

281 2026 488 2079 ληκύθους
528 2028 662 2080 φέρειν
699 2029 755 2077 εἰς
792 2022 838 2067 τὰ
874 2029 1077 2078 βαλανεῖα.
1143 2031 1239 2078 466,
1262 2031 1286 2068 6
1323 2010 1532 2065 αὖτόλυκοι
1561 2010 1684 2080 (recte
1713 2027 1833 2066 Mein.

280 2083 596 2140 αὕτολήκυθοι)·
628 2084 814 2137 πένητες,
845 2081 930 2124 οἷον
958 2080 1246 2126 αὖτοδιακονοι.

929 2207 1183 2242 ΑΠ’ΤΠΤΙΟῙ

1031 2285 1081 2326 17

537 2340 774 2395 αναβῆναι

394 2438 482 2462 αντι
512 2422 580 2461 τοῦ
609 2418 876 2473 αναχωρῆσαι.
925 2417 1167 2470 Ἀντιφανης
1196 2418 1442 2471 Αἰγυπτίοις.
1485 2420 1654 2458 Bekker.
1676 2419 1828 2458 Anecd.

279 2482 344 2529 81,
372 2482 438 2522 15.
503 2476 703 2518 ἀναδῦναι
733 2478 854 2518 Mein.
887 2478 987 2517 conl.
1019 2477 1186 2516 Bekker.
1221 2477 1367 2518 Aneed.
1399 2477 1493 2526 390,
1518 2477 1568 2514 14
1608 2467 1828 2514 ἀναδῦναι·
1883 2496 1887 2522 5

277 2532 542 2589 αναχωρῆσαι.

958 2632 1144 2667 ΑῙΟΑΟΣ

390 2717 560 2756 Parodia
598 2716 660 2754 vel
698 2713 868 2752 imitatio
908 2713 1057 2752 comica
1093 2712 1251 2752 videtur
1282 2711 1401 2750 fuisse
1432 2711 1547 2750 Aeoli
1576 2709 1826 2759 Euripidem,

278 2787 358 2812 non
388 2773 509 2812 semel
538 2771 760 2822 exagitatae
790 2770 838 2808 ab
868 2769 1156 2819 Aristophane,
1193 2768 1303 2807 cuius
1333 2768 1453 2806 etiam
1483 2767 1665 2806 exstabat
1692 2766 1829 2804 fabula
1879 2772 1883 2793 ³

277 2829 515 2870 Aeolosioon.
566 2828 614 2868 cf.
645 2827 765 2865 Mein.
798 2826 817 2864 I
847 2826 942 2864 323.
