1864 3204
205 232 289 273 228
806 234 1157 268 ΝΙΚΟΣΤΡΑΤΟΤ

905 333 974 376 30.
1004 334 1057 376 31

477 412 613 455 πάλιν
643 412 789 468 χρόνῳ
819 410 1006 467 τάρχαῖα
1035 409 1169 455 καινὰ
1200 415 1386 467 γίνεται.

479 536 561 579 οὐκ
593 538 686 579 ἔστι
716 536 1101 591 δυσαρεστότερον
1131 536 1239 579 οὐδὲ
1270 538 1319 579 ἓν
1348 537 1536 591 χρόνου·

477 602 685 647 οὐδέποτ’
719 602 898 658 οἷρέσκει
928 601 1067 646 ταύτὰ
1096 603 1239 660 τούτῳ
1268 607 1329 660 τῷ
1361 606 1467 659 θεῷ.

318 686 511 727 Stobaeus
532 687 617 726 Ecl.
641 689 677 735 1,
700 688 738 738 8,
764 689 812 725 12
845 687 910 725 ‘in
938 687 1139 726 codicibus
1160 686 1269 724 VAE
1301 687 1516 726 Nicostrati
1535 699 1680 726 nomen
1709 687 1758 726 ad

204 744 424 793 proximum
447 744 627 783 versum'
658 739 726 796 (fr.
749 743 820 794 31)
854 744 1058 782 ‘trahitmn
1086 743 1235 793 legitur
1262 745 1394 782 autem
1422 745 1455 782 is
1484 745 1527 781 in
1556 744 1756 782 codicibus

204 801 390 839 continuo
413 813 499 839 cum
529 802 687 850 nostro,
718 801 823 838 unde
843 800 1049 850 probabile
1071 802 1133 838 est
1162 802 1373 849 utrumque
1401 800 1618 849 Nicostrati
1637 800 1756 839 esse’.

204 857 373 896 Heeren.
434 859 469 896 2.
501 854 830 907 δυσαρεστότερον
849 855 1037 906 Heeren.]
1071 852 1408 906 δυσαρεστότατον
1427 857 1475 895 V.
1521 854 1758 908 δυσαρεσκό-

206 926 320 951 τατον
349 914 443 952 ΑΕ.
488 910 581 952 οὐδὲ
605 912 654 951 ἓν
684 910 863 964 Grotius]
896 908 1027 950 οὐδὲν.

952 1011 1007 1053 32

798 1089 1033 1145 μειράκιον
1063 1089 1114 1131 δὲ
1144 1087 1255 1131 κατὰ
1283 1091 1425 1145 τύχην

499 1154 929 1213 ὑποσκαφιόκαρτόν
958 1174 1001 1200 τι
1029 1158 1431 1211 κεχλαμυδωμένον

499 1225 708 1279 κατάγεις
738 1224 1051 1279 ἀναγκόσιτον.

316 1298 542 1336 Athenaeus
575 1298 612 1347 2,
634 1298 719 1335 47e
749 1292 1017 1348 ἀναγκόσιτον
1048 1292 1091 1334 δὲ
1111 1326 1120 1335 .
1139 1327 1148 1335 .
1168 1327 1176 1335 .
1195 1294 1464 1347 Νικόστρατος
1485 1298 1563 1334 κτλ.
1645 1299 1680 1334 1.
1711 1293 1756 1335 δὲ

203 1354 291 1395 add.
311 1354 477 1392 Porson.
499 1354 609 1392 Miso.
634 1354 729 1392 234.
810 1354 847 1391 2.
880 1367 916 1390 τι
934 1352 1117 1403 Porson.]
1150 1366 1186 1390 τι
1209 1351 1288 1391 καὶ.
1332 1350 1514 1403 κατάγεις
1545 1348 1754 1404 ἀναγκόσι-

204 1423 272 1448 τον
301 1408 488 1462 Porson.]
521 1405 621 1447 κατὰ
650 1414 722 1461 γῆς
750 1405 1013 1461 άναγκοσιτῶ.
1060 1410 1109 1448 of.
1141 1409 1293 1451 Cratet.
1325 1410 1392 1449 44.

954 1508 1008 1550 33

399 1585 603 1640 ἁλύσεις,
635 1589 907 1641 καθετῆρας,
938 1586 1227 1641 δακτυλίους,
1258 1584 1486 1641 βουβάλι’,
1518 1585 1668 1641 ὄφεις,

401 1655 737 1710 περισκελίδας,
771 1653 1022 1709 ἐλλέβορον.

320 1726 502 1766 Clemens
532 1727 646 1765 Alex.
677 1726 796 1765 Paed.
829 1726 966 1774 2,12,
991 1726 1069 1764 123
1109 1721 1212 1775 λέγει
1247 1730 1346 1776 γοῦν
1375 1721 1396 1762 ὁ
1424 1722 1595 1775 κωμικὸς
1625 1722 1749 1762 Νικό-

201 1794 359 1835 στρατος
391 1785 471 1821 κτλ.
532 1783 674 1821 Pollux
703 1784 749 1830 5,
775 1783 856 1821 100
894 1779 1184 1832 περισκελίδας·
1221 1778 1287 1819 καὶ
1323 1778 1398 1833 γὰρ
1429 1779 1552 1834 τούτῳ
1582 1785 1636 1834 τῷ
1665 1777 1752 1819 ὀνό-

198 1855 290 1890 ματι
327 1837 537 1890 κέχρηνται
575 1837 814 1890 Μένανδρος
851 1835 917 1876 καὶ
961 1835 1231 1900 Νικόστρατος
1267 1836 1310 1874 οἱ
1341 1836 1751 1901 κωμῳδοδιδάσκαλοι.

199 1891 392 1947 βουβάλια
403 1896 567 1935 codices.
585 1895 756 1946 Hesych.
777 1890 1012 1946 βουβάλων·
1033 1887 1222 1946 γυναικὸς
1233 1889 1462 1945 κοσμάριόν.
1486 1894 1535 1933 of.
1547 1894 1752 1944 Aristoph-

202 1954 250 1994 fr.
283 1954 379 1992 320.
418 1953 566 2002 Diphil.
597 1953 665 1991 59.
978 2004 1006 2046 4

1014 2080 1016 2083 ·
1135 2075 1183 2102 το
1217 2074 1237 2102 ε

471 2128 837 2185 ἐξωρμενικότες,
869 2075 1130 2181 δυσχερεῖεςῗ1
1152 2075 1462 2183 πῖιλῗναίρετοι

313 2200 479 2239 Photius
509 2197 759 2252 ὄρμενα·τά
790 2203 859 2249 τῆς
890 2195 1124 2249 κράμβης..
1144 2196 1430 2262 ,Νικοστράτῳ
1463 2194 1751 2250 (Νικόστρατος

202 2253 341 2310 Mein.)
371 2258 451 2295 κτλ.
512 2255 669 2308 ῥήτορες
707 2253 1009 2306 ἐξωρμενικότες
1046 2251 1233 2307 Porsen]
1274 2251 1407 2306 ρήτορι
1438 2252 1750 2306 ἐξωρμενηκότες

202 2314 287 2352 cod
318 2311 585 2364 παλιναίρετοι
615 2310 753 2365 Mein]
782 2309 903 2350 πάλιν
932 2309 1088 2374 αιρετοί.
1150 2311 1317 2352 Bekker.
1347 2312 1584 2358 Anecd.38,
1610 2313 1659 2350 17
1691 2309 1748 2358 ἐξ·

200 2368 429 2437 ορμενίζειν·
470 2366 514 2406 τὸ
556 2367 768 2415 ἐξανθεῖν.
815 2363 988 2419 ,ὄρμενα
1024 2362 1098 2418 γὰρ
1133 2368 1307 2406 καλεῖται
1343 2364 1422 2406 ὑπὸ
1460 2372 1540 2406 τῶν
1564 2363 1751 2405 Ἀττικῶν

198 2424 244 2463 τὰ
287 2431 367 2464 τῶν
406 2422 589 2493 λαχάνων
629 2399 895 2492 ἐξανθήματα.
946 2425 996 2462 of.
1026 2424 1124 2463 ibid.
1157 2424 1310 2472 24,13.
1355 2424 1537 2491 Eustatli.
1566 2423 1749 2474 899,15.

196 2482 342 2521 Athen.
375 2484 420 2533 2,
445 2482 527 2521 62f
563 2476 730 2520 Ἀττικοὶ
767 2476 802 2520 δ’
845 2478 943 2519 εἰσὶν
979 2479 1021 2518 οἱ
1054 2476 1228 2531 λέγοντες
1266 2477 1437 2531 ὄρμενον
1474 2477 1544 2519 τὸν
1572 2476 1651 2517 ἀπὸ
1681 2492 1750 2525 τνς

197 2533 374 2589 κράμβης
411 2513 673 2587 ἐξηνθηκότα.
732 2538 874 2577 Pollux
905 2538 950 2586 6,
981 2537 1035 2574 54
1071 2540 1154 2573 πᾶν
1189 2532 1232 2573 τὸ
1267 2531 1612 2588 ὑπερεξηνθηκός,
1653 2533 1748 2599 ’ὅπερ

198 2592 489 2645 ἐκκεκαυληκός
528 2596 737 2644 καλοῦσιν,
782 2592 950 2645 ὄρμενον
989 2585 1201 2642 ὠνόμαζον.
1267 2592 1434 2631 Photius
1472 2589 1659 2641 όρμενον·
1706 2604 1750 2628 το

195 2648 335 2701 α’γριόν
363 2664 399 2688 τι
428 2649 600 2715 λάχανον
629 2649 776 2718 κυρίως
807 2647 932 2694 οὕτως
953 2646 1218 2698 καλούμενον
1250 2653 1569 2699 καταχρηστικως
1601 2644 1643 2686 δὲ
1661 2651 1748 2685 ποῒν

195 2705 238 2744 τὸ
269 2702 545 2753 ἐκκεκαυλικὸς
575 2704 722 2753 παντὸς
751 2703 923 2757 λαχάνου
953 2702 1019 2742 καὶ
1039 2702 1209 2750 ἀᾝνθους
1260 2705 1432 2755 Hesyoh.
1464 2702 1740 2755 ἐξορμενίζεις·

196 2759 511 2812 ἕκκεκαυληκας,
544 2760 761 2813 ἕκκέχυσαι.
823 2761 944 2811 Soph'.
966 2761 1014 2799 fr.
1048 2761 1127 2799 294
1160 2760 1209 2799 N.
1240 2756 1506 2811 κάξορμενίζει
1534 2756 1634 2798 κούκ
1664 2757 1743 2797 ἑπι-

195 2816 414 2868 σχολάζεται
434 2816 595 2871 βλάστη.
624 2841 668 2847 —-
692 2820 783 2856 παλ
795 2817 902 2856 ιναί
909 2830 1016 2865 ρετα
1038 2819 1130 2855 sunt
1149 2829 1250 2866 quae
1271 2817 1454 2856 electioni
1470 2817 1742 2864 adversantur,

196 2887 295 2924 quae
315 2888 429 2914 nemo
450 2877 566 2915 facile
587 2876 722 2927 eligat,
744 2873 991 2914 incommoda
1011 2875 1052 2911 et
1068 2873 1217 2911 odiosa.
1246 2873 1453 2912 Ruhnken.
1473 2873 1572 2911 Tim.
1593 2873 1688 2911 203.
1704 2872 1744 2909 4.
