1864 3204
0 0 148 322 Γ
645 225 846 260 mmmm
873 242 916 249 —
941 225 1126 259 xorem
1579 222 1671 282 ¹333

106 328 294 385 θαρφδῷ.
345 325 456 381 ἐξέβη
490 325 497 381 Ι
531 325 774 370 τούνύπνιον
801 322 910 380 ἡμῖν.
952 329 1072 369 Mein.
1144 328 1213 368 sed
1234 328 1373 379 quidni
1404 324 1516 379 ἐξέβη
1542 325 1549 380 Ι
1574 323 1673 378 ἡμῖν

106 388 240 435 καλῶς
271 384 356 438 (vel
385 384 538 440 κακῶς)
566 383 842 426 τούνύπνιονῖ
1413 416 1415 418 .

710 508 1074 543 ΚΛΕΟΒΟΤΛΙΝΗ

220 590 372 631 Cratini
417 589 710 643 Κλεοβουλίνας
755 591 888 641 aliquo
934 590 1052 630 modo
1098 590 1313 629 inmutatas
1364 590 1486 629 fuisso
1536 591 1672 629 censet

109 647 282 688 Meinek.
313 647 332 687 I
363 649 459 688 390.
853 700 935 743 104

220 783 448 824 Athenaeus
488 785 560 833 13,
582 784 696 824 586a
725 781 965 835 μνημονεύει
994 779 1035 822 δ’
1068 779 1196 833 αὐτῆς
1227 779 1529 838 (Σινώπης).
1548 813 1558 823 .
1577 781 1671 823 ,καὶ

112 838 264 889 ’Ἄλεξις
286 837 331 880 ἕν
350 840 632 894 Κλεοβουλίνῃ.
685 841 826 880 Suidas
846 839 1014 891 Σινώπη
1035 843 1076 880 et
1095 840 1262 884 Photius
1284 839 1512 890 σινωπῆσαι
1525 851 1533 860 ·
1558 845 1672 879 τοῦτο

106 897 317 949 πεποίηται
347 896 453 949 παρὰ
475 892 549 948 τὴν
568 895 729 949 ἑταίραν
751 896 953 948 Σινώπην.
1003 894 1246 950 ἐκωμῳδεῖτο
1274 894 1350 949 γὰρ
1381 895 1444 937 ἐπὶ
1474 901 1527 951 τῷ
1556 911 1674 935 κατα-

108 958 356 1006 σχημονῆσαι
386 951 607 1009 (κακοσχ.),
637 953 823 1007 καθάπερ
844 952 998 1003 ’‘Auges-
1029 951 1120 1006 ἔφη.
1165 954 1301 994 eadem
1334 954 1416 994 fere
1445 954 1670 1005 Hesychius

106 1011 336 1063 σινωπίσαι,
366 1026 466 1063 quae
495 1025 589 1053 vera
616 1013 730 1051 verbi
759 1011 888 1051 forma
918 1014 993 1052 est.
1040 1012 1089 1051 cf.
1120 1011 1275 1050 Nauck.
1306 1012 1460 1051 Philol..
1481 1011 1540 1050 VI
1571 1012 1666 1051 419.

107 1069 292 1120 Append.
324 1082 436 1120 prov.
466 1071 506 1117 4,
530 1069 582 1107 72
614 1066 865 1122 (σινωπίσαι)
895 1071 937 1108 et
965 1068 1150 1119 Apostol.
1185 1069 1247 1119 15,
1271 1069 1326 1108 50
1356 1068 1540 1108 Leutsch.

802 1192 974 1226 ΚΝῙΔῙΑ

854 1270 935 1313 105

380 1348 615 1405 Διόδωρος
644 1347 938 1404 οὑπίτριπτος
967 1349 1019 1391 ἐν
1049 1350 1196 1392 ἔτεσιν
1226 1349 1312 1392 δύο

378 1424 580 1472 σφαῖραν
609 1415 813 1468 ἀπέδειξε
841 1417 926 1473 τὴν
954 1417 1170 1474 πατρῴαν
1199 1415 1382 1460 οὐσίαν·

386 1483 528 1535 οὕτως
558 1485 724 1541 ἰταμῶς
754 1483 932 1528 ἅπαντα
961 1486 1318 1541 κατεμασήσατο.

224 1580 453 1620 Athenaeus
473 1580 642 1630 4‚165d
671 1575 895 1626 ἀσώτους
914 1577 989 1630 μὲν
1008 1576 1083 1633 γὰρ
1103 1572 1193 1618 οἶδα
1213 1577 1470 1631 διαβοήτους·
1493 1577 1564 1618 ἕνα
1583 1577 1670 1629 μέν,

107 1629 159 1675 οὔ
194 1635 436 1687 μνημονεύει
458 1634 611 1685 ’Ἄλεξις
642 1633 686 1675 ἐν
714 1635 862 1690 Κνιδίᾳ
899 1635 988 1676 κτλ.
1106 1638 1146 1676 3.
1184 1635 1332 1683 ἱκανοῖς
1372 1635 1414 1676 C.
1471 1637 1670 1676 Diodorus

109 1693 289 1732 diversus
327 1706 351 1732 a
387 1693 561 1733 Diodoro
600 1693 904 1744 Pythagorista‚
947 1693 1059 1733 cuius
1096 1693 1247 1733 mentio
1284 1696 1346 1733 est
1381 1694 1487 1744 apud
1528 1694 1671 1733 Athen.

108 1751 147 1794 4,
175 1750 252 1787 163
275 1750 342 1788 de.
394 1752 572 1801 σφαῖραν
599 1745 801 1799 ἀπέδειξε,
838 1751 1126 1801 patrimonium
1155 1751 1282 1789 veluti
1313 1750 1354 1789 in
1384 1751 1549 1801 pilulam
1580 1763 1670 1791 con-

110 1806 318 1858 globatum
349 1807 556 1847 devoravit
585 1803 819 1861 (HSteph.).
869 1807 920 1846 cf.
952 1807 1048 1854 246,
1070 1808 1110 1846 3.
1154 1806 1385 1848 Nicomach.
1418 1808 1457 1846 3.

762 1929 1015 1964 KONIATHZ

224 2009 285 2050 Cf.
316 2022 418 2061 quae
449 2010 498 2050 ad
531 2011 739 2062 Amphidis
771 2009 980 2060 Κονιατήν
1008 2011 1261 2051 adnotantur.

851 2122 931 2165 106

1127 2203 1296 2257 κυμβία
1305 2233 1318 2255 ,

380 2267 564 2323 φιάλαι,
597 2268 893 2326 τραγέλαφοι,
925 2268 1108 2320 κύλικες

224 2362 451 2402 Athenaeus
484 2364 558 2410 11,
580 2364 692 2403 5000
730 2361 984 2415 τραγέλαφοι·
1025 2360 1130 2402 οὕτω
1162 2361 1250 2402 τινὰ
1281 2366 1458 2404 καλεῖται
1486 2363 1669 2418 ποτήρια,

110 2412 171 2458 οἷν
199 2415 438 2471 μνημονεύει
460 2417 611 2467 ’Ἀλεξις
642 2416 685 2458 ἐν
715 2420 891 2475 Κονιατῇ
921 2417 997 2474 (sic
1026 2421 1131 2460 enim
1161 2418 1436 2476 scribendum)
1465 2424 1546 2460 κτλ.

796 2542 983 2577 ΚΟΤΡΙΣ

225 2623 284 2664 Cf.
315 2636 415 2674 quae
444 2624 495 2663 ad
526 2626 803 2675 cognominem
837 2624 1079 2676 Antiphanis
1111 2625 1285 2684 fabulam
1315 2624 1606 2665 adnotavimus.

850 2735 927 2778 107

316 2813 390 2855 καὶ
420 2798 508 2867 γὰρ
540 2812 612 2856 ἐπὶ
643 2814 797 2868 κῶμον
835 2847 844 2857 .
892 2847 901 2857 .
940 2811 1201 2870 ἀνθρώπων
1232 2810 1322 2867 ὁρῶ

315 2882 492 2937 πλῆθος
521 2882 728 2937 προσιόν,
758 2879 820 2933 ὦς
848 2883 940 2925 τῶν
971 2884 1124 2925 καλῶν
1155 2896 1203 2924 τε
1233 2879 1447 2937 κάγαθῶν
