1890 3190
568 214 775 248 ΑΔΗΛῼΝ
801 212 1069 247 ΔΡΑΜΑΤΩΝ
1520 207 1601 250 123

0 340 1 343 “
34 322 88 363 sit
115 322 310 373 inposita,
341 322 375 360 is
406 322 557 359 lucrum
589 320 687 358 facit
715 319 783 369 qui
816 319 937 357 vitam
970 316 1130 366 vendit3
1160 316 1230 367 qui
1261 315 1386 366 gratis
1418 313 1602 363 moritur,

34 379 285 419 manifestum
319 378 508 417 damnum
539 377 697 415 habet'.

778 485 861 527 26⁴3

239 566 324 611 οὐκ
357 570 479 610 ἔστιν
510 564 646 608 οὐδὲν
677 563 923 619 λεγόμενον
953 566 1159 618 μακρῶς,
1192 559 1265 605 ὅτε

240 634 264 679 ὁ
295 636 440 691 λέγων
476 634 711 677 ὑποτάττει
741 639 835 682 τοῖς
865 630 1016 686 λόγοις
1044 628 1098 673 τὰ
1129 630 1382 686 πράγματα.

151 732 349 771 Stobaeus
370 731 510 771 Floril.
534 730 601 777 34,
625 730 648 766 4
668 721 952 779 Ἀντιφάνους]
972 722 1199 775 Ἀντιλόχου
1219 725 1351 764 Trine.
1385 724 1604 770 Antilochi,

36 789 86 829 al.
118 788 361 839 Antiphanis
393 787 554 826 Gesner.
616 787 697 832 τοῖς
728 783 857 836 λόγοις
888 796 966 823 om.
999 783 1130 822 Trinc.
1191 779 1291 820 ὅταν
1321 803 1372 809 —-
1406 776 1607 833 ὑποτάττῃ

38 847 156 887 Mein.
205 867 255 873 —-
303 845 446 884 melius
499 843 798 894 intellegerem,
854 842 886 881 si
933 841 1158 891 scripsisset
1202 836 1295 886 τοὺς
1341 836 1480 890 λόγους
1524 840 1606 883 τοῖς

37 901 277 955 πράγμασιν.

781 951 866 995 269

337 1033 388 1077 τὰ
417 1034 477 1091 μὴ
510 1030 770 1076 συνειδέναι
799 1030 887 1087 γὰρ
918 1024 1061 1074 αὑτοῦ
1092 1031 1153 1085 τῷ
1182 1031 1267 1087 βίῳ

338 1101 535 1158 ἀδίκημα
564 1101 706 1158 μηδὲν
734 1098 910 1156 ἡδονὴν
939 1097 1113 1155 πολλὴν
1143 1100 1245 1154 ἔχει.

152 1199 348 1238 Stobaeus
378 1198 517 1237 Floril.
537 1197 639 1247 24,7
666 1190 938 1244 Ἀντιφάνους
959 1194 1008 1233 A.
1053 1189 1256 1242 Ἀντιφῶν
1286 1193 1422 1232 Trina.
1481 1187 1608 1230 αὑτοῦ

39 1252 181 1309 Mein.]
214 1250 352 1295 αὐτοῦ.
413 1255 464 1294 ef.
499 1267 598 1305 quae
628 1253 911 1293 adnotavimus
942 1252 991 1290 ad
1021 1251 1148 1290 Arist.
1179 1250 1288 1290 Nub.
1321 1251 1417 1289 515.

774 1363 868 1406 ,270

312 1444 365 1488 τὰ
394 1444 571 1501 πονηρὰ
603 1443 739 1498 κέρδη
770 1440 849 1492 τὰς
877 1441 962 1498 μὲν
992 1439 1160 1497 ἡδονὰς
1190 1442 1279 1496 ἔχει

313 1512 498 1569 μικράς,
531 1514 682 1556 ἔπειτα
713 1509 757 1554 δ’
789 1510 984 1567 ὕστερον
1014 1509 1161 1560 λύπας
1188 1508 1372 1566 μακράς.

157 1610 349 1649 Stobaeus
378 1609 518 1650 Floril.
545 1609 609 1658 10,
633 1608 685 1646 22
714 1601 978 1656 Ἀντιφάνους
997 1605 1035 1644 Α
1056 1605 1170 1644 Voss.
1206 1600 1456 1654 Ἀντιφῶντα
1472 1602 1606 1642 Τιίῐιο.

42 1667 239 1707 Maximus
270 1666 386 1706 Conf.
418 1666 468 1704 41
503 1679 541 1716 p.
575 1638 642 1704 64.
731 1658 881 1716 ἔπειτά]
913 1656 996 1702 εἶτα
1026 1662 1063 1702 Α
1084 1662 1200 1702 Voss.
1261 1658 1409 1714 λύπας]
1442 1674 1512 1706 τας
1543 1657 1609 1698 λύ

41 1737 119 1772 πας
151 1725 186 1763 Α
217 1723 334 1769 ¹Voss.
786 1773 868 1817 271

248 1858 450 1911 συνεχῶς
479 1853 565 1910 γὰρ
598 1853 966 1910 ἐμπιμπλάμενος
996 1849 1161 1908 ἀμελὴς
1189 1853 1358 1906 γίνεται

250 1923 520 1979 ἄνθρωπος,
553 1921 792 1966 ὑποπίνων
823 1920 873 1963 δὲ
903 1922 1028 1963 πάνυ
1059 1919 1389 1975 φροντιστικός.

161 2020 388 2060 Athenaeus
410 2019 448 2067 2,
470 2018 525 2057 40
542 2031 562 2058 c
588 2013 831 2067 Ἀντιφάνης
863 2014 999 2086 φησίν,
1061 2012 1381 2066 ἐμπιμπλάμενος
1403 2013 1611 2052 Herwerd.

47 2077 143 2118 Obs.
167 2077 255 2116 crit.
278 2073 352 2128 51]
385 2073 688 2126 ἐμπιπλάμενος.
752 2069 901 2124 ἀμελὴς
931 2087 967 2124 γ.
999 2066 1122 2124 άνθρ.
1156 2069 1298 2124 Mein]
1330 2068 1454 2122 ὅίνθρ
1485 2066 1552 2120 άμ.
1573 2083 1609 2120 γ.

45 2130 259 2186 άμβλὺςγ.
281 2131 407 2182 άνθρ.
440 2131 488 2171 G.
510 2133 558 2171 A.
581 2131 782 2181 Hirschig.
807 2132 912 2169 Ann.
934 2131 1023 2172 crit.
1045 2131 1084 2180 4,
1114 2129 1227 2168 nulla
1245 2129 1497 2168 necessitate.
1539 2140 1612 2177 pro
1690 2107 1695 2110 ⁵

49 2195 227 2241 συνεχῶς
249 2189 502 2230 scribendum
533 2189 692 2228 videtur
723 2187 885 2254 ξηρων
904 2188 1008 2226 conl.
1031 2187 1176 2226 Athen.
1200 2187 1238 2236 2,
1260 2187 1313 2225 39
1332 2186 1356 2224 d
1387 2182 1430 2223 ἐκ
1461 2188 1612 2236 τροφῆς

48 2248 197 2299 ξηροῖς
218 2243 306 2286 οὔτ’
326 2242 379 2285 α“ν
394 2242 609 2296 σκώμματα
625 2242 775 2295 γένοιτο
788 2240 858 2283 ου’τ
864 2238 1125 2294 ἀὐτοσχέδια
1141 2241 1353 2294 ποιήματα.
1383 2237 1613 2291 ὑποπίνειν,

47 2306 76 2344 i.
118 2317 151 2347 e.
189 2305 346 2355 parcius
384 2303 539 2352 bibere,
585 2302 815 2352 saepissime
858 2314 929 2352 per
972 2302 1144 2340 iocosam
1190 2301 1387 2350 quandam
1436 2296 1613 2349 λιτότητα

48 2361 250 2412 significat
279 2362 428 2412 largius
451 2363 601 2409 potare.
661 2359 713 2397 cf.
745 2371 846 2408 quae
877 2358 926 2396 ad
957 2358 1082 2399 Arisiz.
1106 2358 1181 2397 Av.
1204 2357 1289 2396 494
1320 2356 1612 2396 adnotavimus.

790 2468 875 2510 272

254 2549 508 2605 στεφάνους
539 2548 742 2602 ἐνεγκεῖν
772 2547 908 2601 δεῦρο
938 2549 1031 2590 τῶν
1061 2548 1269 2602 χρηστῶν
1299 2545 1406 2600 δύο,

257 2617 331 2661 καὶ
362 2618 479 2674 δᾷδα
509 2614 706 2672 χρηστὴν
734 2612 937 2671 ἡμμένην
966 2618 1142 2671 χρηστῷ
1173 2616 1298 2668 πυρί.

165 2713 401 2752 Athenaeus
425 2714 488 2759 15,
514 2711 637 2750 686b
667 2707 767 2749 κατὰ
798 2706 870 2748 τὸν
895 2701 1117 2759 Ἀντιφάνη
1138 2710 1220 2747 κτλ.
1298 2721 1397 2746 κατα
1427 2703 1499 2745 τὸν
1524 2701 1613 2744 Ἀν-

6 2792 9 2799 2
53 2767 221 2821 τιφάνη·
255 2763 476 2818 στεφάνους
497 2766 638 2819 Mein.]
670 2764 770 2806 κατὰ
799 2764 870 2806 τὸν
895 2762 1161 2815 Ἀντιφάνους
1182 2766 1231 2806 A.
1292 2762 1517 2813 στεφάνους
1548 2776 1615 2802 ex-

4 2824 9 2858 ?
55 2826 197 2866 cidisse
227 2827 308 2865 iam
339 2825 595 2864 Casaubonus
625 2827 846 2864 monuerat.
906 2821 1008 2861 δᾶδα
1038 2825 1080 2861 et
1109 2826 1265 2873 χρηστῶ
1297 2823 1346 2861 Α.
1407 2818 1540 2872 ἔνεγκε
1563 2842 1612 2847 -

0 2919 4 2921 ,
57 2888 138 2921 τῶν
181 2881 352 2934 χριστῶν
395 2876 470 2920 δύο
509 2878 576 2919 καὶ
613 2879 719 2919 δᾶδα
755 2874 914 2932 χριστὴν
946 2903 996 2908 -
1028 2883 1172 2933 χριστῷ
1211 2877 1313 2930 πυρί
1346 2878 1465 2920 Mein.
1494 2877 1614 2916 Anal-
