1890 3190
541 192 779 227 KNAoi-:Tz
802 210 844 216 --
872 191 1108 226 ΚΟΡΙΝΘΙΑ
1555 187 1606 230 61

181 297 223 338 4.
253 296 382 338 εἰπεῖν
401 294 500 350 VL]
533 290 656 336 εἰπών
684 296 734 336 A.
825 297 865 335 5.
894 294 1034 363 λῆρον,
1065 290 1139 333 οὐκ
1168 307 1221 332 αν
1249 291 1466 360 γενόμενον
1494 288 1608 331 οὐδέ-

41 351 136 395 ποτέ
163 349 204 408 γ’
236 353 360 395 Dobr.
392 354 495 393 Adv.
527 354 567 393 11
598 350 700 447 328}
739 354 861 404 λῆρον
898 347 972 391 οὐκ
1001 366 1055 390 αν
1082 350 1318 403 γενόμενον·
1350 346 1539 389 οὐδέποτέ
1567 344 1608 402 γ’

38 425 43 454 3
108 409 126 464 )
154 411 208 452 A.
325 412 365 451 8.
402 408 616 462 ἄνθρωποι
654 408 677 447 δ
699 422 750 447 κα
788 404 931 461 ἔρανόν
961 405 1036 447 τιν’
1071 409 1250 460 Scaliger
1279 408 1385 458 apud
1416 405 1607 459 Casaub.]

221 462 298 507 τιν’
327 465 543 521 ἄνθρωποι
578 463 672 504 δέκα
710 468 759 505 A
880 468 944 506 10.
989 461 1120 512 οὐδείς
1151 465 1302 505 Iacobs.
1333 464 1473 504 Addit.
1506 463 1608 515 240]

34 519 140 565 ὀὐδὲ
171 517 231 572 εἷς
261 525 311 564 A.
415 526 479 563 13.
513 520 575 576 ἐν]
609 520 674 561 ἐπὶ
703 522 910 562 Hei-werd.
943 523 1088 562 Mnem.
1120 535 1212 562 nov.
1244 521 1326 561 ΠΙΙ
1356 523 1452 560 313.
1546 522 1608 559 14.

38 579 196 634 σφόδρα
225 581 424 629 Φαιππος
455 578 555 633 VL]
586 578 931 631 σφοδροφίλιππος
963 579 1015 619 Α.
1105 580 1171 618 15.
1202 572 1292 631 ἆρ’]
1322 573 1393 630 ἄρ’
1426 578 1476 618 A.

53 669 59 675 .
154 638 205 678 ad
233 638 423 690 griphum
460 638 503 677 in
541 637 725 677 convivio
756 637 1004 687 propositum
1034 635 1184 687 singuli
1215 648 1260 674 eo
1291 648 1369 685 quo
1401 635 1608 674 accumbe-

32 694 141 736 4ὶιαιιίῖ
169 695 309 735 ordine
339 695 524 745 deinceps
554 692 702 748 (εἰπεῖν
731 690 874 744 ἐφεξῆς
906 707 941 732 v
962 692 1007 743 4)
1036 693 1278 743 respondere
1307 692 1521 731 debebant.
1555 713 1604 719 —

43 809 237 850 struenda
266 811 379 849 sunt:
414 806 586 859 νομίζων
614 802 737 846 αὐτὸν
766 804 894 859 λέγειν
922 805 1057 858 λῆρον,
1087 811 1250 858 πρᾶγμα
1280 801 1354 844 οὐκ
1385 802 1453 854 ὄίν,
1485 799 1608 856 οἶμαι,

31 861 262 919 ,γενόμενον
290 861 478 920 οὐδέποτε
507 864 722 912 παντελῶς.
753 877 836 904 rem
856 876 956 913 quae
975 876 1194 913 numquam
1213 875 1352 912 opvnor
1367 864 1456 911 fieri
1469 865 1607 911 possit.

39 923 93 965 ef.
113 923 295 962 Mnesim.
322 924 358 965 1.
447 924 485 962 8.
517 922 676 961 ‘decem
707 933 843 961 sumus
872 922 941 971 qui
970 934 1136 960 eranum
1165 933 1240 959 nos
1269 920 1495 959 conlaturos
1517 933 1603 960 esse

41 979 321 1031 promisimus:
364 980 432 1019 sed
462 991 579 1018 nemo
610 982 795 1018 nostrum
824 980 886 1018 est
917 978 986 1029 qui
1016 978 1121 1017 ferat
1149 990 1336 1016 eranum:
1375 990 1513 1017 omnes
1544 979 1604 1016 ta-

44 1048 139 1077 men
167 1036 272 1076 ferre
302 1036 489 1076 dicimur:
536 1036 701 1075 ferimus
731 1036 856 1086 igitur
885 1038 927 1074 et
955 1048 1037 1074 non
1068 1034 1261 1074 ferimus?
1301 1034 1470 1074 Casaub.
1530 1034 1606 1072 De-

46 1093 192 1134 mosth.
227 1094 298 1144 10,
321 1094 378 1133 40
416 1092 484 1132 δεῖ
514 1089 585 1131 τὸν
623 1088 895 1143 ὡρισμένον..
915 1089 1111 1162 ἔρανον..
1130 1089 1323 1138 ,δικαίως
1365 1088 1502 1142 φέρειν
1540 1089 1607 1129 καὶ

21 1146 186 1189 -ἕκόντα
205 1145 424 1189 ὑποτελεῖν.
458 1150 508 1189 cf.
529 1150 704 1199 21,101.
729 1150 824 1188 184.
855 1161 900 1188 ac
920 1149 977 1188 sic
997 1145 1196 1199 εἰσφέρειν
1217 1149 1284 1196 53,
1295 1150 1334 1187 8.
1428 1150 1534 1187 13—-
1543 1149 1608 1186 15.

39 1206 114 1247 hoc
143 1207 261 1247 dicit:
292 1219 364 1258 pro
394 1207 561 1258 pecunia
590 1206 713 1246 verba
743 1206 841 1245 dant
869 1208 912 1245 et
941 1205 1259 1245 excusationibus
1290 1217 1421 1244 molas
1441 1207 1610 1244 nectunt

41 1260 374 1319 (λογοποιοῦσιν),
414 1276 578 1315 prorsus
616 1266 661 1303 ut
697 1253 926 1314 Philippus,
965 1275 1034 1302 rex
1071 1262 1324 1302 Macedoniae
1355 1263 1527 1311 scilicet,
1565 1263 1607 1301 id

5 1367 22 1375 >⁷
41 1321 170 1360 facere
201 1321 314 1372 solet,
345 1321 413 1372 qui
444 1320 760 1360 Atheniensibus
789 1322 946 1359 montes
976 1320 1063 1359 auri
1095 1319 1372 1370 pollicebatur,
1406 1320 1474 1359 sed
1495 1333 1607 1358 num-

17 1391 19 1394 ·
41 1389 162 1429 quam
191 1391 292 1429 quae
321 1378 562 1428 promiserat
590 1377 771 1417 faciebat.
837 1370 891 1428 ἦν
919 1375 983 1416 est
1011 1377 1141 1427 prima
1171 1388 1351 1427 persona.
1413 1379 1513 1416 ‘nae
1541 1388 1608 1426 eqo

8 1461 10 1466 ·
39 1447 151 1475 nunc
176 1447 260 1475 rem
288 1448 363 1476 acu
391 1435 528 1485 tetigji?

781 1523 862 1566 125

245 1601 392 1646 ἄτοπά
420 1618 473 1659 γε
501 1601 805 1659 κηρύττουσιν
836 1603 888 1645 ἐν
917 1608 1010 1653 τοῖς
1041 1602 1230 1657 ἰχθύσιν

243 1669 524 1727 κηρύγμαθ’,
555 1664 611 1714 οὗ
641 1671 718 1714 καὶ
747 1673 836 1714 νῦν
867 1686 933 1721 τις
963 1669 1199 1725 ἐκεκράγει
1230 1670 1343 1725 μέγα

243 1739 419 1795 μέλιτος
447 1740 730 1795 γλυκυτέρας
757 1732 1016 1794 μεμβράδας
1046 1740 1238 1793 φάσκων
1270 1740 1400 1795 ἔχειν.

246 1809 288 1850 εἰ
312 1810 446 1851 τοῦτο
476 1802 643 1851 τοιοῦτ’
670 1807 810 1860 ἐστίν,
841 1803 980 1850 οὐδὲν
1012 1806 1177 1849 κωλύει

197 1885 218 1916 5
248 1874 354 1926 τοὺς
381 1877 689 1931 μελιτοπώλας
716 1866 776 1918 αῦ
806 1876 953 1930 λέγειν
982 1877 1098 1930 βοᾶν
1125 1873 1178 1917 θ’
1201 1873 1269 1918 ὅτι

247 1947 452 1988 πωλοῦσι
481 1942 532 1988 τὸ
561 1943 660 1999 μέλι
690 1942 973 2000 σαπρότερον
1002 1959 1095 1987 των
1124 1943 1411 1999 μεμβράδων.

8 2088 9 2091 ¹
157 2039 384 2079 Athenaeus
415 2041 454 2090 7,
478 2040 592 2079 2870
629 2036 738 2078 ἔστιν
775 2032 907 2090 εὑρεῖν
946 2030 1008 2093 (τὸ
1046 2035 1242 2092 βεμβρὰς)
1282 2033 1351 2077 καὶ
1381 2036 1450 2078 διὰ
1484 2039 1552 2078 τοῦ
1580 2056 1608 2091 μ

6 2099 21 2148 '3
39 2093 304 2149 γραφόμενον.
351 2091 595 2146 Ἀντιφάνης
626 2093 671 2135 ἐν
700 2094 919 2135 Κνοιθιδεῖ
941 2097 1022 2136 κτλ.
1139 2094 1371 2135 Κνοιθιδεῖ·
1402 2094 1534 2136 ατοπά
1564 2111 1608 2148 γε

43 2152 180 2204 Mein]
223 2149 599 2192 κνοισθιδειατόπον
641 2166 681 2192 τε
725 2153 776 2192 Α.
884 2148 1117 2204 κηρύγμαθ’
1159 2150 1299 2205 Mein.]
1339 2151 1525 2206 κήρυγμα
1556 2156 1605 2194 Α.

42 2210 264 2250 rectissime
301 2210 546 2250 Meinekius.
597 2223 691 2250 nam
728 2210 777 2249 de
812 2210 946 2249 multis
981 2210 1020 2248 id
1061 2222 1185 2260 genus
1223 2211 1605 2260 proclamationibus

8 2266 16 2299 ἶ
40 2279 160 2306 unam
198 2261 270 2321 (οὔ
289 2289 342 2295 -
364 2263 443 2320 τις)
481 2268 776 2309 commemorat.
836 2266 885 2306 de
922 2266 1073 2317 duplici
1108 2266 1235 2306 forma
1266 2262 1477 2320 (βεμβράς,
1507 2282 1605 2319 μεμ-

0 2345 1 2386 3
42 2318 162 2378 βράς)
194 2323 245 2363 cf.
277 2324 490 2374 Phrynich.
523 2325 590 2364 50.

0 2390 1 2395 1
698 2424 938 2461 ΚΟΡΙΝΘῙΑ

781 2503 862 2545 126

789 2583 941 2625 ἔπειτα
970 2579 1283 2636 κάκροκώλιον

312 2648 440 2694 ὕειον
465 2649 729 2707 Ἀφροδίτης
778 2650 969 2705 γέλοιον,
1034 2653 1084 2692 Β.
1116 2648 1315 2705 άγνοεῖςς

314 2717 366 2761 ἐν
395 2722 449 2774 τῇ
480 2718 652 2776 Κύπρῳ
682 2715 722 2760 δ’
748 2716 867 2761 οὕτω
896 2718 1079 2774 φιληδεῖ
1106 2724 1203 2768 ταῖς
1232 2715 1356 2771 ὑσίν,

273 2792 276 2795 ’
316 2779 354 2828 οἷ
384 2784 591 2842 δέσποθ’,
622 2784 735 2830 ὥστε
765 2792 1071 2841 σκατοφαγεῖν
1102 2784 1286 2839 ἀπεῖρξε

266 2864 288 2894 τ»
317 2852 369 2898 τὸ
398 2856 512 2912 ζῷον
579 2889 589 2898 .
665 2889 675 2898 .
741 2852 847 2904 τοὺς
876 2854 926 2897 δὲ
955 2855 1066 2909 βοῦς
1093 2849 1363 2909 ἠνάγκασεν.

41 752 83 793 5.
119 745 229 803 οἶμαι
264 752 487 792 rectissime
524 764 566 791 se
604 751 735 790 habet.
786 751 909 789 verba
949 750 1055 788 enim
1092 750 1196 789 hunc
1235 750 1277 788 in
1314 749 1478 788 modum
1516 762 1608 788 con·
1656 747 1665 755 '

1744 1179 1751 1320 ἶ

1743 1321 1745 1353 1
