1864 3204
205 214 288 256 472
741 211 1005 248 ΞΕΝΑΡΧΟΤ
1031 209 1217 244 meren

871 311 1095 345 ΠΡῙΑΠΟΣ

327 385 492 433 Vcrpum
518 383 623 422 Livii
650 382 868 421 Andronici
893 381 1064 421 contulit
1086 380 1131 420 Ο.
1147 380 1336 420 Ribbeck.
1359 378 1470 419 Com.
1495 379 1608 418 Rom.
1629 375 1696 421 fr.²
1719 381 1757 419 3.

955 479 1007 521 10

409 559 466 601 σύ
497 559 546 602 δὲ
575 557 728 614 μηκέτ’
751 560 889 612 ἔγχει,
928 557 1184 610 παιδάριον,
1217 558 1278 606 εἰς
1307 554 1559 610 ἀργυροῦν·

412 628 473 677 εἰς
503 626 552 668 τὸ
585 626 709 681 βαθύ
740 625 879 667 πάλιν
909 622 1111 680 ἄγωμεν.
1154 625 1215 675 εἰς
1245 623 1324 667 τὸν
1358 624 1609 678 κάνθαρον,

410 693 665 749 παιδάριον,
698 695 829 748 ἔγχει.
870 695 920 735 Β.
952 691 1007 747 νὴ
1038 694 1143 747 Δία,
1174 692 1228 748 νὴ
1261 693 1341 735 τὸν
1371 690 1618 743 κάνθαρον.

323 788 550 827 Athenaeus
583 789 648 834 11,
670 787 781 825 473f
809 783 1007 853 Ξέναρχος
1039 783 1082 824 ἐν
1114 780 1285 856 Πριάπῳ
1316 783 1424 847 φησὶ
1443 782 1537 823 τάδε
1566 786 1647 826 κτλ.
1721 786 1760 824 2.

211 841 254 883 δὲ
282 842 401 882 πάλιν
432 844 479 882 Α.
532 845 581 884 A
612 841 661 881 σὺ
692 837 1049 894 δὲ-τᾶργυροῦν.
1084 842 1128 880 Β.
1159 841 1213 888 εἰς
1231 837 1286 880 ’τό
1315 834 1427 891 βαθυ
1448 839 1571 879 πάλιν
1590 855 1760 893 αγωμεν.

211 903 261 938 A.
294 899 348 946 εἰς
381 894 449 938 τὸν
477 897 886 951 κάνθαρον-ἔγχει,
920 897 967 948 νὴ
991 897 1082 940 Δία
1115 899 1158 936 Γ.
1189 897 1268 948 ναί,
1301 895 1368 936 τὸν
1389 895 1610 949 κάνθαρον.
1640 898 1762 939 Dobr.

211 957 394 1006 Append.
429 957 554 995 Arist.
586 970 624 1005 p.
650 957 729 994 113
760 951 814 1009 (B
843 957 903 995 est
931 955 1132 1004 minister,
1164 957 1203 992 A
1233 957 1274 994 et
1305 955 1341 991 Γ
1366 951 1584 1008 convivae).
1634 953 1690 1000 εἰς
1720 951 1763 993 τὸ

211 1011 321 1064 βαθὺ
356 1007 393 1049 δ’
427 1010 692 1079 ἐπανάγωμεν
713 1012 835 1050 Mein.
924 1013 959 1051 3.
1004 1008 1050 1060 νὴ
1087 1007 1152 1049 Δί’
1176 1011 1231 1058 εἰς
1262 1005 1332 1049 τὸν
1361 1025 1398 1050 κ.
1439 1011 1590 1050 Hanov.
1622 1011 1762 1050 Exerc-

212 1071 298 1111 crit.
326 1070 416 1108 151.
467 1082 510 1108 ac
542 1067 590 1119 νὴ
623 1062 692 1105 Δί’
724 1068 773 1106 A.
825 1069 892 1107 sed
923 1069 1080 1118 poterat
1111 1081 1199 1106 eum
1229 1067 1396 1106 ridicule
1429 1080 1500 1116 per
1530 1067 1762 1107 cantharum

213 1127 332 1164 etiam
361 1126 557 1164 iurantem
592 1125 730 1163 facere.

327 1184 362 1219 1.
394 1182 526 1220 nescio
558 1194 636 1231 quo
667 1182 751 1219 iure
783 1183 1007 1231 opponatur
1037 1194 1105 1220 vas
1135 1184 1361 1230 arqenteum
1374 1180 1589 1229 profundo.
1660 1181 1698 1219 2.
1729 1180 1762 1218 si

211 1251 303 1277 vera
332 1240 393 1276 est
423 1238 610 1276 Meinekii
639 1237 882 1287 emendatio,
924 1235 1182 1288 ἐπανάγωμεν
1214 1236 1296 1288 (vel
1327 1232 1634 1288 ἕπαναγώμεθ’)
1663 1237 1761 1287 peti-

213 1297 297 1333 tum
328 1296 389 1333 est
419 1308 439 1333 e
468 1307 510 1333 re
539 1291 710 1333 nautica.

893 1382 1082 1416 ΣΚΤΘΑΙ

967 1461 1017 1501 11

383 1537 491 1581 ἑπτὰ
521 1538 570 1581 δὲ
600 1539 805 1587 καπάνας
835 1539 1027 1592 ἔτρεφον
1059 1539 1121 1588 εἰς
1148 1536 1378 1593 Ὀλύμπια.

382 1609 430 1648 Β.
463 1607 505 1647 τί
538 1606 697 1659 λέγεις;
730 1604 954 1656 καπάνας;
1008 1610 1060 1648 A.
1092 1609 1187 1648 ναί·
1219 1606 1422 1655 καπάνας
1452 1604 1668 1648 Θετταλοὶ

382 1675 545 1723 πάντες
575 1675 766 1715 καλοῦσι
799 1670 877 1723 τοὶς
906 1671 1092 1729 άπήνας.
1143 1677 1191 1718 Β.
1222 1674 1460 1729 μανθάνω.

328 1768 554 1806 Athenaeus
578 1768 770 1817 10,418e
803 1765 990 1805 Θετταλοὶ
1018 1766 1092 1818 γὰρ
1123 1760 1190 1814 τάς
1220 1763 1381 1816 ἀπήνας
1410 1763 1594 1813 καπάνας
1622 1763 1766 1818 ἔλεγον.

216 1821 415 1874 Ξέναρχος
446 1819 632 1869 Σκύθαις
664 1826 746 1862 κτλ.
828 1826 866 1863 1.
894 1820 1089 1872 Ὀλύμπια
1120 1826 1241 1863 Mein.
1273 1826 1350 1863 An.
1381 1820 1612 1874 Ath.·185]
1645 1819 1767 1873 ὀλυμ-

213 1879 311 1918 πίαν
332 1881 380 1919 A.
442 1882 479 1918 2.
510 1877 714 1927 καπάνας;
746 1879 827 1930 ναί,
858 1879 1041 1927 καπάνας
1074 1880 1120 1920 G.
1148 1882 1363 1920 Hermann.
1386 1894 1448 1930 ap.
1471 1880 1649 1922 Erfurdt.
1672 1879 1766 1919 obs.

213 1936 312 1987 465]
346 1935 528 1983 καπάνας
559 1937 608 1975 A.
642 1959 692 1964 —-
733 1934 909 1988 ἔτρεφον,
942 1939 982 1976 at
1010 1951 1090 1976 non
1120 1939 1350 1988 quadriqas,
1382 1937 1450 1976 sed
1480 1949 1593 1985 equos
1623 1937 1766 1975 alebat.

213 1994 267 2031 sic
298 1997 434 2032 tamen
465 1995 586 2032 etiam
616 1991 775 2044 τρέφειν
806 1991 872 2039 τὰς
902 1998 1003 2040 ναῦς
1035 1994 1213 2044 Thucyd.
1236 1996 1274 2044 8,
1292 1995 1358 2033 44.
1388 1994 1489 2032 Xen.
1510 1993 1616 2032 Hell.
1634 1993 1718 2043 1,5‚
1731 1994 1768 2032 6.

214 2051 251 2096 5,
277 2051 311 2097 1,
337 2051 401 2088 24.

798 2182 923 2223 τουτὶ
952 2179 1003 2224 τὸ
1035 2179 1176 2224 κακὸν
1207 2179 1291 2223 οὐκ
1321 2179 1411 2224 ἔστ’
1435 2182 1499 2223 ἔτι

485 2247 641 2303 κακόν,
673 2247 722 2291 τὸ
753 2248 1005 2303 θυγάτριόν
1035 2249 1084 2291 τέ
1110 2264 1199 2304 μου
1230 2249 1519 2291 σεσινάπικεν

485 2313 558 2358 δια
590 2318 665 2372 τῆς
695 2317 831 2370 ξένης.

216 2431 222 2435 .
328 2399 553 2437 Athenaeus
586 2401 622 2447 9,
646 2400 725 2438 367
744 2413 766 2437 a
793 2396 990 2450 Ξέναρχος
1020 2395 1041 2437 ὁ
1074 2396 1369 2450 κωμῳδιοποιὸς
1401 2396 1444 2437 ἐν
1473 2397 1661 2445 Σκύθαις
1691 2396 1768 2449 ἔφη

213 2457 293 2496 κτλ.
354 2469 396 2494 v.
418 2456 454 2494 2.
487 2456 511 2493 3
542 2455 774 2495 Eustathius
810 2458 929 2506 1061,
953 2458 976 2495 5
1009 2454 1051 2494 ἐκ
1081 2457 1150 2493 τοῦ
1180 2454 1317 2505 σίνηπι
1347 2453 1414 2493 καὶ
1443 2454 1551 2506 ρῆμά
1583 2452 1663 2493 ἔστι
1691 2469 1768 2493 κω-

214 2509 334 2562 μικὸν
365 2515 533 2558 σιναπω,
566 2505 651 2549 οἷον
680 2509 722 2550 τὸ
752 2508 970 2564 θυγάτριον
1000 2514 1079 2550 κτλ.
1110 2510 1237 2563 ἤγουν
1257 2508 1498 2562 ἐδριμύξατο.
1558 2513 1597 2551 2.
1628 2508 1669 2550 τέ
1687 2524 1764 2550 om.

216 2569 328 2607 Eust.
418 2565 670 2606 σεσινάπικεν
699 2568 944 2620 Dalecamp]
986 2567 1251 2618 σεσινάπηκεν
1281 2570 1315 2606 Α
1347 2569 1387 2606 et
1415 2568 1528 2607 Eust.
1577 2568 1698 2607 etiam
1726 2569 1770 2606 in

216 2625 406 2664 dimetros
437 2625 563 2674 digeri
594 2637 708 2674 posse
739 2627 894 2664 monuit
924 2626 1156 2664 Meinekius.
1197 2625 1245 2663 de
1265 2637 1360 2664 voce
1391 2624 1529 2662 σίναπι
1557 2637 1628 2674 pro
1660 2629 1769 2663 νᾶπυ

215 2682 320 2731 apud
363 2681 564 2731 sequiores
609 2682 755 2720 usitato
802 2682 853 2722 cf.
892 2682 1064 2721 Lobeck.
1104 2681 1251 2731 Phryn.
1282 2681 1389 2731 Epit.
1421 2681 1515 2722 288.
1539 2682 1578 2720 9.
1637 2681 1766 2720 chn.

215 2734 452 2788 Kulturpfl.2
477 2738 620 2776 183.4.
663 2738 822 2776 initium
854 2739 984 2777 solut-0
1015 2738 1301 2779 sententiarum
1320 2750 1432 2793 'nexu
1461 2750 1542 2776 non
1561 2737 1767 2787 intellego,

215 2806 265 2832 ne
306 2796 399 2843 post
436 2794 676 2832 Meinekium
714 2795 883 2843 quidem.
949 2794 1107 2833 videtur
1144 2796 1256 2843 pater
1293 2794 1424 2844 queri,
1463 2794 1569 2843 quod
1605 2793 1767 2832 filiolam

216 2863 324 2889 suam
357 2851 488 2890 nescio
518 2850 607 2900 quis
636 2850 815 2900 hospitae
846 2863 920 2899 ope
951 2851 1143 2900 deceperit.
