1864 3204
625 193 833 229 BPE'r'rlA
857 212 894 219 -
920 192 1175 228 ΓΑΛΑΤΕῙΑ
1594 188 1676 232 311

867 294 923 338 36

385 373 408 419 ὁ
440 373 658 431 δεσπότης
687 369 825 429 οὑμὸς
853 371 956 428 περὶ
986 372 1150 428 λόγους
1178 372 1265 428 γάρ
1295 386 1404 416 ποτε

386 443 585 498 διέτριψε
614 443 904 503 μειρακίσκος
933 457 999 484 ων
1029 441 1104 484 καὶ
1135 443 1408 496 φιλοσοφεῖν

387 510 594 555 ἐπέθετο·
627 513 886 566 Κυρηναῖος
913 501 974 565 ἦν
1005 508 1208 552 ἐνταῦθα
1238 523 1327 563 τις,

387 594 449 629 ως
478 576 608 634 φασ’,
635 575 946 634 Ἀρίστιππος,
978 575 1198 632 σοφιστὴς
1227 573 1430 658 εὐφυηςξ

340 657 361 689 5
390 649 565 704 μᾶλλον
594 646 644 690 δὲ
674 645 922 703 πρωτεύων
951 643 1166 688 ἁπάντων
1196 647 1290 687 τῶν
1318 645 1443 699 τότε,

385 714 631 773 ἄκολαστίᾳ
658 730 706 758 τε
735 716 827 757 τοῖν
856 712 1115 770 γεγονότων
1146 712 1391 769 διαφέρων.

303 819 308 822 .
386 782 532 842 τούτῳ
560 783 784 827 τάλαντον
813 780 922 833 δοὺς
949 779 1157 839 μαθητὴς
1183 783 1359 835 γίνεται

385 851 409 897 ὁ
441 851 672 908 δεσπότης.
723 852 799 894 καὶ
829 851 916 908 τὴν
944 851 1106 907 τέχνην
1135 849 1220 906 μὲν
1249 847 1305 892 οὐ
1334 849 1457 893 πάνυ

388 920 599 978 ἐξέμαθε,
630 919 722 981 τὴν
743 917 786 963 δ’
809 917 1029 976 ἀρτηρίαν
1059 918 1367 976 συνήρπασεν.

231 1018 463 1057 Athenaeus
495 1017 569 1064 12,
593 1015 706 1055 5440
741 1012 946 1082 κωμφδων
974 1011 1019 1053 δὲ
1049 1010 1175 1053 αὐτὸν
1204 1009 1504 1068 (Ἀρίστιππον)
1528 1011 1680 1063 ’Ἁλεξις

117 1072 162 1114 ἐν
193 1072 389 1128 Γαλατείᾳ
418 1075 554 1112 ποιεῖ
579 1086 689 1111 τινα
717 1069 1003 1124 θεραποντα
1034 1069 1375 1124 διηγούμενον
1402 1069 1517 1139 περί
1544 1084 1681 1118 τινος

114 1136 213 1171 τῶν
240 1131 486 1183 μαθητῶν
515 1127 608 1168 τάδε
637 1131 717 1169 κτλ.
775 1142 814 1169 v.
839 1129 862 1168 6
893 1128 1067 1168 Bekker.
1100 1128 1253 1168 Anecd.
1285 1128 1381 1177 367,
1404 1128 1458 1166 24
1488 1123 1681 1167 ἀκολασία

118 1186 373 1239 Θουκυδίδης
404 1184 496 1238 ἔφη,
525 1182 739 1225 ἆκολαστία
768 1181 813 1224 δὲ
834 1183 1003 1234 Ἄλεξις.
1042 1187 1222 1226 attamen
1251 1180 1442 1223 ἀκολασία
1472 1185 1522 1225 A.
1552 1208 1610 1214 —
1640 1187 1679 1225 2.

114 1242 319 1295 διέτριψεν
348 1245 399 1284 A.
478 1245 516 1284 3.
548 1256 605 1290 τις
635 1244 712 1282 huc
740 1243 950 1283 transtulit
981 1242 1218 1294 Schweigh„
1249 1243 1292 1282 in
1321 1242 1358 1281 A
1387 1244 1561 1293 positum
1590 1245 1682 1294 post

111 1298 380 1354 ’.Αρίστιππος
467 1301 508 1341 4.
539 1296 655 1351 φασ’,
685 1313 766 1340 non
796 1292 915 1350 φησ’,
945 1299 995 1340 Α.
1084 1302 1122 1340 5.
1153 1304 1234 1338 τῶν
1264 1299 1353 1338 add.
1386 1298 1553 1342 Oasaub.

232 1361 270 1399 7.
312 1359 429 1410 Diog.
460 1357 507 1397 L.
540 1359 586 1406 2,
611 1358 664 1397 65
700 1369 853 1410 πρωτος
883 1361 963 1395 τῶν
993 1358 1262 1410 Σωκρατικων
1290 1354 1464 1408 μισθοὺς
1495 1354 1679 1407 εἰσεπρα-

118 1417 225 1464 ξατο.
307 1418 345 1455 9.
378 1413 451 1467 τὴν
479 1410 518 1453 δ’
535 1410 730 1466 ἀρτηρίαν
749 1411 1001 1453 συνέσπασεν
1031 1413 1197 1454 Coraes:
1229 1426 1308 1464 quo
1338 1414 1435 1464 quid
1464 1414 1681 1465 significari

119 1473 219 1512 velit
254 1473 402 1513 nescio.
459 1467 654 1539 αρτνσίαν
691 1468 952 1537 συνήρπασεν
988 1468 1108 1511 Mein.
1175 1471 1278 1511 conl.
1308 1466 1365 1524 (V
1396 1467 1470 1525 88)
1502 1470 1679 1512 Cramer.

115 1529 268 1570 Aneod.
300 1528 465 1571 Ox.111
498 1529 576 1568 168
620 1524 748 1567 ὁπόσα
791 1521 942 1567 0136’5
988 1521 1279 1591 τρυφηλότατος
1323 1531 1405 1567 τῶν
1448 1526 1682 1594 φιλοσόφων

113 1582 367 1638 Ἀρίστιππος
405 1581 766 1637 κατηρτύσατο,
806 1581 984 1633 τούτοις.
1004 1579 1162 1638 ,ἀθρόα
1190 1582 1323 1624 πάντα
1352 1597 1609 1637 παρακειται,
1639 1589 1681 1626 et

117 1644 280 1683 Lueian.
303 1642 385 1682 Vit.
416 1644 518 1684 auct.
540 1643 605 1693 12,
636 1642 707 1682 ubi
737 1634 928 1691 ὀψοποιός
957 1639 1234 1694 ἐμπειρότατος
1265 1642 1421 1684 dicitur
1453 1643 1600 1683 ‘artem
1628 1645 1679 1683 ci-

119 1702 184 1741 bos
213 1700 418 1740 condiendi
447 1702 559 1740 enixo
577 1673 705 1740 s’tudio
726 1699 882 1740 didicit'
904 1699 1040 1751 Mein„
1072 1699 1588 1751 oon1.Lobeek.Soph.Ai.
1613 1702 1678 1740 16.

116 1758 166 1797 cf.
197 1752 435 1809 ὀψαρτυσία.

868 1810 922 1853 37

348 1888 523 1945 νάρκην
552 1889 635 1944 μὲν
668 1883 770 1943 οὖν,
801 1887 862 1940 ὥς
892 1899 1051 1944 φασιν,
1082 1887 1440 1945 ὠνθυλευμένην

350 1955 492 2000 ὀπτᾶν
522 1955 634 2013 ὅλην

230 2040 460 2080 Athenaeus
492 2042 529 2089 7,
553 2039 678 2080 314d
697 2036 853 2088 ’Ἀλεξις
883 2036 928 2079 ἐν
959 2038 1152 2094 Γαλατείᾳ
1182 2042 1262 2080 κτλ.

867 2150 923 2193 38

389 2204 576 2259 εὐοψίαν

231 2287 321 2329 ἄντι
352 2293 423 2328 τοῦ
449 2284 742 2340 εὐπροσωπίαν.
766 2287 918 2338 ’Ἄλεξις
948 2289 1158 2343 Γαλατείᾳ.
1190 2291 1360 2331 Bekker.
1382 2291 1532 2332 Anecd.
1556 2294 1623 2344 93,
1643 2296 1678 2333 1.

119 2347 260 2387 Pollux
291 2348 336 2395 6,
361 2347 414 2386 38
442 2342 595 2395 ’'Auges-
632 2342 865 2395 εὖοψωνίαν
902 2340 1024 2388 εἶπεν.
1083 2350 1252 2398 possunt
1286 2348 1383 2388 haec
1420 2349 1470 2388 ad
1501 2350 1679 2390 diversos

119 2406 258 2455 poetae
290 2416 423 2444 versus
454 2403 518 2443 vel
542 2404 666 2444 etiam
697 2404 747 2442 ad
778 2404 955 2444 diversas
984 2405 1138 2445 fabulas
1167 2405 1391 2457 pertinere;
1423 2406 1592 2446 fortasse
1618 2409 1678 2446 ta-

119 2474 210 2500 men
239 2460 297 2500 ita
318 2459 427 2509 lusit,
459 2462 505 2500 ut
523 2455 696 2509 εὖοψίαν
714 2460 765 2500 ab
787 2457 937 2511 ευοψος
958 2456 1114 2514 (ἆγοροὶ)
1135 2462 1356 2502 derivatam
1376 2475 1449 2512 pro
1470 2458 1680 2517 εὐοψωνίᾳ

119 2519 291 2612 poneret}
315 2517 379 2557 vel
408 2529 496 2556 eum
525 2517 598 2557 hac
627 2530 699 2568 per
727 2518 860 2557 iocum
890 2518 1164 2571 coniungeret.
1211 2518 1259 2558 cf.
1292 2519 1497 2560 Herwerd.
1530 2521 1677 2560 Mnem.

117 2587 210 2614 nov.
322 2574 389 2613 69.

392 2683 583 2739 νομικόν

234 2764 302 2805 τὸν
336 2761 577 2818 ἐπιστήμονα
607 2772 685 2806 τῶν
706 2765 850 2819 νόμων.
872 2764 1023 2814 ’Ἀλεξις
1046 2766 1253 2822 Γαλατείᾳ.
1283 2768 1450 2808 Photius
1471 2771 1513 2808 et
1532 2771 1679 2811 omisso

123 2826 265 2875 poetae
294 2825 336 2863 et
365 2823 521 2864 fabulae
551 2825 714 2864 nomine
744 2824 867 2865 Bekk.
891 2824 1040 2864 Aneed.
1068 2826 1233 2873 109,11.
1264 2823 1427 2877 ᾡαλατία
1448 2827 1537 2867 cod.
1561 2827 1676 2872 Phot.
