1864 3204
458 173 854 210 ΣΤΝΤΡΕΧΟΝΤΕΣ
878 192 920 199 -
946 173 1247 209 TAPANTINOI
1550 170 1632 214 377

69 276 231 331 μάζεται
270 277 313 319 τὸ
349 275 523 332 ἀγγεῖον,
561 276 605 318 ἕν
634 272 667 334 ᾦ
696 275 743 318 τὰ
775 274 898 329 σκεύη
928 277 1009 318 τῶν
1037 272 1265 330 ὑποκριτῶν
1283 308 1292 317 .
1312 308 1320 317 .
1341 272 1559 326 ,Ἀλέξιδος
1590 272 1636 315 δὲ

12 404 14 407 v
71 333 139 375 ml
168 334 297 389 δρᾶμα
327 332 522 388 Σώρακοι.
808 389 892 432 218

345 469 594 520 Φείδιππος
621 467 772 524 ἕτερός
801 483 867 519 τις
895 466 1132 524 ταριχηγὸς
1162 466 1287 519 ξένος

185 564 414 603 Athenaeus
444 565 483 612 3,
507 564 626 603 1201>
660 560 887 602 Φειδίππου
916 559 974 612 δέ,
1004 559 1071 601 καὶ
1099 560 1175 613 γὰρ
1205 555 1321 608 οὗτος
1351 560 1635 613 ταριχοπώλης,

63 617 528 717 Ξὲεξιὶἕψὲημὲνεύει)
569 617 614 659 ἐν
646 616 852 673 Ἱππίσκῳ.
904 615 983 658 κάν
1012 618 1220 669 Σωράκοις
1257 614 1549 671 (κανσωρακοις
1579 614 1635 672 Α)

704 754 864 789 TAPAN
865 754 950 789 TIN
952 755 1004 789 01

186 838 401 878 Tarentilla
439 837 511 877 Cn.
542 837 686 877 Naevii
724 850 820 877 num
861 837 1032 876 imitatio
1063 837 1118 876 sit
1147 835 1361 876 Alexideae
1392 836 1548 875 fabulae
1578 836 1637 874 in-

75 896 229 934 certum
259 897 332 934 est.
365 894 412 936 Ο.
443 894 636 936 Ribbeck.
669 893 780 934 Com.
810 894 924 936 Rom.
956 890 1026 933 fr.²
1049 895 1115 934 19.
1169 894 1303 933 Alexis
1331 892 1637 944 Pythagoristas

74 951 225 1002 inrisit,
256 951 357 991 nihil
388 951 582 991 eiusmodi
613 952 654 990 in
685 951 922 1002 fragmentis
951 951 1109 991 Naevii.

807 1060 892 1104 219

819 1138 924 1184 οὐδὲ
955 1133 1019 1191 εἷς
1044 1135 1101 1182 ἂν
1133 1137 1335 1194 εὐλόγως

276 1208 387 1266 ἡμῖν
416 1209 649 1265 φθονήσαι
679 1210 795 1251 νοῦν
825 1210 957 1263 ἔχων,
988 1209 1038 1251 οἳ
1063 1211 1155 1251 τῶν
1185 1207 1322 1259 πέλας

276 1276 413 1321 ου’δὲν
442 1275 686 1332 ἀδικοῦμεν
716 1274 893 1320 οὐδέν’·
926 1268 997 1330 ἆρ’
1015 1273 1106 1320 ,οὐκ
1137 1273 1261 1319 οἶσθ’
1286 1274 1353 1319 ὅτι

275 1345 325 1390 τὸ
355 1345 640 1402 καλούμενον
669 1346 749 1402 ζῆν
777 1347 909 1388 τοῦτο
940 1344 1173 1400 διατριβῆς
1202 1343 1335 1400 χάριν

223 1424 244 1456 5
276 1411 405 1470 ὄνομ’
430 1412 570 1467 ἐστίν,
602 1411 888 1469 ὑποκόρισμα
918 1415 998 1467 τῆς
1027 1409 1323 1469 ἀνθρωπίνης

275 1484 455 1539 μοίρας;
489 1479 576 1536 ἐγώ
607 1483 717 1538 γάρ,
751 1482 792 1525 εἰ
818 1482 902 1536 μὲν
933 1476 986 1524 εὖ
1015 1497 1081 1531 τις
1107 1479 1136 1536 ἢ
1167 1484 1317 1532 κακῶς

276 1549 410 1606 φήσει
439 1564 494 1605 με
524 1551 714 1605 κρίνειν,
746 1548 829 1592 οὐκ
858 1547 997 1605 ἔχοιμ’
1019 1547 1078 1592 ἄν
1109 1560 1182 1592 σοι
1211 1548 1406 1605 φράσαι·

277 1620 452 1673 ἔγνωκα
483 1615 525 1660 δ’
548 1612 635 1661 οὖν
665 1616 809 1669 οὕτως
839 1616 1247 1672 ἐπισκοπούμενος,

278 1682 393 1729 εἶναι
422 1684 626 1742 μανιοόδη
657 1686 803 1729 πάντα
833 1683 1123 1741 τάνθρώπων
1155 1683 1291 1740 ὅλως,

208 1764 249 1795 10
278 1751 529 1809 ἀποδημίας
558 1754 608 1797 δὲ
639 1753 880 1810 τυγχάνειν
909 1751 1026 1809 ἡμᾶς
1055 1751 1123 1796 ἀεὶ

276 1821 381 1873 τούς
410 1824 597 1876 ζῶντας,
629 1820 781 1877 ὥσπερ
813 1822 874 1872 εἰς
903 1820 1161 1877 πανήγυρίν
1191 1837 1293 1867 τινα

277 1888 550 1946 ἀφειμένους
581 1891 632 1933 ἐκ
661 1890 743 1932 τοῦ
771 1888 979 1932 θανάτου
1008 1889 1084 1932 καὶ
1114 1892 1196 1932 τοῦ
1228 1887 1419 1939 σκότους

279 1958 343 2008 εἰς
371 1958 455 2014 τὴν
485 1957 722 2014 διατριβὴν
754 1958 817 2008 εἰς
846 1955 898 2000 τὸ
929 1960 1028 2014 φῶς
1056 1973 1103 2000 τε
1134 1957 1266 2001 τοῦθ’
1291 1956 1315 2000 ὃ
1346 1955 1402 2013 δὴ

278 2023 471 2081 ὁρῶμεν.
530 2024 580 2076 ὃς
609 2023 650 2068 δ’
674 2024 734 2068 ἄν
763 2028 949 2069 πλεῖστα
979 2026 1148 2083 γελάσῃ
1179 2026 1255 2068 καὶ
1284 2027 1364 2082 πίῃ

210 2103 252 2135 15
282 2092 358 2136 καὶ
387 2096 466 2149 τῆς
491 2093 756 2150 Ἀφροδίτης
784 2092 1077 2149 ἀντιλάβηται
1107 2092 1187 2137 τὸν
1216 2094 1384 2150 χρόνον

278 2161 441 2205 τοῦτον
471 2158 526 2205 ὃν
555 2160 757 2218 ἀφεῖται,
788 2158 876 2205 κᾶν
906 2159 1017 2218 τύχῃ
1047 2160 1113 2216 γ’,
1146 2163 1315 2217 ἐράνου
1345 2160 1491 2214 τινός,

278 2231 591 2286 πανηγυρίσας
619 2228 765 2286 ἥδιστ’
790 2229 998 2286 ἀπῆλθεν
1028 2231 1197 2273 οἴκαδε.

187 2324 418 2364 Athenaeus
450 2325 523 2373 11,
545 2324 658 2364 4630
694 2322 762 2363 καὶ
789 2320 888 2375 ἡμῖν
907 2354 916 2363 .
936 2354 944 2363 .
964 2354 973 2363 .
990 2320 1120 2370 οὐδεὶς
1149 2320 1202 2361 ἄν
1232 2317 1401 2375 εὐλόγως
1429 2322 1637 2374 φθονήσαι

76 2385 181 2421 νοῦν
208 2378 322 2432 ἔχων,
352 2378 451 2419 κατὰ
480 2374 573 2428 τοὺς
589 2377 786 2429 Ἀλέξιδος
809 2378 1092 2431 Ταραντίνους,
1123 2379 1163 2418 οἳ
1191 2384 1271 2418 τῶν
1301 2378 1420 2427 πέλας
1441 2382 1520 2420 κτλ.
1559 2383 1632 2419 v.·1

76 2440 118 2477 οὓ
156 2438 180 2476 2
218 2438 428 2477 maximam
468 2440 623 2488 partem
658 2440 797 2488 poetae
835 2437 968 2477 verbis
1005 2437 1188 2476 adiunxit
1224 2437 1431 2476 Dobraeus
1460 2437 1565 2476 Adv.
1595 2436 1636 2475 II

79 2495 174 2533 329.
264 2494 303 2533 2.
335 2495 549 2544 φθονῆσαι
576 2494 627 2534 A.
715 2495 753 2534 3.
785 2489 920 2532 οὐδέν’
952 2491 1003 2546 P]
1031 2489 1177 2532 οὐδένα
1207 2494 1258 2532 A.
1298 2493 1466 2533 fortasse
1497 2489 1633 2531 οὐδέν’

75 2544 292 2601 ἀδικοῦμεν
321 2547 451 2591 οὐδέν.
549 2546 623 2589 οὐκ
649 2550 741 2590 add.
771 2551 896 2590 Dobr.
1014 2551 1052 2590 7.
1084 2548 1202 2600 φήσει
1232 2547 1380 2602 Dobr.]
1412 2544 1551 2599 φήσειε
1583 2552 1632 2589 A.

75 2604 132 2647 ἄν
160 2617 219 2645 σοι
251 2604 407 2659 Dindf.]
436 2603 490 2646 ὃν
519 2608 569 2646 A.
658 2608 698 2646 8.
729 2602 771 2645 δ’
792 2600 869 2646 οὖν
897 2604 1035 2659 Mein]
1064 2611 1165 2659 γοῦν
1194 2607 1242 2645 Α.
1326 2608 1392 2646 10.
1426 2603 1635 2656 ἐπιδημίας

77 2663 301 2703 Blomfield.
334 2662 462 2703 Gloss.
493 2663 634 2703 Aesch.
667 2663 779 2714 Sept.
804 2664 884 2703 206
916 2677 954 2714 p.
980 2664 1073 2702 127.
1112 2665 1161 2704 cf.
1194 2662 1379 2702 Menand.
1410 2663 1506 2714 470,
1529 2664 1633 2713 Ssq.

78 2720 198 2760 Mein.
292 2716 371 2770 ἀεὶ]
403 2718 480 2759 αἰεὶ
509 2720 558 2761 Α.
656 2721 719 2759 14.
749 2716 914 2788 γελάσῃ]
946 2718 1056 2773 φάγῃ
1086 2733 1126 2758 τε
1157 2718 1203 2758 G.
1227 2720 1276 2758 A.
1297 2719 1496 2770 Hirschig.
1526 2719 1633 2758 Ann.

78 2777 167 2816 erit.
200 2778 266 2827 30,
298 2789 458 2816 caesura
486 2777 671 2827 pessima.
751 2778 816 2817 16.
848 2791 927 2817 καν
956 2778 1075 2816 Mein.
1108 2777 1149 2815 in
1179 2774 1294 2826 Ath.]
1325 2774 1391 2814 καὶ
1422 2777 1470 2814 Α.
1536 2771 1635 2830 τύχῃ

77 2829 120 2885 γ’
153 2829 253 2886 VL]
283 2828 379 2887 τύχῃ
410 2829 445 2871 τ’
478 2833 527 2873 Α.
618 2835 682 2872 17.
714 2830 859 2884 ἥδιστα
890 2834 938 2872 Α.
