1890 3190
297 229 351 271 68
915 226 1234 260 ΑΝΤῙΦΑΝΟΤΣ

1032 326 1111 368 137

449 406 641 462 τράπεζα
672 417 965 461 φυστημινεις
995 402 1107 447 ἄλλα
1137 398 1226 458 μὴν
1258 404 1470 458 δαίμονος

450 474 629 529 ἀγαθοῦ
658 474 975 527 μετάνιπτρον,
1009 471 1259 526 ἐντραγεῖν,
1292 470 1490 526 σπονδή,
1523 469 1694 526 κρότος.
1756 518 1758 520 v

411 569 638 607 Athenaeus
672 569 743 617 11,
766 567 883 605 486f
916 563 1199 616 μετάνιπτρον·
1245 560 1270 615 ἡ
1310 563 1404 615 μετὰ
1443 561 1484 602 τὸ
1526 563 1704 612 δεῖπνον,
1749 560 1852 614 ἐπὴν

299 622 604 674 ἀπονίψωνται,
650 620 835 674 διδομένη
874 620 1000 670 κύλιξ.
1048 618 1291 670 Ἀντιφάνης
1323 619 1522 671 Λαμπάδι
1554 618 1737 671 δαίμονος
1765 621 1849 659 κτλ.

300 683 405 720 idem
436 682 516 720 487
535 682 561 719 b
587 676 829 729 Ἀντιφάνης
862 676 1057 729 Λαμπάδι
1087 673 1253 729 τράπεζα
1274 699 1327 704 --
1347 676 1621 728 μετάνιπτρον.
1732 679 1768 718 1.
1797 676 1854 716 sio

298 738 347 777 A.
398 750 561 801 prorsus
599 738 734 776 futilia
773 737 867 775 sunt
906 748 1006 785 quae
1043 734 1271 773 Dindorfius
1310 733 1434 772 edidit
1471 729 1630 785 τράπεζ’
1660 728 1728 782 ἐφ’
1756 728 1854 784 ἡμῖν

300 793 419 844 ἐστιν,
457 787 555 832 άλλὰ
594 793 629 832 δ.
689 806 820 842 neque
858 793 985 842 magis
1015 791 1220 841 probanda
1249 803 1349 840 quae
1381 790 1582 828 Nauckius
1612 788 1854 840 excogitavit

300 847 464 904 (Philol
487 850 544 888 VI
565 846 667 912 416)
699 847 888 899 τράπεζα,
920 845 1074 897 φυστη,
1104 845 1251 897 μαινίς,
1272 843 1408 897 ἅλιμα,
1430 845 1616 896 δαίμονος
1636 847 1718 884 κτλ.
1761 858 1853 884 nam
1878 886 1879 891 ,

299 908 475 957 primum
505 901 674 957 τράπεζα
705 907 744 944 et
774 898 905 954 φυστή
935 917 1025 944 cum
1054 904 1220 953 reliquis
1250 915 1331 944 non
1362 903 1538 942 eiusdem
1569 904 1663 941 sunt
1681 903 1852 952 generis,

301 964 442 1002 deinde
481 963 590 1013 potio
629 975 728 1012 quae
769 963 811 999 in
847 962 954 1011 genii
984 961 1173 999 honorem
1202 959 1324 998 fiebat
1345 963 1434 1010 post
1463 971 1597 998 cenam
1625 961 1719 998 ante
1749 970 1851 998 com-

299 1021 544 1070 potationem
575 1018 982 1067 dabatur‚simu1que
1011 1028 1147 1056 mensa
1175 1016 1426 1063 aasfcrebatm·
1454 1018 1494 1054 et
1513 1016 1702 1054 tibicinae
1721 1015 1853 1055 venie-
1875 1018 1877 1023 ’

301 1077 409 1116 bant.
471 1076 518 1114 cf.
551 1075 698 1114 Athen.
731 1074 880 1121 2,138
898 1074 935 1113 (1.
978 1075 1050 1123 15,
1075 1074 1199 1112 6750.
1250 1072 1423 1111 Nicostr.
1455 1073 1521 1110 20.
1578 1071 1682 1110 Plat.
1714 1070 1852 1122 Symp.

304 1134 429 1172 176a.
445 1146 476 1173 e.
525 1133 658 1182 itaque
689 1131 816 1170 scribo
845 1125 1053 1183 (άπῄρετο)
1074 1124 1283 1180 τράπεζ’,
1307 1124 1538 1177 ἐφυσᾶτ’·
1559 1121 1682 1178 ἦλθε
1702 1125 1854 1176 φιάλη

304 1188 493 1239 δαίμονος
524 1190 605 1228 κτλ.
666 1188 716 1226 cf.
748 1188 872 1226 Arist.
894 1186 1013 1236 Vesp.
1047 1186 1142 1224 954.
1192 1186 1267 1224 Av.
1300 1185 1380 1223 859
1412 1187 1452 1223 et
1480 1184 1670 1224 Xenarch.
1703 1185 1741 1223 2.

973 1319 1186 1352 ΛΑΜΠΩΝ

413 1403 556 1442 Vatem
587 1403 853 1451 Lamponem,
886 1401 935 1439 ab
965 1401 1151 1450 antiquae
1182 1399 1405 1439 comoediae
1434 1399 1565 1449 poetis
1594 1398 1852 1449 exagitatum,
1873 1403 1878 1430 ἵ

301 1461 379 1499 dici
408 1472 522 1510 posse
553 1459 776 1497 Meinekius
805 1460 926 1508 negat
955 1457 975 1495 I
1006 1458 1108 1505 313,
1139 1457 1217 1495 nisi
1247 1456 1352 1495 forte
1383 1455 1630 1505 Antiphanes
1661 1430 1890 1506 ‘Lampo-³

301 1518 364 1555 nis
394 1517 552 1555 nomine
591 1515 807 1566 symbolice
844 1527 939 1553 usus
969 1514 1041 1564 sit,
1079 1516 1125 1552 ut
1154 1514 1395 1552 crescentem
1425 1512 1467 1550 in
1497 1512 1581 1551 dies
1610 1511 1855 1550 hariolorum

301 1574 578 1624 adrogantiam
606 1572 841 1610 inluderet'.

505 1711 705 1758 κεστρεῖς
735 1704 864 1758 ἔχων,
896 1700 994 1744 ἀλλ’
1018 1699 1073 1744 οὐ
1104 1701 1397 1757 στρατιώτας,
1428 1700 1665 1755 τυγχάνεις

504 1772 693 1827 νήστεις.

414 1855 642 1893 Athenaeus
674 1856 712 1904 7,
735 1853 856 1893 307d
887 1849 946 1891 ὅτι
976 1849 1024 1891 δὲ
1054 1846 1157 1898 εἶδος
1187 1849 1380 1902 κεστρέων
1409 1851 1450 1889 οἵ
1476 1849 1631 1901 νήστεις
1649 1881 1658 1889 .
1677 1880 1687 1889 .
1705 1846 1854 1890 ,Ἀντι-

301 1908 434 1962 φάνης
465 1909 668 1961 Λάμπωνι
697 1911 778 1951 κτλ.
837 1905 925 1947 ἀλλ’
948 1905 995 1947 οὐ
1025 1906 1167 1960 Mein.]
1198 1905 1344 1954 ἄλλους
1375 1908 1424 1947 A.
1501 1908 1770 1958 fragmentum
1800 1907 1856 1947 sie

301 1971 347 2007 ut
376 1968 569 2006 traditum
599 1970 660 2006 est
689 1979 851 2017 prorsus
882 1967 1104 2006 obscurum.

1038 2074 1118 2117 139

544 2196 548 2198 .
574 2153 597 2197 ὁ
626 2154 736 2198 δεῖν’
767 2153 939 2209 Ἰᾶπυξ,
970 2153 1164 2209 κέρασον
1194 2138 1534 2208 εὐζωρέστερον.

414 2250 643 2289 Athenaeus
665 2251 729 2299 10,
747 2249 867 2288 423d
894 2243 1156 2298 Ἀντιφάνης.
1175 2277 1184 2286 .
1204 2244 1268 2285 ζέν
1287 2243 1488 2296 Λάμπωνι
1519 2247 1600 2284 κτλ.
1687 2241 1709 2283 ὃ
1739 2244 1855 2284 δεῖνα

301 2305 528 2413 203133ῧᾶἲῶ
553 2307 599 2346 cf.
633 2319 732 2356 quae
761 2305 1039 2345 adnotavimus
1069 2305 1118 2343 ad
1148 2303 1272 2344 Arist.
1294 2302 1391 2342 Ran.
1414 2304 1510 2372 918.
1562 2314 1697 2341 servus
1712 2301 1852 2373 >&Iapyx

903 2449 1248 2483 ΛΕΠΤΠΠΣΚΟΣ

415 2532 579 2570 Praeter
608 2545 697 2571 eum
726 2531 958 2581 Leptinem,
995 2532 1131 2570 contra
1160 2543 1276 2580 quem
1301 2530 1437 2568 habita
1466 2530 1528 2567 est
1557 2528 1682 2567 oratio
1711 2527 1855 2566 Demo·

304 2589 457 2627 sthenis
488 2589 555 2638 20,
588 2588 655 2626 alii
685 2601 844 2638 quoque
873 2588 1050 2626 homines
1079 2589 1164 2626 tum
1186 2587 1322 2626 eodem
1342 2585 1503 2624 nomine
1524 2585 1699 2634 fuerunt,
1730 2583 1856 2624 veluti

303 2641 324 2682 ὃ
355 2642 397 2683 ἐκ
428 2643 575 2694 Κοίλης
606 2645 718 2683 Dem.
751 2645 817 2694 22,
841 2645 907 2683 60.

1035 2706 1117 2761 ’140

416 2795 544 2841 οἶνον
575 2794 744 2840 Θάσιον
775 2799 925 2848 πίνοις
954 2795 1035 2848 ἅνς
1086 2799 1138 2839 Β.
1173 2800 1218 2839 εἴ
1240 2812 1306 2846 τις
1336 2796 1496 2851 ἐγχέαι.

418 2870 470 2907 A.
503 2864 613 2920 πρὸς
643 2862 901 2920 ἀμυγδάλας
931 2864 980 2907 δὲ
1011 2866 1264 2918 πῶςλέχειςη
1316 2867 1366 2907 Β.
1399 2864 1646 2919 εἰρηνικῶς.
