1806 3216
357 175 777 213 ΔιαφιεΒιιτιιΣικΑ
801 147 886 212 ιω
909 174 1311 211 ΨΒΤΔΕΠῙΓΡΑΦΑ
1529 171 1612 215 537
1654 160 1657 164 ’

784 276 863 321 231

251 351 308 406 τῇ
337 350 397 406 γῇ
427 349 648 401 δανείζειν
678 345 884 403 κρεῖττόν
915 345 1040 390 ἐστιν
1068 340 1100 401 ἦ
1128 346 1333 401 βροτοῖς,

251 416 350 474 ἥτις
378 416 542 467 τόκους
570 415 761 459 δίδωσιν
791 412 848 458 οὐ
878 413 1154 469 λυπουμένη.

163 500 359 541 Maximus
389 499 506 541 Conf.
537 500 604 546 58,
635 499 766 550 p‚.95
788 498 856 538 44.
916 497 1031 537 Stob.
1061 496 1199 536 Floril.
1222 494 1343 536 Gaisf.
1378 508 1470 547 app.
1503 495 1611 536 Flor.

49 571 91 610 p·
120 558 206 599 400
235 557 346 609 Lips.
377 512 662 603 Φιλιστίωνος-Ρ
741 557 780 596 2.
810 553 952 594 δίδωσι
979 551 1034 605 μὴ
1065 552 1178 593 Stob.

786 654 871 697 232

321 723 602 781 μαθημάτων
631 722 841 780 φρόντιζε
869 723 1046 779 μᾶλλον
1075 721 1336 777 χρημάτων·

322 787 376 835 τὰ
404 789 492 846 γὰρ
522 789 750 849 μαθήματ’
784 787 971 845 εὐπορεῖ
999 786 1052 832 τὰ
1083 786 1294 848 χρήματα.

165 876 362 916 Maximus
406 875 523 916 Conf.
558 875 656 923 134,
704 887 744 925 p.
777 875 878 922 210,
916 874 956 913 4.
1081 874 1120 912 1.
1164 873 1314 923 μᾶλλον
1358 869 1614 924 Buttmann]

50 935 199 986 μᾶλλον
227 930 267 984 ἢ.
307 928 474 983 εὐπορεῖ
494 931 718 982 transitive,
749 931 798 971 of.
820 930 993 970 Lobeck.
1016 929 1168 998 Phryn.
1190 929 1286 968 595.
1337 925 1528 980 ἕκπορίζει
1558 942 1617 979 χρ.

53 990 101 1033 G.
132 993 182 1030 A.
213 990 415 1042 Hirschig.
454 990 559 1029 Ann.
599 989 687 1029 crit.
728 989 797 1028 20.
850 984 1030 1039 ἑκποριεῖ
1068 985 1115 1025 τὰ
1152 1000 1210 1058 χρ.
1249 985 1439 1025 Badham.
1478 985 1617 1035 Eurip.

51 1048 139 1088 Ion.
172 1048 293 1087 1119.

795 1098 879 1141 233

262 1166 402 1225 ὀργῆς
430 1167 562 1225 χάριν
591 1165 646 1210 τὰ
678 1165 856 1221 κρυπτὰ
886 1163 946 1221 μὴ
978 1163 1127 1222 φάνῃς
1157 1165 1317 1221 φίλου·

258 1238 405 1290 ἔλπιζε
435 1234 478 1279 δ’
510 1234 650 1279 αὐτὸν
680 1233 822 1278 πάλιν
852 1229 911 1277 ἄν
941 1230 1061 1277 εἶναί
1089 1243 1175 1277 σου
1206 1235 1357 1288 φίλον.

170 1320 366 1360 Maximus
397 1319 646 1372 conf.137‚
676 1331 715 1369 p.
749 1318 852 1366 217,
886 1317 953 1357 33.
1072 1318 1111 1355 1.
1148 1312 1203 1367 μὴ
1229 1310 1403 1369 ’κφᾰνῃς
1432 1315 1619 1355 Menand.

55 1379 229 1417 monost.
252 1378 348 1417 418.
398 1373 452 1429 μὴ
469 1373 647 1430 ’κφήνῃς
676 1375 798 1415 Mein.
819 1374 912 1414 fori..
935 1369 989 1425 μὴ
1015 1369 1275 1425 ’κφράσῃς.
1365 1374 1404 1412 2.
1435 1372 1620 1411 Menand-

56 1437 229 1475 monosi.
260 1435 357 1475 406.
406 1448 463 1473 αν
493 1434 583 1475 add.
603 1432 752 1500 Mein„
784 1443 1013 1483 proponens
1044 1432 1164 1471 etiam
1194 1427 1368 1469 ἔσεσθαι.

793 1531 879 1574 234

331 1600 523 1644 λύουσιν
553 1598 680 1655 ἡμῶν
711 1598 943 1655 συμφοραὶ
974 1595 1051 1649 τὰς
1081 1596 1343 1652 συμφοράς,

331 1670 643 1725 παρηγοροῦσι
671 1666 726 1711 τὰ
755 1665 871 1710 κακοὶ
903 1664 962 1709 δι’
996 1666 1160 1721 ἑτέρων
1190 1667 1358 1708 κακῶν.

175 1754 371 1793 Maximus
402 1751 515 1794 Conf.
541 1752 633 1800 148,
665 1765 702 1802 p.
735 1751 830 1799 237,
858 1751 922 1789 12.
974 1750 1024 1790 of.
1056 1749 1240 1790 Menand.
1274 1750 1368 1799 536,
1392 1749 1416 1787 5
1447 1748 1566 1787 Mein.

798 1850 883 1892 235

391 1918 552 1976 χρόνος
580 1919 760 1961 δίκαιον
789 1915 936 1972 ἄνδρα
965 1915 1129 1973 μηνύει
1158 1915 1278 1959 ποτέ.

177 2003 372 2044 Stobaous
393 2004 478 2043 Ecl.
497 2004 534 2054 1,
553 2004 590 2053 8,
608 2002 661 2042 28
684 1998 936 2052 Χαιρήμονος
957 1999 1029 2052 (21
1054 1996 1125 2052 N.)
1146 1998 1195 2038 A.
1234 1997 1458 2037 Philemoni
1481 1998 1623 2036 tribuit

61 2061 252 2112 Heerem,
294 2061 443 2100 incerto
480 2060 634 2111 tragico
673 2057 947 2098 Wachsmuth.
992 2057 1060 2096 sed
1100 2055 1258 2095 videtur
1297 2068 1381 2094 esso
1422 2054 1628 2105 Sophoclis

65 2117 147 2158 ΟΒ..
182 2118 277 2167 614,
310 2118 377 2157 ubi
408 2116 616 2156 δείκνυσιν
644 2112 776 2167 μόνος.

792 2203 908 2245 2353

371 2273 532 2329 χρόνος
559 2270 780 2328 μαλάσσει
810 2269 957 2313 πάντα
988 2266 1314 2322 κᾶξεργάζεται.

180 2357 372 2396 Stobaeus
389 2356 474 2395 Eol.
496 2357 531 2406 1,
547 2355 585 2405 8,
602 2356 656 2394 33
677 2351 902 2404 Φιλήμονος
916 2351 953 2391 Α
973 2364 1047 2391 sec.
1072 2350 1195 2390 Gaisf.
1212 2363 1301 2390 cum
1318 2356 1452 2389 tamen
1466 2348 1630 2388 Waohs-

67 2414 221 2455 muthio
251 2416 356 2452 toste
385 2413 532 2452 lemma
562 2412 666 2451 desit
694 2412 737 2450 in
762 2410 864 2457 Par„
897 2410 940 2448 in
968 2409 1088 2448 Fam.
1115 2420 1243 2457 marg.
1274 2409 1405 2446 autem
1436 2406 1629 2456 scriptum

67 2473 121 2511 sit.
151 2474 223 2509 τοῦ·
251 2465 378 2508 αὐτοῦ
408 2465 483 2522 (32
505 2463 794 2521 Χαιρήμονος),
827 2467 931 2506 inter
960 2466 1111 2504 incerta
1140 2463 1413 2514 recipiendum
1434 2465 1529 2502 erat..
1579 2462 1629 2501 cf.

69 2527 273 2568 Chaerem.
304 2526 356 2565 fr.
379 2526 433 2565 23
454 2525 506 2565 Ν.

802 2575 887 2619 236

274 2653 470 2703 γυναῖκα
499 2645 692 2689 θάπτειν
722 2642 936 2700 κρεῖσσόν
968 2642 1092 2685 ἐστιν
1120 2638 1150 2696 ἢ
1179 2648 1353 2696 γαμεῖν.

187 2731 383 2771 Stobaeus
426 2729 563 2768 Floril.
603 2730 677 2776 68,
710 2729 762 2766 22
812 2722 1064 2776 Χαιρήμονος
1109 2724 1146 2763 Α
1192 2722 1263 2773 (33
1302 2723 1383 2772 N.).
1445 2722 1631 2761 Menand.

72 2790 244 2828 monost.
263 2788 329 2826 95.
352 2786 490 2827 Orion.
507 2785 645 2825 Floril.
663 2783 886 2824 Ritscth.
908 2782 1131 2821 Philemoni
1147 2780 1290 2819 tribuit
1305 2780 1424 2818 Mein.
1438 2778 1520 2818 1111
1536 2780 1631 2818 690.

81 2845 186 2896 quod
217 2844 251 2885 si
279 2856 417 2884 verum
446 2845 525 2891 est,
556 2842 672 2882 scrib.
705 2837 895 2893 κρεῖττόν.
946 2840 996 2878 cf.
1028 2850 1147 2880 anon.
1178 2838 1259 2879 427
1291 2836 1411 2876 Mein.
