1864 3204
570 197 796 231 MAI-:Mox
821 215 862 222 -
889 189 1158 232 οΔΤΣΣΕΤΣ
1567 197 1651 241 243

315 296 436 350 παρὰ
465 297 515 341 δὲ
548 297 738 354 Σινώπῃ
769 298 844 342 καὶ
873 297 1005 356 Λύκᾳ
1034 300 1110 341 καὶ
1140 276 1329 356 Ναννίῳ

316 364 486 421 ἑτέραις
515 381 562 409 τε
592 366 844 410 τοιαύταισι
874 367 1031 422 παγίσι
1060 369 1144 410 τοῦ
1174 369 1279 422 βίου

183 453 194 462 ·’
267 442 288 473 5
320 433 459 476 ἔνδον.
485 431 646 490 κάθητ’
671 432 958 489 ἀπόπληκτος
988 433 1087 478 οὐδ’
1111 435 1346 491 ἐξέρχεται.

197 527 427 567 Athenaeus
458 529 531 579 13,
555 529 635 568 567
654 528 674 567 f
706 525 858 567 τούτων
887 529 967 568 τῶν
997 527 1222 581 (πλουσίων
1251 530 1371 570 Mein.
1402 530 1521 570 Anal.
1551 531 1648 570 Ath.

84 580 188 639 357)
218 582 388 635 ἑταιρῶν
415 582 484 624 καὶ
494 582 643 636 ’Ἀμφις
673 582 914 637 μνημονεύει
943 583 988 625 ἐν
1011 585 1177 638 Κουρίδι
1195 583 1319 638 λέγων
1339 589 1420 626 κτλ.
1481 588 1521 626 4.
1543 585 1647 626 ἑταί-

80 655 167 692 ραις
196 642 247 681 A.
271 664 321 670 —
354 642 403 681 de
430 642 594 682 Naamio
625 655 727 693 quae
749 641 840 691 Αἲξ
871 601 1118 682 ἕπεκαλεῑτορ
1126 640 1293 697 (Eubul.
1317 640 1417 699 105)
1447 645 1645 695 copiosius

82 698 228 738 Athen.
264 700 314 738 13
326 699 552 750 ,.587asq
608 698 747 752 παγίσι
785 705 868 739 τοῦ
898 698 1011 752 βίου
1041 697 1163 739 nimis
1200 701 1297 740 mihi
1335 701 1568 752 languidum
1608 704 1650 740 et

80 768 131 794 ne
160 757 268 796 recte
299 757 458 806 quidem
487 756 639 796 dietum
667 757 840 797 videtur.
886 757 1016 797 scribo
1045 755 1186 810 παγίσι
1214 756 1438 810 χρυσίου.

838 867 896 910 24

196 950 427 990 Athenaeus
460 950 523 1000 13,
546 950 624 990 591
643 950 669 988 (1
698 948 831 1002 εἴρηκε
861 947 906 988 δὲ
934 948 1022 1003 περὶ
1052 955 1123 989 τοῦ
1151 949 1326 991 πλούτου
1345 948 1473 1002 αὐτῆς
1493 949 1646 1006 (Φρύ-

83 1018 142 1054 νη
157 1004 247 1058 ς)
268 1004 355 1046 .καὶ
377 1004 526 1058 ’Ἀμφις
557 1004 600 1047 ἕν
630 1005 810 1059 Κουρίδι.

695 1181 697 1183 Ι
734 1131 990 1165 ΚΤΒΕΤΤΔΙ

352 1261 434 1307 τὸν
463 1264 775 1321 σκιραφευτήν
828 1210 886 1252 25

186 1343 334 1398 ’Ἀμφις
365 1345 525 1400 εἴρηκεν
555 1345 599 1387 ἐν
630 1351 709 1394 τοῖς
738 1348 977 1401 Κυβευταῖς.
1024 1349 1167 1389 Pollux
1199 1351 1238 1398 7,
1260 1351 1356 1390 203.

728 1472 984 1507 ΛΕΤΚΑΔΙΑ

193 1551 257 1591 Sic
286 1553 393 1591 enim
423 1553 510 1592 sine
541 1552 682 1602 dubio,
712 1566 794 1593 non
814 1551 980 1601 Λευκα’ς
1011 1555 1205 1605 inscripta.
1233 1555 1322 1594 fuit.
1363 1557 1485 1594 etiam
1509 1556 1645 1595 Alexis

80 1609 122 1647 et
151 1609 370 1649 Menander
401 1608 638 1648 Λευκαδίαν
667 1611 926 1660 seripserunt.
976 1611 1096 1650 Mein.
1128 1611 1147 1650 I
1177 1612 1274 1651 406.

831 1721 887 1764 26

351 1797 472 1850 ὅστις
502 1798 734 1854 ἀγοράζων
757 1798 882 1852 ,ὄψον
949 1834 1302 1845 .....

352 1866 455 1918 ἐξὸν
485 1865 736 1911 ἀπολαύειν
766 1869 944 1923 ἰχθύων
975 1866 1222 1925 ἀληθινῶν,
1244 1871 1262 1882 ’

350 1934 604 1991 ῥαφανῖδας
636 1935 852 1991 ἐπιθυμεῖ
880 1937 1126 1991 πρίασθαι,
1153 1938 1373 1991 μαίνεται.

193 2028 424 2069 Athenaeus
456 2031 494 2080 7,
518 2030 629 2070 2770
659 2028 786 2080 φησὶν
806 2028 955 2082 ’Ἀμφις
987 2028 1030 2069 ἐν
1060 2027 1244 2070 Λευκάδι
1273 2027 1537 2099 (Λευκαδία).
1581 2034 1643 2071 at-

79 2097 156 2135 que
187 2086 333 2125 omisso
364 2086 521 2126 fabulae
551 2087 672 2127 titulo
694 2088 734 2136 2,
752 2088 855 2127 57b.
918 2090 955 2126 1.
987 2084 1197 2140 ἀγοράζειν
1217 2089 1284 2130 57.
1343 2089 1382 2130 2.
1404 2083 1643 2140 ἀπολαύειν]

75 2138 251 2181 ἄπολλον
280 2144 347 2182 57.
363 2166 417 2170 -
434 2143 484 2182 ef.
505 2143 553 2185 fr.
577 2144 645 2182 22.
678 2145 780 2184 non
809 2145 1002 2196 intellego
1032 2158 1110 2195 quo
1139 2147 1255 2196 paeto
1286 2141 1425 2196 ἰχθύες
1455 2141 1648 2194 ἀληθινοί

78 2199 224 2250 opponi
246 2199 410 2249 ‘possint
434 2202 521 2247 ταῖς
552 2197 777 2250 ῥαφανῖσι]
808 2202 930 2240 Mein.
962 2202 1081 2241 Anal.
1114 2202 1209 2243 Ath.
1243 2202 1317 2253 29,
1347 2202 1556 2242 conferens
1585 2204 1643 2242 ta-

77 2268 170 2294 men
202 2256 384 2295 Machon.
415 2257 509 2295 Ath.
542 2259 580 2307 6,
599 2258 717 2296 2441>
756 2256 944 2309 καράβων
983 2252 1204 2309 ἀληθινῶν.
1268 2261 1411 2298 neuter
1440 2261 1560 2309 poeta
1588 2259 1645 2299 sic

79 2312 251 2362 scripsit.
287 2312 498 2363 Amphidis
528 2314 606 2352 fuit
636 2312 795 2364 ἰχθύων
823 2314 1133 2365 Φαληρικῶν.
1164 2315 1290 2354 Arist.
1314 2316 1412 2354 Aeh.
1437 2316 1532 2355 901.
1564 2315 1642 2355 Av.

24 2392 26 2395 v
82 2369 148 2407 76.
186 2368 237 2407 fr.
259 2370 354 2408 507.
396 2370 613 2420 Antiphan.
637 2371 732 2421 206,
756 2372 795 2409 7.
826 2371 976 2410 Eubul.
999 2372 1065 2419 75,
1088 2371 1127 2411 4.
1161 2370 1297 2411 Sotad.
1324 2373 1360 2422 1,
1381 2369 1451 2411 30.
1484 2373 1645 2411 Metron

80 2426 121 2463 et
151 2423 355 2464 Archestr.
376 2426 523 2466 Athen.
545 2427 584 2476 4,
610 2427 733 2466 1352..
767 2428 806 2475 7,
830 2427 959 2466 2851).
991 2427 1159 2467 Aristot.
1192 2427 1244 2470 H.
1274 2441 1339 2467 an.
1372 2430 1410 2479 6,
1437 2429 1501 2467 15.
1543 2429 1642 2467 Bur-

78 2481 176 2522 sian.
209 2480 353 2532 Geogr.
384 2495 445 2533 gr.
478 2482 497 2521 Ι
528 2483 622 2522 265.

727 2571 995 2606 ΟΔΤΣΣΕΤΣ

832 2639 886 2680 27

383 2716 545 2771 ἐρίοισι
574 2714 682 2766 τοὺς
711 2717 890 2771 τοίχους
918 2716 1072 2774 κύκλῳ
1104 2719 1370 2773 Μιλησίοις,

381 2781 520 2826 ἔπειτ’
543 2781 750 2839 ἀλείφειν
778 2786 841 2840 τῷ
869 2787 1140 2841 Μεγαλλείῳ
1168 2784 1323 2841 μύρῳ,

382 2848 454 2893 καὶ
487 2849 571 2905 τήν
599 2850 844 2908 βασιλικὴν
872 2855 1067 2909 θυμιᾶτε
1096 2852 1305 2907 μίνδακα.

1306 2923 1372 2955 16*
