1910 3178
670 911 1039 961 Praefatio.

190 1028 368 1082 Tandem
396 1040 610 1091 aliquando
640 1040 754 1080 valde
785 1040 942 1091 optanti
971 1039 1080 1090 mihi,
1113 1040 1182 1080 sed
1212 1039 1432 1090 insperanti
1454 1039 1639 1090 contigit,

1 1112 21 1141 1
75 1100 122 1138 ut
157 1110 276 1148 quam
323 1099 365 1137 in
405 1098 533 1148 primo
572 1097 689 1136 huius
726 1098 858 1146 operis
896 1097 1099 1136 volumine
1140 1099 1303 1147 questus
1348 1109 1456 1135 eram
1501 1096 1639 1135 deesse

15 1176 23 1203 ς
77 1155 272 1195 Athenaei
293 1154 484 1194 Marciani
505 1154 791 1204 conlationem,
822 1166 910 1192 eam
940 1153 1109 1192 secunda
1138 1153 1301 1192 fortuna
1331 1153 1438 1192 ultro
1468 1153 1640 1192 offerret.

76 1212 225 1251 etenim
256 1211 303 1251 G.
335 1211 540 1250 Kaibelius
569 1223 659 1250 cum
690 1223 726 1249 a.
759 1211 888 1260 1882,
930 1213 976 1249 ut
1004 1222 1151 1249 novam
1182 1210 1291 1249 illius
1322 1209 1528 1259 scriptoris
1558 1209 1639 1248 edi-

10 1282 23 1303 ‡
77 1268 228 1308 tionem
257 1272 436 1319 pararet,
476 1267 652 1307 V'enetiis
691 1267 837 1306 codicis
867 1268 904 1306 A
936 1266 1154 1307 varietates
1175 1267 1226 1305 vin
1257 1267 1438 1316 exemplo
1469 1265 1640 1305 Dindor-

14 1332 25 1339 ²
76 1324 180 1365 fiano
210 1325 504 1365 accuratissime
535 1325 754 1373 enotasset,
795 1336 873 1374 qua
902 1325 964 1363 est
992 1323 1181 1363 comitate
1211 1326 1252 1364 et
1281 1323 1525 1362 liberalitate
1556 1323 1640 1362 diu-

0 1407 16 1435 s„
75 1382 185 1422 turni
214 1381 454 1432 molestique
483 1374 795 1423 laboris¹usumss
835 1381 1090 1432 enignissime
1127 1380 1186 1419 ita
1215 1379 1314 1419 mihi
1344 1379 1557 1429 concessit,
1597 1382 1642 1418 ut

76 1439 163 1490 ipso
192 1438 422 1478 moderante
459 1440 500 1477 et
537 1438 772 1488 inspiciente
843 1467 852 1476 .
883 1437 1099 1485 Brunsius,
1141 1436 1371 1476 adulescens
1400 1436 1463 1475 his
1493 1436 1642 1475 nostris

0 1499 25 1522 ‚q
75 1495 225 1535 litteris
264 1495 422 1534 deditus
459 1497 500 1534 et
522 1494 728 1539 Athenaei
766 1494 891 1544 ipsius
909 1493 1034 1533 »haud
1053 1493 1262 1533 ·mediocri
1301 1493 1530 1543 cognitione
1568 1493 1642 1531 im-

76 1552 211 1602 butus,
239 1552 506 1609 conlationem
521 1550 704 1616 anetiis
725 1551 868 1590 factam
889 1551 933 1590 in
950 1552 1081 1589 ineam
1102 1550 1320 1589 editionem
1341 1549 1641 1588 Dindorfianam

16 1616 17 1620 ’
80 1609 328 1648 transferret.
375 1608 510 1658 itaque
540 1621 583 1646 1n
611 1608 686 1647 hoc
715 1607 918 1647 volumine
948 1607 1094 1647 codicis
1116 1607 1306 1646 Marciani
1336 1606 1643 1656 discrepantiam

11 1682 35 1687 -·
78 1665 388 1717 diligentissime
418 1664 626 1714 exscripsi,
664 1666 782 1715 atque
820 1677 899 1714 quo
929 1664 1072 1703 melius
1102 1664 1186 1703 eius
1217 1663 1311 1702 libri
1340 1665 1483 1702 natura
1513 1666 1554 1701 et
1582 1663 1642 1701 in·
1664 1675 1674 1681 ”

15 1754 18 1755 ⁷
77 1722 188 1762 doles
218 1722 387 1772 perspici
419 1722 556 1772 posset
584 1721 736 1761 leviora
765 1733 923 1771 quoque
954 1720 1123 1771 repetivi
1143 1723 1184 1759 et
1202 1732 1303 1770 quae
1323 1720 1373 1758 ad
1394 1719 1643 1758 restituenda

77 1780 288 1829 poetarum
319 1779 547 1830 fragmenta
567 1779 753 1828 exiguum
773 1777 964 1816 utilitatis
986 1778 1160 1816 fructum
1181 1777 1370 1827 praebere
1391 1777 1642 1816 viderentur:

10 1838 19 1859 „-
78 1838 126 1875 ut
153 1835 230 1874 ubi
254 1835 355 1874 nihil
385 1847 434 1874 ex
464 1847 508 1874 eo
538 1834 772 1873 adnotatum
801 1834 1025 1884 invenitur,
1066 1846 1155 1872 cum
1193 1834 1251 1873 eis
1282 1845 1384 1883 quae
1415 1833 1523 1871 edidi
1552 1845 1643 1871 eum

79 1892 303 1931 consentire
332 1894 501 1931 constet.
548 1891 790 1930 monendum
820 1893 952 1929 autem
984 1894 1045 1930 est
1072 1902 1202 1940 neque
1231 1902 1487 1940 personarum
1518 1890 1642 1927 ullam

78 1948 328 1988 notationem
366 1949 407 1986 in
446 1947 648 1986 Marciano
687 1950 844 1986 exstare
881 1959 1008 1997 neque
1047 1945 1101 1998 (si
1139 1960 1178 1996 p.
1208 1947 1288 1986 699
1306 1946 1325 1984 f
1353 1958 1410 1996 sq.
1448 1943 1641 1997 excipias)

77 2004 309 2045 lacunarum
340 2004 507 2052 indicia,
546 2004 772 2054 prosodiam
803 2016 899 2043 vero
929 2004 1042 2042 nulla
1071 2004 1297 2042 constantia
1326 2002 1445 2041 modo
1476 1999 1643 2041 indicari

78 2062 198 2101 modo
229 2061 364 2101 omitti
394 2063 436 2100 et
465 2061 588 2101 verba
617 2073 734 2111 saepe
765 2062 1065 2099 monstruosum
1094 2060 1137 2099 in
1167 2060 1328 2098 modum
1361 2059 1641 2109 conglutinari,

17 2134 23 2153 .-
78 2120 125 2157 ut
164 2131 211 2158 ex
251 2118 465 2168 archetypo
504 2130 594 2156 eum
631 2117 752 2156 nullis
783 2117 991 2156 verborum
1024 2116 1267 2165 intervallis,
1305 2116 1427 2155 nullis
1457 2117 1644 2155 accentus

79 2174 257 2226 apicibus
287 2175 482 2214 instructo
513 2174 755 2224 descriptum
785 2185 870 2213 esse
901 2174 1102 2223 adpareat.

194 2231 274 2270 iam
304 2232 338 2271 si
368 2231 457 2281 quis
488 2231 535 2270 de
565 2230 739 2270 utilitate
769 2243 887 2280 quam
918 2231 1017 2280 ipsis
1038 2230 1278 2269 comicorum
1299 2230 1538 2279 fragmentis
1559 2231 1642 2268 tam

81 2290 265 2328 accurata
294 2288 468 2327 conlatio
490 2287 672 2326 attulerit
697 2287 935 2326 sententiam
956 2299 1084 2325 meam
1105 2287 1296 2337 exquirat,
1329 2298 1407 2324 non
1427 2286 1642 2324 admodum

22 2382 26 2384 ,
82 2357 269 2396 magnam
299 2345 410 2383 illam
454 2356 539 2383 esse
584 2342 789 2385 confiteor.
848 2356 976 2394 neque
1022 2343 1063 2382 id
1106 2343 1222 2382 aliter
1266 2342 1350 2381 fore
1380 2355 1642 2392 speraveram.

22 2424 26 2435 ι
82 2413 171 2440 cum
216 2401 323 2440 enim
360 2400 570 2439 Ravennas
616 2402 657 2438 et
687 2400 862 2439 Venetus
901 2399 1179 2450 Aristophanis
1217 2398 1378 2438 Velseni
1419 2398 1643 2437 incredibili

79 2470 244 2509 prorsus
275 2457 485 2508 diligentia
524 2456 678 2496 excussi
708 2458 843 2495 tamen
873 2457 1122 2506 paucissimis
1153 2457 1294 2506 poetae
1324 2455 1506 2494 versibus
1536 2455 1644 2493 adiu·

82 2517 216 2554 mento
247 2514 416 2554 fuissent
446 2515 488 2553 et
517 2513 764 2553 Marcianum
794 2513 925 2563 ipsum
956 2512 1132 2552 Oobetus
1163 2526 1186 2551 a
1215 2525 1256 2552 se
1286 2512 1571 2562 perlustratum
1601 2511 1643 2549 in

13 2576 18 2580 ’
81 2571 319 2610 comicorum
348 2570 624 2610 emendatione
654 2569 853 2608 rarissime
873 2570 1276 2618 commemoravisset,
1308 2569 1424 2608 facile
1445 2571 1533 2606 erat
1552 2580 1642 2618 pro-

82 2627 216 2666 videre
246 2627 352 2677 quod
382 2639 487 2666 nunc
517 2627 622 2666 sicut
650 2626 881 2676 saepissime
911 2627 954 2665 in
984 2626 1046 2666 his
1075 2626 1224 2665 nostris
1256 2625 1399 2664 studiis
1419 2625 1566 2670 evenit,
1598 2626 1644 2662 ut

15 2687 17 2689 ’
81 2683 196 2723 labor
226 2683 401 2722 fructum
437 2683 556 2734 longe
587 2684 807 2732 superaret.
867 2683 935 2722 sed
968 2683 1037 2733 qui
1067 2685 1278 2733 propterea
1307 2681 1489 2720 inutilem
1521 2681 1643 2719 fuisse

22 2738 25 2739 ⁷
84 2740 260 2779 laborem
292 2739 489 2790 opinetur,
520 2740 555 2779 is
584 2751 689 2778 nune
719 2739 878 2778 demum
908 2741 948 2778 et
978 2739 1073 2789 quid
1102 2739 1288 2777 librarius
1319 2738 1526 2786 scripserit
1554 2749 1644 2775 con-

16 2778 27 2810 ⁴?
83 2798 189 2836 stare
225 2798 267 2835 et
305 2797 536 2835 universum
574 2808 690 2846 quem
734 2795 873 2835 dicunt
911 2795 1146 2845 adparatum
1178 2794 1358 2834 criticum
1391 2794 1518 2832 multo
1549 2793 1644 2832 sim-

20 2901 21 2906 *
81 2853 286 2903 pliciorem
327 2853 476 2892 factum
512 2852 672 2902 suisque
711 2852 823 2902 quasi
861 2852 1132 2891 fundamentis
1163 2851 1383 2890 stabilitum
1416 2862 1501 2889 esse
1532 2850 1643 2889 sciat.

1328 2914 1370 2948 10
