1864 3204
584 207 818 243 οΡΘΑΝΗΣ
841 226 884 233 -
910 206 1174 244 ΠΑΝΝΤΧιΣ
1574 205 1654 250 193

292 311 449 351 οἴεσθε
477 308 670 364 μέγεθος
699 307 908 365 ἀρεσιαν;
940 308 1083 364 μέγαν
1113 308 1259 364 πάνυ,

291 375 367 419 καὶ
398 374 538 432 ξηρὸν
569 374 740 433 έποίησ’
768 376 941 428 εὐθέως
969 375 1051 420 τὸν
1080 376 1331 432 κάνθαρον.

201 470 431 511 Athenaeus
465 472 529 521 11,
552 473 667 510 4736
697 468 905 523 Εὔβουλος
938 469 981 510 ἕν
1011 470 1213 525 Παμφίλῳ
1242 468 1432 518 πολλάκις
1462 469 1655 523 μεμνημέ-

87 540 156 574 νος
187 533 257 567 τοῦ
287 524 486 579 ὀνόματος
517 524 779 597 (κάνθαρος)
798 527 924 579 φησίν
954 525 1027 581 ἐγώ
1049 526 1095 566 δὲ
1115 550 1168 556 —-
1191 523 1412 579 κάνθαρον.
1445 542 1514 567 και
1533 526 1656 566 πάλιν

88 580 110 622 ὁ
145 581 188 623 δὲ
210 607 260 613 -
284 583 520 637 ξηραίνεται.
571 582 638 623 καὶ
669 581 779 623 ἕ”τι
751 599 834 636 αμα
864 587 946 624 κτλ.
1044 586 1082 624 3.
1115 582 1296 624 ἐνταῦθα
1327 586 1379 624 A.
1469 587 1508 625 6.
1540 582 1655 631 κενὸς

89 639 331 705 Schweigh]
363 639 414 692 δὴ
444 634 582 688 καινὸς
612 643 663 680 A.
753 637 826 694 ὡς]
859 656 919 681 ων
947 642 1068 683 Mein.
1100 642 1258 682 delebat
1289 639 1655 694 8011νν61311.πά-

85 699 152 737 λαι
189 693 238 750 δὴ
275 698 451 749 κείμενος
476 695 484 752 Ι
509 696 734 750 ξηραίνεται
762 699 883 738 Mein.
914 699 1035 738 Anal.
1065 699 1163 738 Ath.·
1194 700 1290 738 256.
1369 697 1419 749 δὴ
1451 700 1495 747 (i.
1519 712 1554 738 e.
1585 698 1654 747 δη-

86 750 231 805 λονότι)
260 751 376 802 κενὸς
414 750 469 802 ὥς
499 751 596 810 (α’ίν)
636 756 743 795 delet
780 755 920 796 Cobet.
950 756 1001 797 N.
1033 756 1061 794 1.
1095 756 1162 798 38.
1213 753 1337 803 πάλαι
1366 754 1489 794 πάλαι
1519 754 1654 807 ξηραί-

86 825 196 851 νεται
215 812 420 852 Herwerd.
447 812 561 852 Stud.
584 813 670 854 crit.
686 813 754 852 84.
823 813 862 852 8.
881 808 1034 863 Ἀρεσία
1058 813 1182 852 Dobr.
1204 812 1390 863 Append.
1412 813 1538 852 Arist.
1559 814 1653 851 113.

86 881 162 919 pro
191 866 316 920 μέγαν
353 867 464 908 πάνυ
504 869 627 908 edulii
661 883 806 910 nomen
843 870 1139 909 restituendum
1178 883 1263 910 esse
1302 870 1527 920 suspicatur
1555 869 1657 908 Her·

90 926 208 966 werd.
241 926 389 966 Mnem.
420 939 511 966 nov.
532 925 592 965 VI
623 927 689 966 67.

201 996 240 1023 v.
271 983 297 1023 8
335 983 443 1034 quod
486 983 645 1034 scripsit
674 983 882 1023 Dobraeus
914 979 1074 1033 Ἀρεσία
1105 996 1187 1023 11011
1215 984 1317 1022 116116
1347 983 1537 1023 convenit
1567 996 1656 1022 cum

88 1036 236 1079 οἴεσθε.
325 1041 364 1079 9.
405 1036 552 1090 “ξηρὸν
589 1043 720 1079 ποιεῖν
756 1054 791 1080 τ.
832 1054 869 1080 κ.
907 1042 971 1080 est
1006 1041 1240 1080 cantharum
1270 1041 1445 1091 potando
1476 1040 1652 1079 siccare!

89 1096 242 1136 Iacobs.
264 1119 315 1124 —
339 1097 418 1136 tria
446 1097 543 1138 haee
573 1097 799 1148 fragmenta
829 1110 875 1136 ex
906 1098 1045 1136 eadem
1074 1097 1302 1137 narratione
1332 1099 1515 1147 excerpta
1545 1099 1653 1136 sunt.

87 1153 260 1192 inebriat
287 1154 420 1193 nescio
452 1155 542 1204 quis
572 1158 728 1193 amatae
758 1155 912 1205 puellae
942 1155 1160 1204 nutricem,
1200 1150 1312 1194 cuius
1343 1155 1392 1196 fr.
1425 1155 1449 1191 2
1481 1166 1565 1192 esse
1596 1155 1654 1193 vi-

87 1210 205 1248 detur
241 1210 415 1250 dolentis
453 1211 559 1261 quod
595 1213 679 1250 tam
717 1211 787 1250 diu
816 1211 1031 1250 cantharus
1061 1211 1116 1251 sit
1145 1211 1285 1251 siccus.
1338 1224 1476 1250 rursus
1508 1211 1602 1250 dato
1633 1223 1656 1249 a

86 1279 261 1314 caupone
290 1268 384 1307 vino
415 1263 484 1321 (fr.
508 1268 552 1318 3)
582 1268 819 1308 cantharum
848 1269 1053 1307 celerrime
1084 1267 1225 1307 ebibit.

842 1379 897 1422 83

335 1458 517 1511 πρῶτον
547 1458 631 1512 μὲν
661 1456 804 1500 αὐτοῦ
833 1456 1113 1512 παραλαβών
1143 1454 1204 1499 τώ
1237 1458 1405 1512 χαλκίω

332 1525 414 1567 τὸν
444 1523 516 1568 ι’ὁν
547 1527 599 1568 ἐκ
628 1529 707 1582 τῆς
735 1523 882 1581 χειρὸς
911 1524 1242 1580 ἐξεσπόγγισεν.

199 1619 342 1659 Pollux
374 1621 421 1686 9,
443 1620 498 1659 90
539 1616 609 1658 τὸν
650 1616 692 1658 δὲ
731 1621 809 1659 νῦν
847 1616 994 1671 χαλκὸν
1032 1619 1074 1658 οἵ
1094 1616 1263 1658 Ἀττικοὶ
1293 1618 1455 1670 χαλκίον
1485 1617 1654 1658 εἰώθασι

87 1677 237 1721 καλεῖν,
277 1671 332 1722 ὥς
369 1671 448 1714 ἀπὸ
474 1680 546 1714 τοῦ
575 1672 754 1728 ἀργύρου
783 1672 974 1730 ἀργύριον
1003 1674 1071 1715 καὶ
1099 1670 1179 1715 ἀπὸ
1209 1681 1281 1715 τοῦ
1310 1681 1462 1727 χρυσοῦ
1492 1675 1655 1728 χρυσίον

125 1730 383 1784 ..Εὔβουλος
415 1730 459 1771 ἐν
489 1733 691 1786 Παμφίλῳ
720 1735 801 1773 κτλ.
841 1734 1039 1773 medicum
1070 1734 1169 1773 dicit
1197 1746 1271 1784 pro
1302 1734 1445 1784 exigua
1474 1733 1655 1772 mercede

88 1802 284 1829 venenum
315 1790 483 1840 spongia
513 1789 562 1829 de
594 1803 714 1830 manu
742 1791 988 1830 abstersisse.

741 1924 1005 1960 ΠΑΝΝΤΧῙΣ

843 2003 899 2046 84

338 2078 364 2135 ἢ
393 2079 471 2131 τὰς
501 2079 731 2137 φιλῳδοὺς
759 2081 997 2138 κερμάτων
1027 2083 1299 2137 παλευτρίας

334 2146 420 2191 οὐκ
450 2144 610 2203 οἶσθα,
641 2149 822 2200 πώλους
853 2150 1087 2206 Κύπριδος
1118 2149 1443 2205 ἐξησκημένας,

333 2216 530 2272 γυμνάς,
565 2217 725 2273 ἐφεξῆς
756 2217 829 2260 ἐπὶ
859 2218 1000 2275 κέρως
1029 2217 1320 2273 τεταγμένας,

336 2285 388 2327 ἐν
418 2285 714 2341 λεπτοπήνοις
743 2284 912 2341 ὕφεσιν
943 2285 1159 2340 ἑστι-ὅσας,
1191 2286 1288 2335 οἵας

293 2360 314 2391 5
332 2349 570 2407 Ἠριδανὸς
599 2351 756 2408 ἁγνοῖς
784 2351 920 2396 ὕδασι
951 2353 1136 2410 κηπεύει
1167 2353 1324 2408 κόρας·

337 2418 448 2475 παρ’
470 2413 538 2463 ὦν
566 2423 761 2476 βεβαίως
791 2420 1006 2475 ἀσφαλῶς
1035 2419 1075 2463 τ’
1099 2421 1245 2472 ἔξεστί
1269 2431 1341 2463 σοι

336 2490 502 2542 μικροῦ
533 2490 756 2544 πρίασθαι
786 2491 1005 2544 κέρματος
1034 2489 1118 2544 τὴν
1146 2486 1336 2545 ἡδονήν.

203 2580 433 2621 Athenaeus
466 2583 530 2630 13,
553 2583 666 2650 ⁵93⁶
696 2578 723 2632 ἢ
752 2578 827 2621 οὐκ
857 2577 971 2629 οἶδας
1000 2579 1101 2622 κατὰ
1132 2579 1206 2638 τὴν
1235 2578 1451 2634 Εὐβούλου
1483 2581 1651 2618 Παννυ-

91 2635 183 2687 χίδα
213 2634 281 2683 τὰς
311 2639 393 2677 κτλ.
497 2640 534 2677 1.
565 2634 593 2687 ἢ
621 2636 690 2683 τὰς
721 2651 768 2678 ex
797 2639 993 2680 Athenaei
1023 2641 1155 2680 verbis
1187 2640 1344 2678 Eubulo
1375 2637 1551 2676 reddidit
1582 2636 1655 2675 Co-

90 2693 174 2732 bet.
205 2694 255 2731 N.
276 2694 303 2731 l.
328 2695 421 2733 138.
509 2692 709 2747 φιλῳδοὺς
739 2695 861 2736 Dobr.
892 2697 998 2736 Adv.
1030 2696 1071 2735 II
1103 2693 1205 2749 343]
1238 2694 1457 2745 φειδωλους
1487 2693 1535 2735 Α.
1617 2694 1654 2732 2·

91 2746 165 2788 οὐκ
196 2744 318 2787 οἶσθα
348 2763 396 2789 ex
426 2751 519 2790 Ath.
555 2734 705 2819 (οἶδας)
737 2753 943 2803 supplevit
973 2753 1112 2793 Cobet.
1190 2749 1471 2802 33mxat9ws·
1492 2749 1539 2788 A·
1614 2750 1655 2788 4·

93 2802 345 2856 λεπτονήτοις
374 2804 517 2856 ῢμεσιν
544 2807 592 2847 A.
637 2805 787 2857 υφεσιν
815 2785 1655 2858 Ρο18011.Μ160.248.6.παρ’ὦν]

93 2859 236 2915 παρών
264 2863 314 2902 A.
347 2885 403 2892 —
433 2866 612 2903 ceterum
642 2865 691 2904 cf.
724 2865 775 2904 fr.
799 2867 864 2906 67.

163 2939 278 2966 Comici
299 2940 418 2973 graeei,
440 2940 486 2967 ed.
506 2941 558 2966 'Ph
591 2941 706 2968 Kook.
726 2942 770 2967 ΙΙ,
1345 2934 1385 2964 13
