1806 3216
172 156 255 198 536
802 155 1101 189 ΦιΛΗΜοΝοΣ

849 257 1064 290 ΧΑΡΙΤΕΣ

906 322 988 364 226

444 378 566 433 ἕθμίς

287 458 307 499 ὁ
338 455 572 530 πλινόπους,
613 457 747 510 ἐπειδὴ
785 458 829 499 ἐν
863 455 998 508 αὐτοῖς
1037 459 1211 513 ἕγλυφον
1244 457 1446 513 άγάλματα
1471 458 1639 515 Ἑρμοῦ,
1676 457 1729 511 ὥς

177 514 332 598 ἐφόρουά
342 531 472 556 υπνου
493 515 558 555 καὶ
577 513 756 579 ὀνείρων.
803 516 870 556 καὶ
889 516 1091 569 φιλοξένης
1112 514 1278 571 χάρισιν.
1325 520 1459 571 Etym.
1477 533 1528 559 m.
1547 521 1643 570 376,
1660 522 1727 560 40.

177 598 289 646 φιλςδ
313 611 334 647 χ
354 598 402 638 D.
453 595 583 646 φύλαξ
607 609 654 645 χυ
686 597 768 635 cod.
791 597 916 636 Paris.
942 598 1052 636 2654
1082 600 1186 637 teste
1217 598 1388 638 Cramer.
1451 597 1519 638 καὶ
1547 600 1729 650 φυλακῆς

175 652 291 704 χάριν
311 654 364 692 Μ.
407 649 571 700 Φιλόξει
573 666 614 700 ος
636 651 809 703 Χάρισιν
830 654 1016 693 dubitans
1038 654 1227 706 Sylburg.
1267 651 1457 706 Φιλήμων
1477 653 1653 708 Χάρισιν
1672 657 1726 695 Μ.

175 711 355 749 Schmidt
374 711 433 748 De
455 710 601 760 dithyr.
625 712 691 749 69.
733 710 802 749 sed
823 711 954 749 omnia
975 712 1149 751 obscura.
1190 710 1360 764 Χάριτες
1389 713 1552 752 fuerunt
1580 713 1728 783 Eubuli

174 769 214 805 et
243 766 447 806 Anaxilae.
913 820 996 863 227

375 905 434 938 ως
463 888 668 945 κρεῖττόν
699 887 793 931 ἐστι
823 889 1045 931 δεσπότου
1076 893 1272 946 χρηστοῦ
1301 898 1456 946 τυχεῖν

375 955 406 1011 ἢ
435 958 514 1011 ζῆν
543 959 766 1006 ταπεινῶς
795 957 869 998 καὶ
900 959 1047 1007 κακῶς
1078 957 1338 1013 ἐλεύθερον.

291 1051 485 1089 Stobaeus
514 1051 655 1090 Floril.
689 1052 761 1101 62,
796 1052 818 1089 7
851 1051 920 1089 τοῦ
949 1046 1075 1090 αὐτοῦ
1105 1051 1159 1102 A,
1198 1053 1222 1090 i.
1254 1066 1287 1094 e.
1322 1051 1590 1104 Μενάνδρου,
1619 1054 1730 1093 ouius

175 1109 268 1146 sunt
298 1108 474 1146 eiusdem
504 1108 597 1146 libri
628 1108 786 1157 eelogae
818 1108 842 1145 5
874 1110 915 1146 et
946 1109 984 1147 6.
1027 1109 1078 1147 ef.
1111 1109 1294 1149 Menand.
1318 1111 1398 1148 698
1430 1111 1549 1151 Mein.
1570 1113 1610 1149 at
1640 1110 1727 1149 Sto-

174 1165 296 1203 baeus
325 1164 463 1203 Floril.
483 1165 549 1215 62,
565 1165 616 1203 35
639 1163 844 1203 Φιλίππου
875 1165 919 1215 (i.
938 1178 968 1203 e.
991 1163 1254 1218 Φιλιππίδου)
1278 1167 1326 1205 A.
1378 1166 1496 1206 ‘alias
1524 1167 1574 1206 ad
1604 1167 1732 1206 Phile-

176 1233 326 1260 monem
357 1221 558 1260 refertur'.
593 1220 754 1260 Gesner.
906 1273 989 1316 228

380 1340 430 1383 ἐκ
460 1344 551 1383 τῶν
582 1342 728 1396 λόγων
759 1341 817 1396 μὴ
849 1349 999 1396 κρῖνε,
1031 1344 1320 1397 Κλειτοφῶν,
1353 1341 1500 1398 σοφὸν

377 1405 406 1464 ἢ
436 1410 630 1464 χρηστὸν
660 1408 824 1463 ἄνδρα·
855 1408 935 1451 τὸν
963 1411 1067 1464 βίον
1099 1409 1257 1463 ἐξέταζ’
1293 1409 1375 1454 ἀεί.

379 1477 538 1519 πολλοὶ
567 1476 653 1531 γὰρ
686 1470 738 1519 εὖ
769 1478 980 1533 λέγουσιν
1010 1475 1186 1528 ἀδικίας
1213 1478 1360 1535 χάριν,

379 1544 432 1587 τὰ
465 1543 508 1587 δ’
541 1544 635 1600 ἔργ’
669 1547 820 1599 ἔχουσι
850 1548 1005 1600 φαῦλα
1035 1544 1118 1587 κού
1150 1549 1404 1601 φρονοῦσιν
1435 1539 1500 1590 εὖ.

294 1628 489 1666 Stobaeus
518 1628 603 1667 Ecl.
639 1628 874 1678 2,15,14
911 1628 1111 1667 Waehsm.
1150 1628 1288 1680 ίωνος,
1328 1631 1434 1680 quod
1475 1629 1732 1677 Φιλιστίωνος

177 1681 455 1738 (Φιλημονος)
501 1688 662 1724 auctore
707 1684 916 1724 Gaisfordo
958 1685 1297 1734 interpretabatur
1341 1687 1560 1727 Meinekius
1607 1684 1732 1741 (Men.

175 1741 342 1779 Philem
383 1741 452 1779 rel.
484 1754 557 1780 vn.
590 1743 699 1794 v111).
760 1744 802 1780 at
840 1740 1081 1791 Μοσχίωνος
1128 1744 1302 1793 gnomioi
1339 1744 1433 1782 haec
1477 1755 1561 1782 esse
1599 1746 1734 1783 censet

177 1798 450 1836 Waohsmuth.
482 1798 594 1837 Stud.
626 1812 673 1836 zu
712 1799 749 1838 d.
780 1811 840 1849 gr.
872 1798 1010 1838 Floril.
1042 1799 1134 1838 126.
1165 1802 1204 1839 9.
1295 1802 1330 1839 1.
1362 1801 1586 1850 κλεινοφῶν
1614 1801 1660 1840 L.
1692 1802 1729 1840 3.

177 1847 223 1893 εὖ
253 1854 341 1893 add.
375 1853 499 1894 Gaisf.
912 1909 996 1951 229

449 1974 568 2025 ὅστις
597 1974 683 2030 γὰρ
715 1973 850 2025 αὐτὸς
881 1974 1023 2018 αὑτὸν
1053 1975 1137 2018 οὐκ
1168 1977 1429 2032 αἰσχύνεται

450 2041 683 2085 συνειδόθ’
718 2041 841 2098 αὐτῷ
871 2046 1024 2098 φαῦλα
1056 2045 1447 2102 διαπεπραγμένῳ,

447 2111 540 2160 πῶς
568 2110 647 2153 τόν
676 2126 727 2165 γε
757 2111 899 2166 μηδὲν
930 2109 1062 2154 εἰδότ’
1097 2113 1471 2168 αἰσχυνθήσεται;

292 2194 485 2231 Maximus
516 2193 630 2233 Conf.
649 2195 700 2232 79
705 2208 767 2244 ,.p
788 2195 879 2242 137,
898 2195 966 2233 50.
1015 2195 1244 2234 Philistioni
1262 2195 1406 2234 tribuit
1422 2197 1539 2245 Max„
1570 2197 1619 2237 cf.
1636 2197 1732 2236 228.

177 2253 219 2288 at
250 2250 441 2289 Stobaeus
479 2251 726 2300 Floril.24,
763 2252 782 2288 1
817 2248 991 2299 Διφίλου
1021 2253 1057 2289 Α
1087 2247 1194 2304 (92).
1253 2264 1334 2291 non
1369 2255 1475 2291 reete
1513 2253 1734 2293 Meinekius

178 2307 398 2402 Philemogli
421 2307 681 2403 axisgebgbat.
713 2308 762 2346 cf.
780 2307 1052 2350 Wachsmuth
1071 2307 1186 2346 Stud.
1205 2321 1252 2346 zu
1282 2309 1318 2350 d
1336 2322 1398 2359 gr.
1414 2309 1554 2351 Floril.
1574 2310 1653 2349 123
1671 2323 1731 2361 sq.

181 2365 219 2402 3.
251 2376 323 2400 τον
380 2377 393 2400 ε
543 2376 565 2402 o
1407 2402 1410 2405 ,

914 2417 998 2459 230

383 2482 433 2525 ἐκ
463 2486 543 2524 τοῦ
573 2488 739 2526 παθεῖν
768 2486 963 2538 γίνωσκε
993 2483 1067 2527 καὶ
1097 2483 1146 2527 τὸ
1176 2489 1456 2539 συμπαθεῖν·

382 2550 457 2593 καὶ
487 2554 557 2593 σοὶ
586 2550 671 2606 γὰρ
703 2550 839 2602 ἄλλος
868 2551 1212 2607 συμπαθήσεται
1242 2552 1418 2595 παθών.

292 2635 488 2673 Maximus
505 2633 700 2684 Conf.58,
719 2648 758 2684 p.
773 2636 836 2681 93,
851 2637 889 2673 6.
915 2633 1182 2681 Φιλιστίωνος.
1213 2636 1317 2674 idem
1339 2636 1419 2675 134
1434 2637 1626 2686 p.⁴210‚7.
1660 2637 1732 2676 hoc

180 2691 448 2740 fragmentum
478 2694 520 2729 et
548 2694 735 2741 quattuor
763 2704 862 2740 quae
883 2695 1104 2740 sequuntur
1127 2689 1168 2729 ἐκ
1189 2691 1544 2738 τῶν-Φιλιστίωνος
1562 2698 1734 2745 γνωμῶν

180 2750 366 2797 excerpta
387 2760 483 2797 esse,
515 2760 594 2786 non
614 2760 661 2786 ex
681 2748 924 2798 Philemone,
955 2749 1018 2786 eui
1038 2749 1288 2788 adscribebat
1309 2750 1544 2798 Meinekius,
1566 2750 1729 2788 demon—

182 2804 326 2843 stravit
340 2804 611 2844 Wachsmuth.
631 2804 748 2843 Stud.
767 2818 813 2842 zu
828 2804 866 2842 d.
883 2817 941 2854 gr.
956 2804 1092 2843 Floril.
1113 2806 1206 2847 122.
1222 2807 1262 2844 3.
1343 2807 1378 2844 1.
1399 2803 1465 2844 καὶ
1481 2806 1593 2845 deest
1609 2807 1674 2855 93,
1693 2807 1730 2845 6.
