1890 3190
248 172 302 214 28
877 175 1194 211 ΑΝΤΙΦΑΝΟΤΣ
1828 172 1850 225 ,ι

999 276 1054 318 43

887 355 954 405 τίς
983 352 1027 396 δ’
1051 353 1275 410 ἐγχέλειον
1305 350 1363 396 ἂν
1394 353 1532 410 φάγοι

518 420 547 475 ἢ
578 423 767 476 κρανίον
798 422 1078 474 σινόδοντος;

362 488 590 553 Athenaeus
623 517 658 566 7,
683 517 797 554 3220
833 511 1046 554 σινόδοντα
1082 513 1125 554 δὲ
1164 511 1287 554 αὐτὸν
1319 513 1580 569 (συνόδοντα)
1609 513 1708 569 λέγει
1736 512 1803 555 διὰ

248 575 318 608 τοῦ
349 570 471 610 ἰῶτα.
521 567 786 622 ,Ἀντιφάνης
817 570 861 611 έν
888 569 1142 640 Ἀρχεστράτῃ
1171 566 1424 626 (άρχιστράτῃ
1453 570 1509 627 A)
1539 574 1620 612 κτλ.
1725 569 1802 625 τίς]

247 626 314 677 τῆς
346 627 393 666 A.
493 601 702 679 ἐγχέλειον
733 627 975 681 Sohweigh.]
1008 626 1181 681 έγχέλιον
1210 630 1258 671 A.

947 763 1113 797 APXSZN

998 841 1055 882 44
1114 897 1166 939 έν
1195 896 1504 951 Λακεδαίμονι

522 965 730 1018 γέγονας;
764 963 952 1006 ἐκείνων
981 966 1073 1006 τῶν
1102 962 1254 1018 νόμων
1283 964 1529 1019 μεθεκτέον

519 1030 655 1077 ἐστίν.
705 1031 850 1086 βάδιζ’
876 1031 950 1074 ἐπὶ
979 1033 1166 1074 δεῖπνον
1198 1033 1260 1082 εἰς
1288 1030 1342 1074 τὰ
1374 1032 1584 1087 φειδίτια,

517 1097 718 1141 ἀπόλαυε
747 1102 829 1142 τοῦ
859 1102 1025 1155 ζωμοῦ,
1058 1098 1190 1155 φόρει
1219 1097 1324 1149 τούς
1354 1100 1582 1154 βύστακας

464 1175 484 1207 5
515 1165 573 1221 μὴ
605 1167 906 1222 καταφρόνει,
937 1165 1044 1223 μηδ’
1066 1165 1181 1223 ἕτερ’
1207 1166 1398 1222 ἐπιζήτει
1429 1167 1567 1221 καλά,

521 1235 572 1277 ἐν
601 1242 693 1285 τοῖς
723 1234 765 1277 δ’
792 1236 980 1279 ἐκείνων
1011 1237 1166 1278 ἔθεσιν
1196 1234 1290 1277 ἴσθ’
1313 1234 1551 1291 άρχαιικός.

361 1329 588 1368 Athenaeus
618 1330 656 1376 4,
694 1330 788 1367 142.
824 1331 848 1368 3
895 1328 1166 1383 διακωμῳδων
1201 1325 1446 1379 Ἀντιφάνης
1490 1327 1536 1367 τὰ
1581 1327 1804 1369 Λακωνικὰ

249 1384 391 1424 δεῖπνα
423 1382 466 1423 ἐν
496 1385 548 1440 τῷ
579 1383 878 1439 ἐπιγραφομένῳ
909 1385 1077 1438 δράματι
1100 1384 1253 1438 ’Ἁρχων
1283 1383 1412 1435 φησὶν
1441 1383 1566 1432 οὕτως
1596 1388 1678 1428 κτλ.
1763 1388 1802 1426 2.

247 1444 340 1492 post
369 1426 534 1494 γέγονας
572 1455 653 1482 11011
683 1444 934 1493 interpungit
963 1445 1011 1482 A.
1130 1444 1168 1481 3.
1202 1441 1374 1492 φειδίτια
1403 1440 1459 1495 A]
1492 1441 1643 1492 φιλίτια
1672 1443 1800 1493 Toup.
1851 1460 1856 1466 ·

250 1499 420 1538 Emend.
453 1499 515 1537 III
547 1501 610 1538 79.
663 1498 815 1548 φιδίτια
846 1499 982 1539 Cobet.
1013 1500 1063 1538 N.
1095 1500 1122 1538 1.
1147 1501 1247 1548 728,
1279 1500 1389 1539 ouius
1420 1499 1624 1539 adnotatio
1655 1500 1802 1550 dignis-

250 1556 350 1594 sima
381 1559 442 1594 est
473 1569 573 1606 quae
603 1556 771 1606 legatur.
842 1572 845 1574 ·
887 1557 927 1595 4.
928 1551 1155 1620 ἀπόλαυε]
1187 1553 1385 1594 άπόλαπτε
1415 1556 1622 1596 Herwerd.
1654 1557 1800 1598 Mnem.

248 1625 341 1651 nov.
365 1612 423 1650 VI
455 1614 519 1652 63.
607 1611 720 1663 φόρει
749 1605 857 1665 τους]
892 1607 1027 1664 ῥόφει,
1059 1606 1148 1659 τοὺς
1179 1613 1804 1663 Ruhnk.Wyttenb.P1ut.V11

249 1670 344 1719 334,
377 1669 478 1707 oonl.
509 1669 634 1707 Arist.
665 1670 739 1719 Eq.
763 1671 829 1708 51.
947 1670 984 1708 5.
1016 1667 1068 1720 μὴ
1099 1664 1357 1735 καταφρόνει]
1387 1666 1525 1720 μηκέτι
1554 1667 1669 1719 φόρει
1698 1669 1800 1709 Her-

250 1726 370 1764 werd.
404 1725 498 1765 Obs.
531 1726 619 1764 orit.
641 1727 708 1765 46.
812 1728 850 1766 6.
882 1721 1086 1776 ἆρχαιικός
1117 1724 1188 1777 Κ.]
1219 1721 1416 1777 ἀρχαϊκός.
1466 1726 1516 1765 of.
1548 1739 1648 1775 quae
1678 1726 1799 1766 adno-

249 1783 422 1821 tavimus
452 1783 501 1820 ad
522 1782 645 1823 Arist.
667 1782 772 1823 Nub.
796 1784 892 1821 821.
923 1783 1024 1822 Lob.
1045 1783 1195 1833 Phryn.
1219 1783 1271 1821 39
1289 1795 1349 1833 sq.
1380 1782 1522 1822 Aesoh
1543 1783 1620 1833 Ag.
1645 1784 1736 1821 172.
1761 1785 1798 1823 6.

249 1839 432 1878 Mnesim.
455 1840 493 1889 8,
516 1840 555 1878 4.

363 1895 527 1934 barbam
558 1895 889 1935 Lacedaemonios
919 1896 1077 1946 aluisse,
1109 1896 1214 1934 labia
1233 1896 1437 1946 superiora
1457 1895 1678 1934 totondisse
1699 1896 1799 1934 mul-

245 1952 297 1990 tis
333 1952 574 1991 testimoniis
606 1954 772 1992 constat.
824 1953 892 1992 sed
923 1950 1013 1999 τοὺς
1043 1948 1244 2002 βύστακας
1273 1949 1408 2003 μηκέτι
1438 1949 1551 2004 φόρει
1579 1953 1699 1991 nimis
1728 1953 1799 1991 mi·

244 2021 333 2049 rum
371 2021 443 2058 pro
475 2006 541 2046 τὸν
571 2005 760 2060 βύστακα.
818 2007 1067 2049 scribendum
1100 2010 1258 2049 videtur
1286 2006 1340 2060 μὴ
1377 2006 1692 2058 καινοτόμει,
1730 2007 1800 2049 ‘de

245 2066 359 2104 labiis
394 2067 580 2105 radendis
618 2077 666 2105 ne
702 2067 797 2115 quid
833 2067 1003 2106 novato'.
1055 2067 1102 2105 de
1133 2067 1274 2105 ceteris
1304 2066 1388 2115 ipse
1417 2077 1573 2115 quoque
1602 2065 1702 2103 nihil
1730 2078 1799 2104 no-

246 2134 340 2160 vare
370 2122 495 2161 satius
527 2123 633 2161 duxi.

874 2211 1171 2245 ΑΣΚΛΗΠΙΟΣ

992 2277 1050 2331 45

271 2364 352 2421 τὴν
384 2367 433 2408 δὲ
462 2370 611 2422 γραῦν
641 2368 724 2422 τὴν
755 2367 1045 2410 ἀσθενοῦσαν
1075 2367 1195 2410 πάνυ
1225 2367 1386 2422 πάλαι,
1416 2364 1499 2422 τὴν
1528 2365 1796 2422 Βρυττικήν,

274 2434 413 2488 ῥίζιον
442 2436 602 2490 τρίψας
632 2451 673 2477 τι
703 2434 864 2491 μικρὸν
895 2434 1108 2486 δελεάσας
1137 2450 1184 2477 τε
1213 2437 1399 2490 γεννικῇ

272 2500 322 2544 τὸ
352 2503 543 2557 μέγεθος
573 2505 702 2559 κοίλη
733 2505 930 2559 λεπαστῇ
961 2501 1086 2545 τοῦτ’
1110 2502 1284 2558 έποίησ’
1308 2503 1493 2545 ἐκπιεῖν.

356 2597 584 2636 Athenaeus
617 2599 680 2648 11,
702 2597 825 2636 485b
861 2593 1100 2647 Ἀντιφάνης
1141 2594 1183 2635 έν
1215 2592 1443 2660 Ἀσκληπιῷ
1479 2598 1559 2635 κτλ.
1684 2598 1722 2636 1.
1753 2593 1796 2635 δὲ

245 2651 488 2718 Schweigh.]
530 2651 580 2704 δὴ
611 2653 660 2692 Α.
769 2652 990 2705 Βρυττικην
1020 2652 1086 2706 K]
1117 2648 1312 2704 βρυτικήν
1341 2654 1389 2692 A.
1499 2654 1535 2695 2.
1566 2667 1602 2691 τι
1629 2647 1791 2706 μικρόν]

242 2704 387 2757 πικρόν
417 2723 452 2746 τι
482 2709 627 2748 Naber.
660 2710 807 2749 Mnem.
837 2723 931 2750 nov.
953 2710 1052 2749 VIII
1081 2711 1147 2749 44.
1235 2715 1398 2763 γεννικῇ
1431 2708 1618 2761 Oasaub.]
1650 2723 1793 2761 γεννη-

243 2770 332 2818 τικῇ
362 2767 410 2805 A.
499 2768 537 2805 3.
571 2763 719 2817 έποίησ
754 2765 997 2819 Schweigh]
1030 2764 1214 2817 ἐποίησεν
1242 2767 1292 2805 A.
1873 2728 1890 2817 ἶ

358 2822 563 2872 ‘loquitur
601 2824 649 2862 de
689 2824 863 2863 medioo’
897 2821 1055 2876 (quidni
1086 2823 1133 2862 de
1162 2823 1396 2874 Aesculapio
1427 2821 1561 2874 ipso?)
1593 2823 1682 2873 ‘qui
1710 2823 1792 2862 ani-
