1806 3216
52 0 77 20 “1

0 0 60 228 Γ
351 155 561 192 ΑΔΗΔΩΝ
586 157 854 193 ΔΡΔΜΔΊὩΝ
900 157 1318 194 ΑΜΦῙΣΒΗἸῊΣῙΜΑ
1535 157 1622 203 535

0 228 13 254 3.

54 260 239 331 Append.
264 274 376 313 prov.
399 263 437 313 4,
461 263 515 302 94
546 275 614 301 τον
644 257 822 314 αὐλητὴν
850 258 1009 303 αὐλεῖν
1039 257 1215 315 αὐλητής
1245 260 1398 315 ἐγένετο
1427 262 1482 316 μὴ
1512 263 1622 304 πάνυ

53 320 136 367 τοῖς
166 314 395 371 αυλητικοῖς
425 316 605 371 ἐμμένων
634 315 790 371 νόμοις,
820 315 918 359 ἄλλα
950 325 1197 369 παρακιναῖν.
1248 317 1350 360 ὅθεν
1370 316 1396 372 ἡ
1417 321 1621 373 παροιμία.

53 376 253 417 sententia
272 376 410 428 potius
429 377 567 416 eadem
587 376 748 417 videtur
778 390 862 418 esse
883 380 1003 428 abque
1025 378 1066 418 in
1089 378 1299 419 notissimo
1320 378 1391 418 illo
1412 380 1621 430 proverbio

53 433 162 485 quod
192 436 255 473 est
285 433 333 473 de
363 435 512 474 sutore.
1593 462 1596 463 ν

797 509 883 555 220

323 564 511 623 ἀσχολεῖ

168 646 372 701 Φιλήμων.
424 649 568 690 Suidas
597 648 777 702 ἄσχολος.
827 650 1000 690 Bekker.
1031 650 1184 694 Anecd.
1216 652 1312 701 457,
1346 652 1413 692 20.

793 762 872 804 221

169 843 410 894 Harpocrut.
441 844 520 884 DE
557 845 749 897 βολεῶνες
786 847 828 884 et
858 844 1029 884 Cramer.
1060 845 1137 884 An.
1169 844 1242 884 Ox.
1275 844 1315 884 II
1344 845 1445 893 492,
1469 846 1496 884 4
1534 846 1616 898 βο-

50 901 145 939 λεαῖ
158 911 256 948 νες·
288 900 331 940 οἱ
355 898 556 952 δεχόμενοι
585 899 697 941 τόποι
718 899 792 953 τὴν
811 899 963 952 κόπρον
982 898 1087 940 οὕτω
1108 901 1333 941 καλοῦνται.
1372 899 1476 941 οὕτω
1499 902 1618 942 Δείν-

50 970 170 1009 αρχος
200 955 268 997 καὶ
300 956 504 1009 Φιλήμων.
557 959 658 1001 Poll.
683 961 726 1010 7,
751 959 831 999 134
860 958 902 997 οἷ
926 958 1144 1011 βολεῶνες.
1183 959 1437 999 scribendum
1471 960 1616 1011 ubique

49 1013 340 1064 βολιτῶνες.
390 1015 440 1055 ef.
462 1016 587 1056 Arist.
610 1017 709 1056 Aeh.
732 1016 855 1057 1026.
894 1015 967 1066 Eq.
991 1017 1084 1056 658.
1123 1017 1223 1055 Rau.
1248 1017 1343 1058 295.
1374 1016 1524 1056 eratin.
1548 1019 1616 1059 39.

785 1125 870 1169 222

320 1181 369 1226 οἱ
394 1180 559 1234 εὔνους

166 1264 421 1316 σεσημείωται
449 1264 557 1317 παρὰ
587 1262 782 1318 Φιλήμονι
812 1271 866 1320 τῷ
895 1270 1069 1320 κωμικῷ.
1120 1267 1290 1308 Bekker.
1323 1267 1473 1307 Anecd.
1507 1269 1616 1308 1196

48 1319 118 1374 (ad
150 1323 245 1374 983,
278 1323 656 1375 24).Etym01.m.
690 1325 785 1375 606,
818 1324 885 1363 25.

782 1433 867 1476 223

320 1493 486 1543 κυρίαν

161 1567 364 1624 Φιλήμων.
397 1573 566 1614 Bekker.
589 1574 739 1614 Aneed.
763 1574 857 1625 102,
880 1575 947 1613 22.
986 1587 1057 1624 pro
1089 1570 1347 1625 κεκτημένην.
1387 1574 1439 1614 cf.
1462 1574 1611 1626 Phryn.

49 1642 151 1670 com.
173 1630 242 1670 48.
274 1629 445 1682 Sannyr.
471 1632 536 1671 11.
599 1628 602 1629 ⁷

782 1695 868 1738 224

318 1751 458 1795 σαυτό

163 1836 219 1876 Ιο.
250 1835 364 1875 Alex.
395 1835 454 1875 De
484 1848 563 1876 ace.
596 1849 636 1886 p.
669 1837 735 1887 25,
757 1838 783 1874 4
814 1833 1061 1874 συνεκλείπει
1067 1839 1140 1901 τῇ
1172 1831 1312 1874 εὐθεία
1342 1831 1369 1886 ἡ
1399 1834 1610 1899 αἰτιατική.

46 1892 83 1932 εἰ
118 1888 164 1931 δὲ
201 1889 307 1941 απαξ
345 1905 425 1931 που
460 1888 557 1944 παρ’
597 1866 801 1947 Εὐριπίδῃ
839 1905 1002 1945 ευρηται
1040 1886 1084 1930 τὸ
1112 1890 1257 1931 σεαυτό
1286 1923 1295 1932 .
1328 1923 1338 1933 .
1372 1923 1380 1932 .
1406 1890 1475 1932 καὶ
1503 1906 1611 1942 παρα

46 1944 242 2000 Φιλήμονι
271 1946 314 1988 τὸ
343 1947 504 1989 σαυτό.

351 2072 772 2107 ΑΜΦΙΣΒΗΤΗΣῙΜΑ
796 2072 883 2106 ΚΑΙ
905 2071 1309 2106 ΨΕΤΔΕΠΙΓΡΑΦΑ

738 2136 907 2178 ΚΟΛΑΞ

783 2241 868 2283 225

252 2318 353 2362 ἀλλ’
386 2318 495 2364 οὐδὲ
524 2319 751 2376 γεννήτην
781 2318 945 2374 δύναμ’
980 2317 1133 2374 εὑρεῖν
1163 2317 1329 2363 οὐδένα

253 2386 401 2431 ὄντων
429 2387 674 2442 τοσούτων,
706 2385 807 2430 ἀλλ’
839 2385 1113 2444 ἀπείλημμαι
1142 2385 1291 2443 μόνος.

162 2483 342 2522 Erotian.
373 2482 439 2525 24.
472 2483 497 2522 5
530 2482 659 2522 Klein.
689 2478 912 2546 γενέτῃσιν·
951 2480 992 2520 οἱ
1023 2478 1098 2532 μὲν
1126 2483 1207 2528 τοῖς
1244 2484 1450 2533 γονεῦσιν,
1491 2481 1532 2520 οἰ
1565 2479 1608 2520 δὲ

49 2536 305 2592 συγγενέσιν,
344 2536 470 2586 οὕτως
495 2534 686 2578 Ἀττικῶν
715 2533 923 2591 λεγόντων,
964 2533 1018 2584 ὥς
1057 2535 1124 2577 καὶ
1151 2535 1346 2588 Φιλήμων
1382 2550 1426 2576 εν
1456 2534 1613 2576 Κόλακί

51 2606 178 2647 φησιν
215 2597 296 2635 κτλ.
401 2597 438 2634 1.
468 2592 667 2646 γεννήτην
697 2591 839 2649 Mein]
878 2589 1070 2646 γεννήτας
1099 2594 1225 2633 ELV.
1263 2592 1439 2644 δύναμαι
1476 2591 1610 2646 εὑρεῖν

47 2654 219 2694 codices.
278 2650 408 2691 ὄντων
445 2652 586 2693 Luzac.
624 2652 782 2692 Ruhnk.
821 2652 925 2691 Tim.
958 2648 1030 2703 66]
1070 2654 1165 2690 τῶν.
1227 2645 1421 2701 Φιλήμων
1455 2649 1607 2704 Littre]

46 2706 229 2761 φιλήβων
248 2708 343 2748 EV.
365 2731 420 2741 --
441 2709 600 2748 videtur
619 2709 812 2749 erravisse
832 2708 1135 2760 grammaticus.
1167 2720 1259 2746 nam
1281 2708 1504 2758 Terentius,
1536 2708 1606 2758 qui

48 2765 228 2806 Eunuch.
249 2766 286 2816 2,
306 2767 344 2816 2,
363 2767 387 2805 7
409 2766 480 2805 hos
510 2777 646 2805 versus
675 2766 799 2805 latine
825 2764 1035 2813 convertit,
1066 2764 1303 2804 Eunuchum
1324 2777 1370 2803 ex
1390 2764 1607 2804 Menandri

48 2822 242 2863 Eunucho
271 2825 313 2863 et
344 2821 477 2864 Gozaae
506 2817 625 2877 (prol.
659 2823 724 2863 30.
746 2819 820 2877 32)
850 2821 1031 2861 confecit.
1081 2820 1131 2862 ef.
1163 2820 1348 2861 Menand.
1371 2821 1449 2861 291
1484 2821 1604 2861 Mein.
