1864 3204
453 204 873 239 ΠΑΡΚΡΛΤῘΑΣΤΗΣ
897 221 938 228 -
965 204 1241 239 ΠΑΡΕῙΣΙΩΝ
1544 203 1630 247 493

62 304 126 349 σοὶ
153 303 228 362 K]
256 305 448 348 πλατεῖάν
476 318 551 348 σοι.
608 306 718 363 μόνῳ
747 306 902 361 BentL]
932 306 1069 359 μόνον.
1129 321 1208 348 uno
1238 310 1473 349 tetrametro
1503 309 1629 349 trooh.

0 394 2 396 v
62 364 315 408 watinuavit
342 365 549 405 Bentleius
579 366 759 406 scribens
788 361 989 416 πεποίηχ’.
1052 366 1290 406 deturbatus
1319 366 1466 416 aliquis
1495 366 1544 405 ab
1574 367 1630 405 al·

64 423 151 462 toro
181 421 230 461 de
261 423 327 463 via
356 422 682 474 indignabundus
713 424 947 474 interrogat,
979 423 1106 474 ipsine
1135 423 1210 463 soli
1241 436 1309 462 rex
1341 436 1429 462 eum
1453 424 1600 483 fecerit.

337 599 585 655 Αἰγύπτιος
614 533 871 656 θοίμοὶτιοὸν9
885 598 1123 656 η’ρδάλωκέ
1150 617 1251 656 μου.

173 683 350 734 Etymol.
382 696 435 722 ιιι
466 683 563 734 436,
585 684 637 721 41
670 679 887 735 ἡρδάλωσε.
926 678 1121 734 Φιλήμων
1151 686 1233 723 κτλ.
1283 680 1374 723 ἀντὶ
1406 689 1477 724 τοῦ
1506 680 1626 735 ἠσβό·

58 741 191 791 λησεν,
221 737 422 791 ἕμόλυνεν.
491 740 708 780 Erotianus
740 742 812 790 56,
842 742 893 779 10
922 741 1054 779 Klein.
1095 738 1136 780 τὸ
1174 742 1345 793 μολῦναι
1381 737 1411 792 ἢ
1449 740 1628 793 ρυπᾶναι

58 792 289 848 ἆρδαλῶσαι
317 794 471 848 λέγεται
499 794 567 835 καὶ
597 794 768 848 αρδαλος
798 794 1018 847 α’νθρωπος
1049 793 1070 835 ὁ
1100 792 1154 848 μὴ
1183 801 1377 850 καθαρῶς
1407 799 1498 845 ζῶν.
1557 797 1627 849 με’-

58 866 204 905 μνηται
233 858 303 905 τῆς
333 851 526 902 λέξεως..
547 850 766 904 ,Φιλήμων
797 852 847 893 ἒν
877 852 1182 906 Πανηγύρει.
1233 855 1469 895 Eustathius
1506 858 1628 908 1761,

62 912 114 950 29
141 906 432 962 Ἀριστοφάνης
463 906 484 948 ὁ
516 908 834 962 γραμματικὸς..
853 910 1093 961 .προφε’ρων
1123 910 1190 950 καὶ
1219 907 1262 950 τὸ
1294 912 1390 964 Αἰγ.
1421 914 1500 954 κτλ
1557 926 1627 963 ηρ-

59 962 211 1006 odimus
243 968 358 1007 Eust.
424 968 593 1006 fortasse
624 971 756 1007 tamen
786 979 868 1007 non
897 981 1015 1018 quem
1047 970 1326 1019 exscmpsimus
1358 982 1520 1018 versus,
1559 970 1628 1009 sed

57 1022 229 1075 ἄρδαλος
259 1022 476 1075 ανθρωπος
508 1025 555 1063 ad
586 1025 815 1075 Paneyyrin
844 1026 1032 1075 pertinet.

104 1120 111 1143 1
702 1147 976 1182 ΠΑΡΕΙΣΙΩΝ

173 1228 301 1268 Tituli
331 1229 525 1268 nationem
555 1229 745 1268 inlustrat
764 1229 1014 1280 Philippides
1035 1230 1061 1267 8
1091 1227 1495 1280 ψωμοκολακεύω
1508 1245 1527 1267 ν
1558 1227 1625 1268 καὶ

65 1278 286 1337 παρεισιών
313 1281 387 1325 niel.
438 1286 490 1325 cf.
521 1286 640 1328 Mein.
671 1286 776 1326 Men.
807 1286 910 1325 Phil.
942 1300 980 1336 p.
1005 1288 1102 1326 375.

812 1385 868 1428 60

927 1439 1034 1491 τούς
1063 1440 1112 1484 ἐν
1141 1444 1195 1498 τῇ
1226 1441 1354 1485 πόλει

276 1509 510 1564 μάρτυρας
539 1510 625 1564 ἔχω
655 1509 765 1564 γάρ,
797 1507 864 1552 ὅτι
894 1509 1032 1565 μόνος
1062 1509 1246 1565 φύσκην
1276 1513 1407 1565 ποιῶ,

279 1577 557 1631 κάνδαυλον,
590 1575 678 1634 ᾠά,
707 1581 846 1632 θρῖον
876 1576 927 1620 ἐν
957 1579 1113 1633 στενῷ.
1166 1580 1213 1620 τί
1236 1575 1324 1632 γὰρ

277 1641 453 1687 τούτων
483 1642 706 1700 διάπτωμ’
730 1643 898 1699 ἐγένετ’
921 1644 950 1700 ἢ
978 1646 1200 1700 ’μάρτημα
1229 1647 1292 1696 τί;

172 1739 401 1778 Athenaeus
426 1740 490 1789 12,
507 1739 620 1779 516f
642 1735 882 1790 μνημονεύει
912 1744 982 1779 τοῦ
1012 1736 1242 1778 κανδαύλου
1271 1736 1339 1778 καὶ
1360 1737 1550 1790 Φιλήμων
1581 1738 1625 1779 ἐν

59 1794 316 1861 Παρεισιόντι
338 1792 467 1842 οὕτως
488 1797 569 1834 κτλ.
639 1798 676 1835 2.
708 1807 872 1846 φυσκην
901 1798 950 1835 Α.
1019 1798 1058 1836 3.
1089 1798 1269 1848 ωαθριον
1300 1799 1349 1836 Α.
1419 1807 1546 1836 στενω
1573 1797 1623 1836 A.

59 1847 135 1905 γὰρ
165 1853 256 1892 add.
288 1852 408 1892 Mein.
498 1854 536 1891 4.
570 1850 720 1904 ἐγένετο
751 1854 800 1892 A.
889 1850 942 1905 τι]
973 1866 1057 1903 μοι
1088 1853 1136 1892 Κ.

173 1910 210 1950 3.
241 1906 308 1947 ἐν
337 1913 459 1962 στενῷ
490 1910 593 1949 brevi
621 1911 808 1959 tempore’
841 1910 962 1949 Mein.
1017 1911 1120 1949 conl.
1153 1910 1338 1949 Menand.
1370 1910 1451 1950 401
1484 1903 1624 1949 στενὸν

58 1964 214 2016 χρόνον.
265 1969 307 2005 at
337 1963 381 2004 ἐν
410 1970 534 2019 στενῷ
562 1979 636 2016 pro
668 1964 712 2005 ἐν
740 1966 884 2017 βραχεῖ
915 1967 1091 2017 positum
1129 1967 1242 2006 nullo
1272 1968 1452 2017 exemplo
1482 1967 1622 2006 confir-

59 2026 204 2071 matur,
236 2023 303 2062 sed
334 2023 575 2073 ubicumque
605 2024 829 2071 invenitur,
860 2026 923 2062 est
951 2025 997 2063 in
1025 2026 1231 2074 anqustiis.
1280 2036 1411 2073 neque
1442 2036 1535 2063 vero
1566 2025 1623 2063 in·

58 2081 182 2120 terest
211 2080 431 2119 celeriusne
461 2092 514 2119 an
544 2080 697 2119 tardius
728 2077 770 2118 τὸ
800 2082 921 2130 θρῖον
950 2080 1091 2128 faeiat,
1131 2080 1346 2119 dummodo
1376 2080 1525 2119 bonum
1555 2081 1622 2119 sit.

57 2136 311 2176 scribendum
342 2133 603 2186 ἐντέχνως,
633 2137 929 2187 antiquioribus
950 2138 1132 2188 ignotum
1160 2134 1420 2190 (quamquam
1444 2134 1623 2187 ἔντεχνος

57 2193 163 2243 apud
184 2193 391 2231 Platonem
421 2192 733 2243 philosophum),
766 2194 833 2233 sed
864 2194 1149 2233 recentioribus
1180 2206 1261 2233 non
1290 2195 1538 2235 inusitatum.
1568 2195 1619 2232 cf.

57 2249 208 2300 Phryn.
240 2249 349 2299 Epit.
380 2250 462 2288 344
492 2251 534 2288 et
561 2250 657 2289 Lob.
683 2251 779 2289 345.
828 2250 984 2290 conlato
1015 2238 1136 2291 schol.
1168 2251 1291 2290 Arist.
1324 2251 1398 2300 Eq.
1431 2251 1514 2289 954
1545 2250 1622 2289 for—

58 2319 130 2346 san
161 2306 304 2355 aliquis
333 2306 536 2356 praeferat
565 2303 617 2344 ἐν
647 2307 799 2360 ζωμῷ.

171 2362 422 2401 commendat
451 2374 602 2412 coquus
630 2366 759 2402 artem
790 2365 878 2402 tota
908 2363 1006 2402 urbe
1036 2365 1184 2403 notam.

815 2473 867 2515 61

331 2540 435 2594 περὶ
464 2538 740 2583 τούπτάνιον
770 2538 826 2582 οὐ
854 2539 1004 2594 γίνεθ’
1024 2540 1052 2596 ἡ
1085 2542 1335 2595 σκευωρία·

331 2607 649 2662 τραπεζοποιός
680 2605 772 2650 ἐστ’
798 2607 871 2651 ἐπὶ
901 2609 983 2650 τοῦ
1014 2608 1256 2651 διακονεῖν.

177 2691 406 2730 Athenaeus
428 2689 605 2740 4,1vor
632 2684 798 2728 ε’κᾶλοιν
828 2687 872 2729 δὲ
901 2687 1187 2739 τραπεζοποιὸν
1215 2682 1284 2727 τὸν
1314 2689 1515 2740 τραπεζῶν
1544 2687 1622 2729 ἐπι-

60 2745 235 2799 μελητὴν
273 2744 339 2785 καὶ
379 2751 449 2797 τῆς
484 2744 605 2797 ἄλλης
635 2740 855 2797 εὐκοσμίας,
906 2745 1098 2797 Φιλημων
1129 2745 1384 2796 Παρεισιόντι
1413 2748 1494 2789 κτλ
1587 2750 1621 2785 1.

59 2803 209 2856 γίνεται
240 2804 288 2844 Α.
387 2802 584 2851 σκευωρία
622 2803 785 2844 Pursan.
817 2817 878 2854 ap.
909 2800 1098 2856 villelm]
1136 2802 1354 2854 σκεπτωρία
1392 2804 1440 2841 A.
1530 2804 1567 2841 2.
1598 2800 1619 2841 ὁ

61 2874 178 2911 τραπ.
210 2861 259 2899 Κ.
348 2855 430 2897 ἐστ’
462 2858 620 2910 Dindf.]
653 2856 757 2898 ἐστιν
788 2861 836 2899 A.
