1864 3204
180 201 264 243 262
843 205 1080 238 ΕΦΠῚΠΟΤ

872 305 1044 338 ΣΑΠΦΩ

931 382 987 423 20

920 459 1030 503 ὅταν
1059 457 1146 515 γὰρ
1178 458 1242 503 οόν
1273 461 1373 511 νέος

386 525 628 581 ἀλλότριον
661 526 812 570 ἐλθών
842 526 961 579 ὄψον
992 529 1166 571 ἐσθίειν
1195 528 1344 585 μάθῃ,

385 592 647 649 ἀσύμβολόν
677 610 724 637 τε
753 603 879 650 χεῖρα
909 595 1143 651 προσβάλῃ
1173 598 1310 652 βορᾷ,

387 660 561 704 διδόναι
592 661 739 717 νόμιζ’
771 661 910 705 αὐτὸν
940 661 998 705 σύ
1028 666 1105 718 τῆς
1134 662 1298 714 νυκτὸς
1328 664 1478 718 λόγον.

295 756 523 795 Athenaeus
564 758 634 806 13,
666 757 777 795 5720
821 759 948 804 καλῶς
991 755 1035 796 δὲ
1072 755 1161 809 περὶ
1198 762 1279 796 τῶν
1317 752 1504 797 τοιούτων
1541 755 1738 812 (πόρνων)

188 810 394 861 ’Έφιππος
426 809 469 850 ἐν
499 813 668 860 Σαπφοῖ
692 823 819 863 φησιν
849 816 929 853 κτλ.
1019 816 1056 856 2.
1097 808 1231 853 ἐλθών
1260 813 1441 867 Grotius]
1474 813 1666 854 εἰσελθών
1686 816 1736 854 Α.

182 873 367 907 neutrum
399 870 560 918 scripsit
589 873 719 919 poeta.
779 868 898 923 ἐσθίῃ
938 866 1068 920 μάτην
1098 871 1217 910 Mein.
1251 872 1364 910 Anal.
1397 872 1492 910 Ath.
1524 873 1603 910 357
1636 873 1737 912 conl.

183 926 369 964 Menand.
403 927 495 975 173,
520 927 557 963 2.
675 928 712 967 3.
743 927 948 978 προσβαλῃ
978 928 1029 966 A.
1076 928 1312 978 προσβαλεῖν
1341 930 1380 966 et
1410 933 1549 966 τοῦτον
1579 925 1738 967 διδόναι

183 979 313 1031 νόμιζε
335 981 471 1020 Cobet.
494 982 545 1020 V.
575 980 628 1020 -1.²
660 983 754 1022 621.
778 985 815 1021 2.
862 996 950 1022 eum
971 988 1074 1032 puta
1102 987 1293 1024 rationem
1320 986 1475 1024 reddere
1504 987 1598 1034 quid
1625 989 1740 1025 noctu

182 1039 315 1086 faciat.
367 1038 551 1077 Aesehin.
577 1040 614 1087 1,
638 1041 689 1077 75
720 1039 759 1076 τί
785 1038 858 1090 χρὴ
889 1038 1016 1091 λέγειν
1046 1037 1144 1079 ὅταν
1173 1039 1375 1092 μειράκιον
1407 1038 1496 1079 νέον
1525 1039 1741 1080 καταλιπὸν

183 1092 258 1145 τὴν
286 1090 473 1148 πατρῴαν
504 1093 636 1133 οἰκίαν
666 1093 710 1132 ἐν
739 1092 958 1148 ἀλλοτρίαις
990 1097 1132 1142 οἰκίαις
1154 1097 1390 1151 νυκτερεύῃ,
1422 1094 1497 1149 τὴν
1526 1097 1630 1149 ὄψιν
1659 1095 1739 1137 ἑτέ-

185 1165 266 1202 ρων
297 1149 512 1202 διαφέρον,
543 1149 610 1189 καὶ
640 1153 830 1203 πολυτελῆ
861 1153 1005 1194 δεῖπνα
1036 1153 1180 1208 δειπνῇ
1209 1151 1450 1206 ἀσύμβολον.

871 1276 1060 1309 ΦΙΛΤΡΑ

300 1344 520 1383 Meretricis
551 1358 697 1383 nomen
729 1342 892 1397 (Athen.
927 1348 963 1396 7,
987 1347 1067 1385 286
1082 1345 1140 1398 e),
1174 1348 1342 1386 fortasse
1373 1348 1561 1397 eiusdem,
1593 1347 1641 1386 de
1664 1360 1742 1397 qua.

186 1400 347 1495 [Balyeiask
356 1399 591 1496 ΑἷὴὲῐὲὲΙῧ,
617 1402 729 1440 5869
763 1397 917 1453 Φιλύρα
950 1399 1148 1441 ἐπαύσατο
1169 1401 1439 1455 πορνευομένη
1461 1401 1516 1442 ἔτι
1536 1401 1605 1442 νέα
1625 1397 1739 1442 οὖσα.

231 1469 317 1495 eme
354 1487 360 1494 .
529 1486 536 1494 .

938 1513 991 1553 21

730 1593 928 1644 παππία,
959 1591 1114 1645 βούλει
1145 1590 1329 1647 δραμών

360 1658 422 1707 εἰς
451 1655 533 1711 τὴν
564 1655 736 1712 ἀγορὰν
767 1650 863 1713 κᾷτ’
889 1656 1109 1712 ἀγοράσαι
1138 1675 1212 1713 μοι
1231 1677 1306 1710 -;
1348 1663 1395 1702 Β.
1429 1660 1568 1715 φράζε
1596 1662 1650 1702 τί.

362 1730 415 1767 A.
449 1726 581 1779 ἰχθῦς
610 1727 918 1779 φρονοῦντας,
951 1720 988 1767 ὦ
1017 1726 1167 1781 πάτερ.
1230 1727 1290 1782 μή
1319 1742 1394 1783 μοι
1423 1729 1582 1783 βρέφη.

358 1795 408 1834 Β.
441 1790 523 1834 οὐκ
557 1788 684 1834 οἷσθ’
714 1790 809 1848 ὁτιὴ
839 1791 1086 1847 τάργύριόν
1119 1793 1210 1837 ἐστ’
1243 1796 1514 1850 ἰσάργυρον;

302 1875 530 1914 Athenaeus
552 1876 591 1924 8,
615 1875 707 1913 358.
732 1877 755 1913 9
788 1871 1034 1924 ἐκφαυλίζων
1063 1874 1107 1915 δὲ
1137 1875 1203 1915 καὶ
1224 1875 1428 1927 ’Έφιππος
1457 1874 1667 1931 (φίλιππος
1686 1877 1742 1932 A)

190 1924 279 1977 τοὺς
309 1928 473 1983 μικροὺς
505 1935 584 1969 τῶν
613 1929 772 1981 ἰχθύων
809 1929 853 1970 ἕν
890 1929 1044 1986 Φιλύρᾳ
1082 1933 1184 1983 φησί
1218 1936 1298 1973 κτλ.
1386 1949 1423 1974 v.
1457 1937 1480 1973 2
1511 1936 1744 1976 Eustathius

193 1989 313 2036 1720,
338 1990 404 2026 54.
497 1990 532 2025 1.
564 1987 722 2025 παππία
762 1986 1002 2042 Sehweigh]
1041 1989 1175 2028 παπία
1213 1991 1262 2029 Α.
1351 1992 1389 2029 2.
1430 1985 1520 2045 κᾷτ’
1552 1987 1745 2044 ἀγοράσαι

191 2041 333 2097 Mein]
365 2043 632 2095 καταγοράσαι
662 2045 710 2083 Α.
755 2045 804 2083 cf.
839 2058 937 2095 quae
967 2047 1248 2086 adnotavimus
1280 2048 1328 2086 ad
1358 2048 1483 2087 Arist.
1515 2049 1621 2087 Nub.
1645 2049 1742 2088 409.

191 2115 227 2139 τι
249 2102 334 2140 sine
354 2104 503 2139 aecent.
525 2101 573 2140 A.
662 2102 703 2139 4.
735 2096 794 2138 ὅτι
814 2102 862 2140 Α.
906 2099 988 2140 ἐστ’
1021 2101 1238 2154 ἰσάργυρον
1258 2104 1436 2154 Heringa
1457 2104 1621 2144 Observ.
1645 2103 1744 2157 276]

192 2154 284 2195 ἐσθ’
319 2157 373 2203 εἰς
403 2155 580 2208 ἄργυρον
599 2156 649 2195 A.
698 2158 907 2197 manifesto
938 2163 1165 2209 corruptum
1187 2162 1248 2199 est
1277 2156 1506 2225 τάργύριον,
1537 2163 1677 2201 natum
1698 2174 1746 2201 ex

193 2227 238 2252 eo
270 2215 376 2263 quod
406 2215 601 2263 sequitur.
647 2214 899 2253 scribendum
931 2211 1208 2267 τούψάριον
1238 2212 1428 2270 (ἰχθύες).

306 2271 493 2321 *φρονεῖν
530 2271 718 2309 dicuntur
754 2269 932 2317 πάντες
968 2272 1015 2310 οἱ
1046 2270 1097 2310 ἐν
1135 2269 1317 2327 ἡλικίᾳ.
1376 2274 1467 2313 hinc
1507 2275 1655 2314 factum
1685 2277 1747 2314 est

193 2328 239 2364 ut
269 2327 374 2364 inter
405 2340 444 2365 se
475 2329 774 2376 opponerentur
802 2325 950 2379 βρέφος
981 2323 1104 2379 εἶναι,
1136 2328 1303 2379 νήπιον,
1333 2329 1547 2381 παιδάριον
1577 2333 1617 2370 et
1646 2344 1745 2380 φρο-

195 2386 301 2432 νεῖν,
343 2383 672 2432 quemadmodum
712 2385 857 2423 dicitur
891 2382 1032 2435 ἤρχετο
1070 2389 1237 2437 φρονεῖν
1265 2386 1363 2426 Isae.
1397 2389 1434 2437 9,
1458 2388 1548 2426 20³.
1609 2387 1746 2428 Cobet.

192 2440 338 2478 Mnem.
372 2439 453 2477 IIII
484 2441 579 2478 274.
943 2494 998 2535 22

1003 2561 1195 2619 πότερον
1227 2563 1314 2617 ἐγώ
1335 2568 1337 2570 ’

334 2627 418 2682 τήν
445 2628 606 2682 βατίδα
636 2627 800 2683 τεμάχη
831 2629 1092 2684 κατατεμεόν
1121 2631 1214 2683 ἕψω
1244 2657 1299 2664 -
1328 2635 1376 2677 Β.
1409 2634 1454 2674 τί
1481 2629 1588 2687 φής;

335 2700 389 2739 A.
419 2693 449 2751 ἦ
480 2697 729 2746 Σικελικῶς
759 2693 900 2751 ὀπτὴν
930 2698 1122 2755 ποιήσω;
1174 2702 1224 2742 Β.
1258 2701 1515 2749 Σικελικῶς.

307 2791 538 2829 Athenaeus
569 2793 606 2837 7,
639 2791 750 2829 2866
779 2787 982 2839 ’Έφιππος
1012 2789 1033 2830 ὁ
1064 2787 1355 2845 κωμῳδιοποιὸς
1385 2790 1428 2831 ἐν
1460 2789 1613 2847 Φιλύρα
1651 2790 1745 2844 δρά-

195 2860 287 2894 ματι
311 2844 486 2898 (ἑταίρας
517 2841 560 2884 δ’
590 2843 718 2896 ὄνομα
737 2842 763 2897 ἡ
786 2845 960 2900 Φιλύρα)
983 2851 1062 2887 κτλ.
1151 2851 1188 2888 2.
1222 2850 1266 2888 Β.
1287 2851 1376 2891 add.
1398 2851 1516 2888 Mein.
1540 2851 1581 2888 in
1599 2849 1745 2889 Athen.
