1864 3204
189 209 272 252 338
846 208 1098 248 ,ΑΛΕΞΙΔΟΣ

1591 0 1861 184 Ᾰυῆψεπῖ

1704 37 1722 51 n*
1732 43 1738 48 ι
1794 44 1805 47 --
1815 55 1818 58 Δ
1827 34 1831 36 ’

1823 59 1839 74 ¹³.

360 386 445 431 εἶθ’
471 387 562 444 ὁρῶ
592 387 672 431 τὸν
696 388 964 443 Ἑρμαίσκον
993 393 1083 432 τῶν
1114 389 1268 445 ἁδρῶν
1297 389 1470 432 τούτων
1499 389 1601 433 τινὰ

359 457 596 511 κάνθαρον
627 458 1014 512 καταστρέφοντα,
1045 460 1238 513 πλησίον
1268 457 1317 501 δὲ
1348 461 1555 512 κείμενον

359 526 619 580 στρωματέα
651 525 724 566 καὶ
753 525 915 578 γύλιον
945 523 1099 567 αὐτοῦ.

302 619 530 658 Athenaeus
565 620 628 669 11,
650 619 770 658 473d
799 616 953 666 ’Ἄλεξις
984 614 1024 656 δ’
1051 616 1092 657 ἐν
1123 616 1309 673 Κρατεύα
1340 615 1381 672 (ὁ
1413 616 1457 658 δὲ
1486 617 1600 689 λόγος
1630 619 1747 671 περί

189 689 326 722 τινος
358 672 406 712 ἐν
435 674 684 728 καπηλείῳ
712 672 967 739 πίνοντος)
997 676 1077 713 κτλ.
1111 674 1269 728 (κρατία
1287 662 1367 729 A).
1456 678 1495 715 1.
1525 673 1664 726 ἆδρων
1693 677 1741 717 G.

189 733 405 771 Hermann.
427 732 487 771 De
508 734 623 771 metl.
648 714 748 784 118]
779 725 938 783 ἀνδρῶν
967 732 1015 770 A.
1093 734 1129 771 3.
1162 732 1387 783 στρωμάτεα
1418 747 1458 771 τε
1489 729 1583 786 (si‘c)
1614 733 1664 773 A.
1687 756 1739 762 —-

189 790 222 828 si
252 789 389 828 Alexis
419 802 459 828 v.
483 789 507 827 3
539 790 594 828 sie
622 791 669 826 ut
699 801 818 838 supra
847 801 918 827 nos
950 789 1119 839 scripsit,
1150 790 1303 839 primus
1334 804 1360 827 α
1380 790 1595 829 accusativi
1615 792 1740 830 nomi·

186 859 282 884 num
311 846 354 884 in
384 844 452 891 εύς
483 846 750 884 desinentium
780 846 983 895 corripuit.
1035 846 1255 885 Meinekius
1274 846 1308 883 V
1326 847 1378 885 89
1400 859 1488 885 cum
1509 846 1742 886 Oasaubono

188 899 396 954 στρώματοὶ
427 915 465 940 τε
494 899 561 940 καὶ
590 903 670 942 κτλ.
709 901 757 940 ef.
789 902 909 940 etiam
940 902 1059 940 Mein.
1091 902 1110 940 I
1142 903 1236 942 295.
1260 904 1297 941 6.
1346 903 1603 943 Hermaiscus
1630 904 1743 947 miles

188 962 269 998 est:
317 960 399 997 eius
430 959 535 998 enim
565 959 742 1007 supellex
772 971 809 997 v.
841 960 864 996 3
905 959 1154 1005 describitur.
1257 960 1292 998 2.
1324 957 1668 1010 καταστρέφοντα,
1697 962 1743 999 ut

187 1016 308 1066 Verg.
329 1015 430 1054 Aen.
453 1017 490 1063 9,
512 1017 591 1054 163
621 1018 775 1054 vertunt
792 1018 976 1054 ‘crateras
1005 1027 1134 1061 aenos,
1163 1015 1190 1053 i.
1213 1028 1248 1054 e.
1281 1015 1448 1055 ebibunt
1468 1012 1741 1070 (Schweigh.).

185 1073 234 1111 cf.
268 1073 404 1110 Horat.
438 1071 480 1110 C.
515 1072 552 1120 3,
577 1073 642 1122 29,
666 1072 702 1111 2.
750 1073 949 1110 invertunt
979 1071 1104 1110 Serm.
1139 1072 1175 1122 2,
1198 1073 1235 1119 8,
1259 1073 1324 1112 39.

795 1205 1132 1238 ΚΤΒΕΡΝΗΤΗΣ

928 1282 1007 1324 116

355 1356 429 1404 δύ’
455 1361 573 1416 ε’στί,
605 1363 881 1415 Ναυσίνικε,
913 1363 1175 1414 παρασίτων
1206 1359 1333 1416 γένη·

354 1431 404 1472 ἓν
433 1430 517 1485 μὲν
546 1427 596 1471 τό
627 1427 784 1471 κοινὸν
815 1429 890 1470 καὶ
920 1429 1318 1485 κεκωμῳδημένον,

355 1498 400 1540 οἱ
426 1499 614 1552 μέλανες
642 1496 787 1552 ἡμεῖς·
817 1496 1016 1552 θάτερον
1045 1498 1156 1550 ζητῶ
1185 1499 1335 1551 γένος,

226 1574 233 1581 ”
305 1575 325 1605 5
357 1564 747 1621 σεμνοπαράσιτον
780 1565 830 1607 ἐκ
861 1564 1002 1618 μέσου
1032 1563 1332 1618 καλούμενον,

303 1642 325 1673 4
355 1633 586 1689 σατράπας
615 1634 893 1687 παρασίτους
922 1631 997 1673 καὶ
1028 1630 1306 1685 στρατηγοὺς
1337 1631 1570 1686 ἐπιφανεῖς

304 1711 324 1741 6
355 1698 720 1755 ὑποκρινόμενον
751 1692 802 1742 εὖ
832 1707 924 1749 τοῖς
953 1701 1087 1754 βίοις,
1119 1697 1265 1754 ὀφρῦς
1295 1701 1398 1754 ἔχον

353 1768 718 1823 χιλιοταλάντους
748 1765 997 1810 άνακυλῐόν
1027 1765 1064 1808 τ’
1089 1765 1257 1816 οὐσίας.

355 1844 473 1886 νοεῖς
503 1836 561 1879 σὺ
592 1833 642 1878 τὸ
673 1837 802 1890 γένος
832 1834 907 1877 καὶ
936 1834 987 1877 τὸ
1017 1838 1218 1890 πρᾶγμα;
1269 1837 1327 1877 Ν.
1358 1835 1432 1877 καὶ
1462 1835 1596 1889 μάλα.

352 1910 403 1946 Α.
436 1903 610 1947 τούτων
640 1903 851 1957 ἑκατέρου
880 1906 972 1945 τῶν
1000 1905 1148 1957 γενῶν
1178 1899 1201 1945 ὁ
1227 1902 1310 1957 μὲν
1339 1902 1478 1953 τύπος

280 1981 321 2011 10
351 1975 428 2026 τῆς
459 1972 670 2027 ἐργασίας
700 1965 761 2021 εἷς
793 1972 908 2025 ἐστι,
941 1972 1175 2019 κολακείας
1204 1969 1349 2024 ἀγών·

352 2038 504 2093 ὥσπερ
537 2039 610 2081 ἐπὶ
639 2042 732 2080 τῶν
760 2040 874 2093 βίων
905 2040 975 2092 δέ,
1006 2036 1112 2087 τούς
1140 2037 1224 2092 μὲν
1252 2035 1279 2092 ἡ
1311 2036 1420 2092 τύχη

351 2106 480 2161 ἡμῶν
509 2106 720 2161 μεγάλοις
749 2106 1015 2161 προσένειμε
1045 2103 1148 2155 τοὺς
1178 2103 1221 2146 δ’
1244 2104 1492 2160 ἐλάττοσιν,

353 2171 441 2216 εἷθ’
465 2174 511 2216 οἰ
537 2174 620 2228 μὲν
651 2172 935 2229 εὐποροῦμεν
966 2173 1012 2215 οἱ
1038 2170 1079 2214 δ’
1105 2171 1317 2227 ἀλύομεν.

351 2234 439 2296 ἆρά
468 2257 519 2295 γε
550 2241 776 2296 διδάσκω,
808 2239 1077 2291 Ναυσίνικ’;
1130 2243 1189 2282 Ν.
1220 2239 1305 2282 οὐκ
1335 2238 1552 2295 ἀστόχως·

281 2319 320 2349 15
354 2307 454 2351 ἀλλ’
477 2307 534 2350 ἄν
565 2307 608 2351 σ’
634 2310 804 2351 ἐπαινῶ
833 2310 1021 2362 μᾶλλον,
1053 2307 1246 2363 αἰτήσεις
1274 2308 1336 2363 μέ
1356 2324 1410 2350 τι.

294 2404 522 2443 Athenaeus
554 2404 590 2450 6,
614 2403 694 2442 237
712 2404 736 2441 b
773 2402 1003 2451 παρασίτων
1032 2396 1137 2440 εἶναί
1164 2411 1262 2451 φησι
1291 2398 1386 2452 γένη
1417 2398 1490 2439 δύο
1511 2399 1661 2450 ’Ἀλεξις
1691 2400 1736 2441 ἐν

180 2457 418 2513 Κυβερνητη
456 2456 523 2497 διὰ
556 2457 704 2497 τούτων
734 2461 813 2499 κτλ.
912 2462 947 2497 1.
979 2456 1088 2496 ἐστιν
1115 2454 1297 2496 αὖσίνικε
1330 2459 1376 2496 A.
1464 2471 1502 2496 v.
1532 2459 1559 2496 4
1588 2461 1680 2508 post
1709 2460 1734 2498 5

179 2517 428 2566 transposuit
455 2516 578 2554 Dobr.
610 2516 713 2554 Adv.
734 2515 776 2553 II
797 2517 890 2565 310,
922 2517 968 2553 ut
996 2515 1209 2554 accusativi
1239 2514 1459 2563 penderent
1488 2515 1536 2552 ab
1566 2511 1731 2566 ὑποκρι-

181 2572 362 2623 νόμενον.
479 2572 517 2609 4.
567 2568 826 2623 παρασίτους]
863 2570 1066 2621 μεγίστους
1103 2571 1167 2610 vel
1202 2565 1417 2621 ζαχρύσους
1456 2566 1734 2624 (ζαπλούτους)

181 2630 305 2668 Dobr.
397 2630 434 2669 5.
467 2625 510 2666 ἐκ
538 2625 674 2679 μέσον]
708 2625 901 2696 ἐμμέτρως
933 2627 1136 2667 Herwerd.
1167 2626 1261 2666 Obs.
1292 2628 1382 2665 crit.
1416 2628 1467 2665 69
1499 2627 1599 2668 conl.
1631 2628 1732 2666 Plat.

181 2685 331 2735 Cratyl.
364 2685 477 2723 395e
515 2683 628 2722 δοκεῖ
661 2682 835 2731 τοῦνομα
874 2681 1066 2735 ἐμμέτρως
1096 2684 1271 2721 κεῖσθαι.
1321 2683 1571 2722 scribendum
1601 2684 1733 2733 potius

180 2739 230 2778 ἐν
258 2738 406 2793 μέσῳ,
437 2742 470 2778 i
486 2753 518 2779 e
549 2742 702 2789 ubique.
764 2743 799 2779 6.
833 2737 921 2790 ἔχον
951 2740 1061 2779 Grot.
1078 2740 1264 2788 Excerpt.
1283 2736 1382 2790 573]
1416 2736 1552 2788 ἔχοντα
1582 2740 1630 2777 A.
1694 2742 1731 2779 7.

178 2792 397 2835 ἆνακυλῐόν
426 2793 459 2834 τ’
483 2793 622 2842 οὐσίας
652 2795 833 2847 Person]
874 2792 1092 2834 ἆνακυλιον
1121 2807 1277 2841 τουσιας
1307 2797 1356 2833 A.
1415 2793 1730 2844 χιλιοταλάντους

179 2848 213 2890 τ’
237 2848 506 2891 ανακυλίνδον
528 2853 748 2903 Herwerd.‚
780 2855 932 2892 remota
961 2853 1088 2892 forma
1118 2850 1254 2902 κνλίω,
1285 2852 1332 2890 de
1362 2863 1439 2900 qua
1469 2850 1606 2892 Cobet.
1622 2851 1670 2889 V.
1684 2849 1731 2890 1.²
