1864 3204
560 188 864 224 xAun‘rMszN
887 207 933 214 —
956 189 1230 224 ΚΕΡΚῼΠΕΣ
1591 187 1670 233 181

854 324 911 366 49

200 400 316 446 ἀλλὰ
345 400 625 460 παραλαβών
654 400 836 460 α’κράτῳ
866 406 1005 458 κροῦε
1035 403 1111 446 καὶ
1141 403 1273 447 δίδου
1304 404 1480 455 πυκνάς
1530 461 1533 464 ¹

201 469 277 514 καὶ
304 471 472 527 βότρυς
501 469 692 525 τρώγειν
721 468 936 526 ἀνάγκαζ’
958 466 1099 513 αὐτὸν
1131 470 1176 523 ἐξ
1207 475 1340 515 οἴνου
1371 473 1580 528 συχνούς.

220 565 451 606 Athenaeus
483 566 556 616 14,
577 565 692 605 6530
722 563 856 604 οἴδασι
886 561 928 603 δὲ
958 564 1000 604 οῖ
1023 563 1101 612 πρὸ
1130 579 1246 616 ημων
1275 563 1341 604 καὶ
1373 564 1464 614 τοὺς
1495 563 1540 605 ἕν
1569 565 1667 621 οἴνῳ

104 619 418 673 συντιθεμένους
438 617 594 674 βότρυς.
637 619 848 673 Εὔβουλος
867 626 969 673 γοῦν
989 619 1034 660 έν
1055 619 1400 676 Κατακολλωμένῳ
1429 623 1557 673 φησίν
1585 626 1665 663 κτλ.

104 678 156 719 cf.
190 679 285 719 138.
337 679 524 730 Amphid.
559 679 623 719 18.
673 679 803 718 Plaut.
835 678 967 718 Oasin.
991 680 1028 727 3,
1053 681 1091 730 5,
1116 680 1168 718 16
1198 691 1239 719 se
1260 683 1454 729 percussit
1481 682 1667 729 florem-

104 735 196 775 beri.
247 735 364 776 Ovid.
396 736 507 775 Rem.
540 749 617 775 am.
650 737 730 775 145
759 737 880 775 multo
909 739 1082 785 tempora
1110 748 1256 786 quassa
1283 749 1400 777 mero.
1453 738 1602 777 Athen.
1626 739 1664 786 4,

106 793 222 832 168b
251 790 516 858 διασειόμενοι
545 790 637 840 τοὺς
666 789 892 844 κροτάφους
922 789 1003 831 ὑπὸ
1032 797 1104 832 τοῦ
1132 789 1308 853 ἀκράτου
1338 790 1512 848 (Μθίιιη)
1586 806 1664 832 πυ-

103 843 223 900 κνάς,
252 850 280 889 i.
301 863 334 892 e.
365 847 515 896 πόσεις.

856 914 914 957 50

214 997 444 1038 Athenaeus
467 999 531 1048 10,
545 998 659 1037 442e
690 995 916 1048 Μιλησίους
945 992 986 1035 δ’
1011 994 1223 1049 Εὔβουλος
1255 995 1299 1036 ἕν
1319 995 1666 1052 Κατακολλωμένῳ

99 1047 287 1106 ὖβριστας
319 1048 424 1093 εἷναί
451 1066 548 1105 φησι
577 1052 875 1105 μεθυσθέντας.

370 1223 613 1276 διατοιχεῖν
643 1222 735 1264 ἔδει
851 1165 904 1207 51

210 1301 299 1344 ἀντὶ
330 1309 399 1343 τοῦ
420 1299 658 1355 άνατοιχεῐν.
691 1301 899 1356 Εὔβουλος
928 1301 1288 1358 Κατακολλωμένῳ.
1322 1305 1489 1344 Bekker.
1511 1305 1662 1344 Anecd.

99 1363 166 1412 89,
189 1363 255 1402 20.
358 1362 443 1402 o.od
475 1360 680 1412 διατυχεῑν
709 1364 752 1400 et
780 1360 1120 1414 κατακολλωναίῳ.
1216 1358 1291 1399 ἔδει
1323 1362 1413 1401 add.
1444 1362 1497 1401 Η.
1528 1362 1663 1401 Iacobi

99 1419 218 1459 Mein.
247 1419 309 1458 ed.
340 1419 436 1458 min.
472 1431 544 1459 xvl
585 1431 633 1458 ex
661 1418 842 1469 Polluce,
875 1418 944 1469 qui
978 1400 1114 1467 1,11¹4
1147 1419 1195 1458 de
1220 1432 1262 1458 re
1292 1419 1426 1458 navali
1456 1419 1663 1469 disputans

97 1473 199 1528 ἐρεῖς
229 1472 274 1514 δὲ
302 1473 369 1515 καὶ
399 1474 635 1526 ’διατοιχεῖν
665 1472 768 1513 ε’δει’
779 1487 788 1497 ·
818 1472 861 1514 τὸ
892 1472 968 1527 γὰρ
997 1469 1226 1526 άναιοιχεΐν
1256 1472 1471 1517 ἰδιωτικόν.
1510 1476 1661 1526 Phryn.

96 1533 202 1583 App.
217 1533 270 1572 34
300 1531 514 1583 διατοιχειν
542 1529 586 1570 τὸ
617 1531 673 1579 εἰς
703 1529 773 1571 τὸν
802 1529 937 1581 ἕτερον
965 1534 1099 1583 τοῖχον
1129 1536 1199 1583 τῆς
1231 1527 1330 1579 νεώς
1361 1531 1588 1581 διαβαίνειν
1618 1530 1663 1570 ἐν

96 1593 150 1644 τῷ
178 1587 300 1643 πλοίῳ
331 1585 435 1643 (πλῷ
464 1588 676 1640 Lobeck.),
716 1586 814 1639 όπερ
854 1588 895 1628 οἰ
928 1587 1082 1628 ἰδιῶται
1118 1584 1357 1639 άντιτοιχεῖν
1389 1585 1517 1639 (άνατ.
1529 1589 1566 1640 ‘?)
1599 1588 1660 1627 λέ-

94 1655 249 1697 γουσιν.
301 1646 471 1686 Lobeok.
501 1645 650 1697 Phryn.
687 1648 779 1685 161.
803 1647 842 1685 2.

845 1755 903 1798 52

367 1836 651 1889 τροποῦσθαι
683 1835 842 1890 κώπην

208 1927 419 1982 Εὔβουλος
461 1925 819 1980 Κατακολλωμένῳ.
869 1929 1037 1968 Bekker.
1068 1928 1220 1968 Anecd.
1256 1929 1354 1979 114,
1378 1930 1443 1970 25
1537 1942 1657 1967 κατα-

94 1984 353 2036 κολλωμένοις
383 1986 468 2026 eod.
501 2007 555 2014 --
584 1985 757 2037 Hesych.
788 1983 1092 2037 τροπώσασθαι·
1124 1982 1167 2023 τὸ
1198 1982 1269 2036 τὴν
1300 1983 1440 2036 κώπην
1470 1983 1567 2037 πρὸς
1590 1984 1659 2024 τὸν

97 2041 276 2093 σκαλμὸν
305 2042 426 2094 δῆσαι
455 2046 508 2095 τῷ
537 2047 770 2094 τροπωτῆρι.
835 2042 951 2082 Phot.
985 2042 1098 2082 Suid.
1128 2047 1394 2106 τροπωτῆρες·
1433 2042 1474 2080 οἱ
1499 2041 1658 2094 ἱμάντες

92 2099 134 2139 οἱ
160 2097 204 2139 ἐν
233 2102 312 2146 τοῖς
341 2098 505 2149 πλοίοις,
536 2096 581 2138 ἐν
609 2094 670 2146 οἷς
700 2098 747 2138 αἱ
771 2103 903 2138 κῶπαι
933 2097 1024 2146 περὶ
1054 2096 1147 2146 τοὺς
1177 2094 1383 2169 σκαλμούς
1395 2097 1654 2152 περιδέονται.

96 2157 342 2207 Ρο]1.1,87
373 2153 475 2196 ὅθεν
504 2152 579 2206 μὲν
606 2155 654 2194 αἱ
679 2160 812 2195 κῶπαι
843 2152 1082 2206 ἕκδέδενται,
1113 2154 1302 2207 σκαλμός,
1335 2172 1366 2211 ῳ
1401 2154 1445 2195 δὲ
1475 2154 1655 2195 ἐκδέδεν-

95 2227 178 2264 ται,
210 2211 434 2265 τροπωτήρ,
464 2227 532 2252 και
562 2210 845 2264 τροπώσασθαι
874 2209 947 2263 τὴν
978 2217 1094 2251 ναῦν.

736 2369 1010 2403 ΚΕΡΚΩΠΕΣ

93 2509 114 2548 I
144 2452 272 2549 23331'.
312 2464 412 2502 quae
448 2451 499 2491 ad
535 2451 811 2502 cognominem
849 2451 1058 2501 Hermippi
1096 2451 1338 2491 comoediam
1376 2451 1656 2491 adnotavimus

841 2559 897 2603 53

297 2637 407 2694 μετὰ
436 2641 575 2681 ταῦτα
607 2639 760 2694 Θήβας
787 2630 951 2694 ἦλθον,
983 2632 1039 2681 οὗ
1069 2640 1153 2694 τήν
1182 2637 1320 2694 νύχθ’
1343 2637 1455 2694 ὅλην

300 2703 385 2762 τήν
413 2706 464 2748 θ’
486 2704 660 2761 ἡμέραν
690 2706 925 2749 δειπνοῦσι
956 2707 1031 2749 καὶ
1062 2705 1262 2761 κοπρῶν’
1286 2708 1375 2760 ἔχει

300 2774 374 2818 ἐπὶ
402 2780 500 2824 ταῖς
527 2773 696 2828 θύραις
724 2773 932 2828 ἕκαστος,
964 2767 1021 2817 οὗ
1051 2774 1211 2830 πλήρει
1241 2776 1390 2830 βροτῷ

300 2838 384 2886 οὐκ
415 2843 508 2884 ἔστι
537 2843 686 2898 μεῖζον
715 2838 912 2896 ἀγαθόν·
947 2840 1007 2893 ὥς
1037 2843 1248 2897 χεζητιῶν
