1864 3204
319 168 402 210 322
966 167 1217 206 ΑΛΕΞΙΔΟΣ

589 336 693 388 τοὺς
722 340 1002 392 Χαιρεφίλου
1033 335 1073 379 δ’
1097 337 1211 386 υἱεῖς
1237 336 1521 392 Ἀθηναίους,
1553 336 1618 379 ὅτι

591 402 826 460 εἰσήγαγεν
855 407 1045 459 τάριχος.
1093 403 1193 460 [οὕς
1222 403 1296 446 καὶ
1334 408 1552 460 Τιμοκλῆς

590 471 700 514 ἰδών
731 472 802 515 ε’πί
832 475 923 515 τῶν
952 472 1102 514 ἵππων
1133 471 1216 514 δύο
1247 472 1504 527 σκόμβρους
1533 473 1618 528 ἔφη

591 538 642 582 ἐν
671 547 763 589 τοῖς
793 539 1002 594 σατύροις
1032 536 1180 596 εἶναι]

433 623 660 662 Athenaeus
692 624 842 670 3,119
861 623 879 660 f
913 619 1110 672 τοσαύτην
1145 618 1182 660 δ’
1213 617 1422 672 Ἀθηναῖοι
1451 620 1633 673 σπουδὴν
1661 619 1864 663 ἐποιοῦντο

318 693 407 732 περι
447 677 489 718 τὸ
528 678 697 731 τάριχος,
738 674 792 725 ὧς
829 677 896 716 καὶ
924 677 1084 724 πολίτας
1118 675 1353 731 ἀναγράψαι
1390 674 1480 724 τούς
1516 678 1761 731 Χαιρεφίλου
1797 685 1864 720 τοῦ

319 731 585 802 ταριχοπώλου
615 733 745 785 υἱούς,
776 732 830 781 ω’ς
861 745 986 785 φησιν
1008 732 1156 783 ’Ἀλεξις
1186 733 1230 774 ἐν
1254 732 1493 788 Ἐπιδαυρίῳ
1523 733 1648 782 οὕτως
1676 738 1759 776 κτλ.
1826 737 1864 776 2.

318 789 498 845 εἰσήγαγε
527 792 577 831 Α.
609 787 819 843 εἰσήγαγον
848 791 896 831 G.
926 793 975 830 A.
1007 787 1207 842 Hirsohig.
1237 792 1340 831 Ann.
1370 793 1459 831 crit.
1494 795 1558 832 10.
1607 793 1728 832 verba
1755 806 1864 834 unclfl

316 851 469 889 inclusa
497 852 543 888 ut
572 849 778 896 Athenaei,
810 861 887 887 non
919 850 1058 898 poetae
1088 849 1337 899 Hirsohigius
1367 851 1473 888 reete
1504 849 1553 888 ab
1573 848 1752 889 Alexidis
1779 863 1864 891 ver-

317 907 424 945 sibus
462 906 680 955 separavit,
721 905 938 954 scribitque
976 902 1047 951 ους
1078 902 1145 942 καὶ
1179 907 1373 955 Τιμοκλῆς
1404 903 1502 943 ἰδών
1532 903 1595 944 ἐπὶ
1624 910 1704 944 τῶν
1732 904 1864 945 ἵππων

317 961 361 1001 ἐν
392 965 472 1009 τοῖς
504 961 700 1013 Σατύροις
731 959 807 1010 ε’φη
837 958 911 999 δύο
942 960 1162 1013 σκόμβρους
1193 956 1308 1000 εἶναι.
1341 963 1390 1000 cf.
1414 962 1576 1001 Timocl.
1598 963 1661 1010 17,
1678 964 1717 1001 3.
1749 964 1815 1014 21,
1827 965 1864 1005 5.

428 1019 613 1058 Dinarch.
647 1020 691 1067 1,
714 1019 767 1056 43
798 1020 940 1068 προῖκα
970 1022 1111 1056 τοῦτον
1141 1015 1512 1086 (Δημοσθένην)
1548 1016 1685 1057 οιέσθε
1714 1017 1864 1070 γράψαι

315 1068 357 1114 τὸ
395 1080 559 1126 ποιῆσαι
596 1049 756 1121 πολίτας
794 1070 899 1125 υμᾶς
931 1072 1241 1126 Χαιρέφιλον
1277 1071 1344 1113 καὶ
1374 1073 1603 1113 Φείδωνα
1632 1073 1698 1114 καὶ
1727 1072 1864 1127 Παμ-

315 1135 464 1181 φιλον
501 1130 567 1170 καὶ
597 1130 879 1170 Φείδιππον
917 1127 1039 1184 (filios
1082 1127 1369 1185 Chaerephili);
1416 1132 1467 1171 of.
1499 1133 1538 1170 6.
1572 1132 1666 1171 218.
1715 1132 1863 1183 Bergk

313 1189 440 1239 Epist.
472 1189 651 1227 Sohiller.
686 1189 764 1227 155
782 1201 839 1238 sq.
893 1187 1087 1226 Sohaefei.
1118 1188 1324 1227 Demosth.
1356 1187 1417 1226 III
1449 1189 1531 1227 270
1567 1201 1653 1227 cum
1690 1188 1780 1228 adn.
1810 1210 1864 1217 -—

314 1259 352 1284 v.
387 1248 407 1283 1
449 1258 520 1295 pro
562 1241 597 1281 δ’
628 1243 727 1291 υἱεῖς
765 1244 987 1284 Meinekius
1017 1247 1160 1283 ποιεῖν.
1219 1245 1471 1284 scribendum
1502 1245 1659 1283 videtur
1687 1241 1863 1284 ποιεῖτ’

314 1305 383 1340 aut
413 1302 518 1352 quod
548 1302 791 1351 probabilius
829 1303 890 1340 est
918 1303 1078 1347 ποιεῖς
1105 1297 1360 1351 Ἀθηναίους.
1417 1301 1568 1340 seilicet
1606 1302 1864 1352 compellatur

311 1359 613 1408 Demosthenes,
644 1371 762 1407 quem
792 1360 927 1396 tamen
956 1371 1036 1396 non
1066 1370 1224 1397 necesse
1254 1360 1315 1397 est
1343 1358 1385 1396 in
1414 1370 1555 1397 scaena
1583 1357 1769 1398 adfuisse.

945 1480 1240 1513 ΕΠῙΚΛΗΡΟΣ

426 1551 487 1590 Of.
520 1564 619 1601 quae
648 1550 891 1589 adnotantur
921 1550 971 1588 ad
1002 1550 1242 1600 Antiphanis
1269 1545 1517 1600 Ἐπίκληρον.

541 1715 678 1766 ὅστις
708 1714 912 1771 ἀγοράζει
942 1714 1115 1771 πτωχὸς
1144 1715 1210 1759 (ἦν
1240 1714 1356 1768 ὄψον
1385 1715 1526 1771 πολύ,

557 1783 865 1840 ἀπορούμενός
893 1799 941 1826 τε
971 1781 1108 1826 τᾶλλα
1138 1782 1250 1838 πρὸς
1279 1782 1402 1826 τοῦτ’
1425 1782 1628 1839 εὐπορεῖ,

556 1855 634 1907 τῆς
663 1850 826 1902 νυκτὸς
856 1845 988 1902 οὗτος
1017 1850 1123 1902 τοὺς
1153 1850 1444 1901 ἀπαντῶντας
1475 1858 1596 1893 ποιεῖ

555 1916 757 1974 γυμνοὺς
786 1918 999 1970 ἅπαντας.
1052 1915 1128 1962 εἶτ’
1153 1919 1268 1962 ἐπάν
1296 1935 1363 1969 τις
1393 1919 1591 1973 ἐκδυθῇ,

514 1998 533 2028 5
555 1995 709 2042 τηρεῖν
739 1986 884 2029 ἕωθεν
915 1985 1055 2036 εὐθὺς
1085 1986 1136 2029 ἐν
1165 1993 1257 2036 τοῖς
1287 1986 1493 2042 ἰχθύσιν·

557 2054 611 2096 ὂν
640 2051 698 2096 ἄν
729 2052 771 2096 δ’
796 2054 870 2110 ἴδῃ
901 2057 1082 2109 πρῶτον
1111 2053 1280 2109 πένητα
1310 2054 1384 2097 καὶ
1413 2053 1520 2096 νέον

557 2120 678 2204 παρα
712 2123 945 2172 Μικίωνος
976 2121 1170 2177 ἐγχέλεις
1199 2119 1475 2176 ὠνούμενον,
1545 2162 1556 2166 -

555 2188 746 2245 ἀπαγειν
776 2187 1027 2244 λαβόμενον
1060 2191 1120 2240 εἰς
1150 2188 1199 2231 τὸ
1231 2188 1552 2245 δεσμωτήριον.

423 2273 650 2312 Athenaeus
683 2275 728 2323 6,
751 2273 831 2311 227
850 2272 875 2310 d
913 2269 1010 2324 πρὸς
1041 2269 1085 2310 δὲ
1114 2269 1204 2318 τούς
1234 2270 1448 2324 περιέργως
1478 2266 1737 2320 ὀψωνονντας
1766 2269 1860 2310 τάδε

308 2327 433 2380 φησὶν
454 2327 606 2377 ’Ἀλεξις
637 2327 681 2367 ἐν
696 2324 917 2381 Ἐπικλήρῳ
947 2330 1027 2367 κτλ.
1065 2329 1170 2367 idem
1193 2331 1230 2379 6,
1249 2329 1366 2368 2271>
1387 2326 1539 2376 ’Ἀλεξις
1570 2326 1612 2366 ἐν
1637 2322 1861 2389 Επικλήρῳ

312 2385 522 2432 Μικίωνος
572 2383 898 2436 ἰχθυοπώλου
941 2382 1046 2431 τινὸς
1090 2382 1340 2435 μνημονεύει.
1448 2386 1486 2423 3.
1532 2387 1626 2423 ποεῖ
1661 2385 1710 2424 A.
1816 2386 1856 2423 4.

308 2440 489 2489 ἅπαντας
520 2445 747 2492 suspectum
778 2442 976 2481 Meinekio
1006 2443 1123 2480 Anal.
1155 2442 1250 2480 Ath.
1283 2443 1349 2480 98.
1456 2435 1551 2493 εἶτ’]
1583 2440 1651 2479 δεῖ
1669 2438 1705 2479 τ’
1736 2441 1856 2480 Mein.

310 2499 374 2538 δεῖ
399 2495 437 2537 δ’
474 2498 520 2538 G.
542 2499 591 2538 A.
613 2499 813 2549 Hirschig.
837 2498 942 2538 Ann.
965 2499 1050 2538 crit.
1077 2501 1143 2537 11.
1193 2498 1444 2537 scribendum
1473 2498 1633 2536 videtur
1661 2495 1855 2549 γυμνούς·

307 2554 476 2594 ἅπαντα
507 2554 589 2594 δεῖ
612 2551 668 2605 δ’,
700 2552 772 2593 ἐάν
800 2556 882 2593 κτλ.
979 2556 1016 2594 5.
1050 2557 1162 2607 τηρεῖ
1186 2554 1228 2595 C.
1325 2556 1362 2595 6.
1390 2551 1446 2592 ἂν
1476 2550 1514 2591 δ’
1548 2552 1705 2606 Dindf.]
1737 2550 1775 2592 δ’
1798 2550 1854 2592 «ἲν

308 2612 355 2651 Α.
417 2613 456 2651 8.
487 2609 630 2663 ἀπάγει
660 2610 703 2650 C.
725 2633 779 2639 ·—
799 2611 849 2652 of.
870 2613 962 2651 107.

450 2741 550 2784 ἀλλ’
575 2741 721 2798 ἔγωγ’,
753 2735 788 2785 ὦ
819 2750 920 2798 παῖ,
951 2744 1136 2798 δίδωμι,
1167 2743 1242 2786 καὶ
1271 2742 1443 2797 ποιήσω
1474 2739 1615 2784 πάνθ’
1640 2741 1723 2784 ὅσα

449 2804 579 2860 οὗτος
608 2812 791 2853 αἰτεῖται
821 2809 926 2866 παρ’
949 2808 1087 2866 ἡμῶν.
