1806 3216
188 211 273 254 564
866 205 1079 240 ΔΙΦΙΛΟΤ

943 306 998 348 68

462 390 612 443 δῶρον
643 385 685 428 δ’
720 385 892 442 ἐμαυτῇ
921 385 1044 440 παρὰ
1074 387 1199 426 θεῶν
1230 381 1453 439 εὑρημένη

303 483 540 521 Ammonius
579 481 716 520 Differ.
749 481 858 519 verb.
891 481 942 519 61
984 471 1175 530 εὑρέσθαι
1211 476 1333 518 οἱονεὶ
1368 473 1412 516 τὸ
1450 474 1750 531 ἕκπορίσασθαι.

193 539 358 587 Δίφιλος
391 537 435 577 ἕν
465 534 622 591 Πύρρα.
711 533 907 589 εὑρημένη
938 533 1132 588 Scaliger]
1163 531 1396 587 εὑρημένον.

883 647 1058 681 ΣΑΠΦΩ

304 732 364 770 Cf.
398 731 565 770 Meinek.
596 731 615 768 I
646 730 741 768 447.
792 742 837 768 eo
867 729 1027 768 nomine
1056 728 1175 766 multi
1206 728 1426 767 comoedias
1456 728 1714 778 scripserunt.

945 828 1000 870 69

453 907 696 967 Ἀρχίλοχε,
730 907 851 958 δέξαι
881 907 1017 962 τήνδε
1046 904 1129 960 τήν
1158 906 1482 961 μετανιπτρίδα

464 975 632 1031 μεστὴν
661 974 772 1025 Διὸς
801 977 1023 1030 σωτῆρος,
1056 972 1233 1028 ἀγαθοῦ
1265 975 1491 1028 δαίμονος.

303 1071 532 1110 Athenaeus
565 1072 614 1108 11
628 1098 640 1120 ,
672 1071 786 1109 487a
821 1065 1099 1120 μετάνιπτρον·
1144 1064 1170 1118 ἡ
1210 1065 1305 1117 μετὰ
1345 1065 1388 1106 τὸ
1427 1066 1610 1117 δεῖπνον,
1649 1062 1756 1114 ἐπὴν

190 1124 484 1178 ἀπονίψωνται,
501 1124 687 1178 διδομένη
700 1123 830 1174 κύλιξ.
849 1157 858 1166 .
878 1157 887 1165 .
900 1124 1067 1174 Δίφιλος
1079 1126 1251 1174 Σαπφοῖ
1259 1126 1339 1166 κτλ.
1362 1125 1411 1164 cf.
1423 1124 1641 1174 Antiphan.
1659 1123 1753 1162 137.

948 1225 1002 1267 70

306 1310 535 1348 Athenaeus
554 1311 618 1359 13,
636 1309 716 1347 599
729 1309 754 1346 d
774 1305 839 1346 καὶ
868 1304 943 1359 γὰρ
969 1306 1134 1357 Δίφιλος
1164 1303 1184 1344 ὁ
1214 1302 1510 1375 κωμῳδιοποιὸς
1539 1303 1755 1355 πεποίηκεν

194 1364 238 1405 ἐν
262 1369 429 1416 Σαπφοῖ
444 1364 614 1418 δράματι
635 1367 835 1415 Σαπφοῦς
857 1361 1019 1416 ἐραστὰς
1037 1360 1110 1416 Ἀρ
1119 1378 1141 1414 χ
1154 1377 1167 1401 ι
1160 1362 1197 1402 ’λ
1208 1377 1229 1401 ο
1239 1377 1260 1413 χ
1270 1376 1291 1401 ο
1301 1378 1326 1402 ν
1345 1361 1410 1401 καὶ
1425 1359 1534 1400 Ἱππ
1544 1376 1575 1400 ω
1586 1376 1610 1400 ν
1619 1375 1644 1399 α
1654 1375 1677 1399 κ
1686 1375 1753 1401 τα.

835 1477 1112 1514 ΣΙΚΕΛΙΚΟΣ

307 1560 546 1598 Philemonis
584 1572 728 1598 nomen
765 1558 870 1609 apud
897 1558 1102 1596 Pollucem
1133 1554 1201 1608 (fr.
1234 1552 1306 1608 71)
1336 1568 1407 1606 pro
1437 1555 1600 1605 Diphilo
1635 1555 1751 1594 resti-

194 1617 386 1656 tuendum
417 1617 640 1666 suspicatur
670 1615 884 1655 Meinek.1
913 1615 1010 1655 456.
1058 1615 1228 1653 fortasse
1258 1613 1442 1662 Diphilus
1472 1612 1752 1651 Philemoneae

197 1668 416 1722 διασκευὴν
446 1674 615 1723 scripsit.

948 1725 997 1767 71

467 1799 565 1848 οἷον
595 1803 832 1860 ἀγοράζειν
861 1803 1030 1858 πάντα,
1060 1802 1173 1858 μηδὲ
1203 1802 1253 1845 ἓν
1282 1801 1325 1844 δ’
1358 1803 1491 1857 ἔχειν,

467 1874 508 1916 εἰ
535 1870 592 1929 μὴ
625 1875 858 1922 κικίννους
887 1869 1038 1922 ἀξίους
1068 1872 1243 1926 λίτραιν
1273 1871 1417 1912 δυοῖν.

307 1969 450 2008 Pollux
470 1970 507 2018 9,
530 1969 582 2006 81
614 1972 693 2006 τῶν
722 1964 925 2020 κωμῳδων
954 1979 1057 2012 τινες
1087 1969 1156 2016 τῆς
1185 1963 1317 2016 λίτρας
1346 1961 1689 2014 μνημονεύουσιν.

198 2022 245 2064 οὐ
275 2039 349 2077 γαρ
380 2025 420 2063 οἵ
449 2027 614 2076 Δωριεῖς
644 2023 769 2075 μόνον
798 2021 896 2061 ἀλλὰ
926 2037 994 2061 και
1023 2027 1103 2060 τῶν
1129 2019 1317 2059 Ἀττικων
1346 2034 1464 2071 τινες,
1495 2017 1550 2066 ὥς
1582 2018 1750 2070 Δίφιλος

195 2080 238 2121 ἐν
259 2084 454 2135 Σικελικῷ
475 2084 555 2120 κτλ.
602 2082 766 2120 Photius
793 2080 903 2129 λίτρα
932 2093 989 2128 ην
1016 2076 1090 2129 μὲν
1118 2076 1184 2116 και
1211 2075 1383 2128 νόμισμα
1413 2091 1463 2125 τι,
1493 2073 1547 2123 ὦς
1570 2075 1750 2126 Δίφιλος.

195 2140 296 2178 Poll.
319 2141 356 2189 9,
369 2140 423 2178 80
453 2137 659 2176 δύνασθαι
689 2134 733 2176 δὲ
754 2135 828 2187 τὴν
847 2136 983 2187 λίτραν
1002 2132 1383 2186 ὀβολὸνΛίγιναῐον.
1415 2128 1501 2171 οἷον
1530 2133 1754 2184 significare

198 2197 359 2236 videtur
380 2197 518 2234 veluti:
539 2208 630 2233 nam
646 2195 792 2234 indicia
806 2191 1140 2256 πτωχαλαζονείας
1163 2188 1333 2231 describi
1353 2192 1662 2230 consentaneum
1681 2191 1754 2229 est.

195 2254 366 2292 cincinni
396 2265 512 2301 quam
542 2252 675 2301 inepte
697 2253 1058 2290 commemorentur
1078 2250 1143 2288 vix
1165 2251 1224 2288 est
1255 2248 1360 2298 quod
1393 2260 1588 2295 moneam,
1619 2259 1753 2297 quam-

195 2323 313 2359 quam
354 2309 536 2347 Kuhnius
581 2309 628 2346 de
676 2309 792 2347 comis
828 2309 963 2357 emptis
1001 2302 1064 2359 (in
1105 2306 1190 2354 foro
1228 2300 1399 2358 scilicet)
1438 2304 1608 2343 conferri
1642 2303 1755 2341 iubet

196 2367 457 2415 Martial.1,2
481 2366 547 2415 23,
578 2367 624 2403 ut
653 2368 803 2404 taceam
835 2365 883 2402 do
913 2363 1229 2402 Hemsterhusio.
1282 2361 1473 2399 nimirum
1503 2359 1753 2399 scribendum

196 2426 256 2462 est
284 2422 321 2461 εἰ
347 2437 400 2487 μη
430 2420 736 2470 κορακίνους
766 2423 846 2462 κτλ.
892 2421 942 2459 de
972 2420 1169 2459 sententia
1198 2418 1248 2457 cf.
1280 2417 1445 2458 Timocl.
1480 2418 1543 2464 11,
1576 2417 1600 2455 5
1622 2429 1682 2466 sq.
1713 2417 1755 2455 et

197 2480 244 2519 de
273 2480 480 2529 coracinis,
512 2479 687 2528 piscibus
718 2477 1080 2528 contemptissimis,
1114 2476 1294 2514 Pherecr.
1318 2475 1384 2513 56.
1415 2473 1603 2524 Amphid.
1627 2473 1693 2511 22.

732 2626 737 2628 ,
819 2587 1132 2623 ΣΤΡΑΤΙΩΤΗΣ

310 2638 368 2677 Cf.
401 2636 687 2690 Αἵρησιτείχης.

700 2733 1258 2770 ΣΤΝΑΠΟΘΝΗΙΣΚΟΝΤΕΣ

311 2820 466 2858 Terent.
496 2818 664 2868 Adelph.
695 2818 796 2867 prol.
830 2819 932 2867 6sq.
965 2816 1478 2866 Synapothnescontes
1509 2812 1662 2861 Diphili
1691 2822 1751 2851 co-

196 2878 394 2916 moediast.
423 2874 429 2928 Ι
453 2888 539 2915 eam
570 2875 942 2914 Commorientis
970 2874 1139 2912 Plautus
1174 2872 1263 2919 fecit
1290 2871 1482 2918 fabulam.
1509 2865 1515 2923 Ι
1540 2871 1586 2908 in
1609 2879 1753 2918 yraeca
