1806 3216
0 0 32 245 Ι
352 222 743 260 ΤΠΟΒΟΛῙΜΔΙΟΣ
767 241 810 250 -
835 222 1042 258 ΑΔΗΔΩΝ
1068 222 1335 258 ΔΡΑΜΑΊῺΝ
1546 219 1631 264 503

11 323 43 377 ζ’·
325 328 491 381 πεινῆν
519 324 726 368 διδάσκει
755 322 832 368 καὶ
860 322 1066 380 μαθητὰς
1095 322 1328 379 λαμβάνει.

0 395 22 415 ζ·“
326 387 390 445 εἷς
419 390 578 449 ἄρτος,
610 390 729 444 ὄψον
759 390 908 448 ἰσχάς,
941 390 1138 436 ἐπιπιεῖν
1167 389 1306 447 ὕδωρ.

178 477 296 529 Diog.
319 476 565 524 hart-734
598 473 793 526 Φιλήμων
821 472 948 525 φησὶν
976 471 1104 522 οὕτως
1135 472 1180 514 ἐν
1199 468 1369 526 δράματι
1390 471 1631 524 Φιλοσόφοις

28 547 31 551 ·
64 537 147 577 κτλ.
196 534 382 575 Clemens
411 533 526 573 Alex.
560 533 704 574 Strom.
733 534 780 583 2,
803 533 870 583 20,
893 533 971 570 121
1005 527 1205 581 Ζήνωνι
1234 535 1294 586 τῷ
1324 532 1529 585 Στωικῷ
1559 528 1633 582 τὴν

13 603 27 606 ‘⁴
65 589 328 649 διᾷασκαλίαν
355 594 599 643 μαρτυροῦσι
627 587 756 628 καίτοι
784 587 1041 636 διασύροντες
1072 588 1113 628 οἱ
1138 586 1304 638 κωμικοὶ
1331 581 1410 627 οἶδε’
1436 601 1520 634 ,πως
1548 589 1631 627 κτλ.

25 657 31 663 ”
65 649 209 690 Suidas
246 645 423 699 Ζήνων
454 643 653 687 Μνασέου
672 676 682 687 .
700 677 710 687 .
729 677 739 686 .
759 638 876 694 οὗτος
913 643 989 698 γὰρ
1019 642 1151 697 ἄκραν
1179 639 1257 696 εἶχε
1289 643 1445 684 δίαιταν
1474 642 1544 683 καὶ
1573 646 1630 683 λι-

66 703 155 759 τήν,
185 702 288 745 ὥστε
317 702 385 744 καὶ
415 702 472 751 εἷς
502 702 721 774 παροιμίαν
749 707 925 755 χωρῆσαι
946 699 1162 755 (Ζήνωνος
1192 699 1524 754 ἐγκρατέστερος).
1547 693 1631 751 'qn-

66 761 260 813 λοσοφίαν
296 759 447 814 καινὴν
482 759 559 814 γὰρ
588 773 705 808 ουτος
736 756 981 810 ἐφιλοσόφει.
1087 761 1126 798 1.
1158 757 1308 810 καινὴν
1338 757 1476 810 Diog.]
1508 754 1633 809 κενὴν

67 819 195 862 Glem-
244 820 294 860 cf.
325 818 466 860 cobet.
498 819 549 860 N.
579 819 607 858 l.
640 818 738 858 330.

181 876 243 917 Cf.
275 878 481 928 praeterea
509 876 557 917 fr.
589 877 639 916 91
673 877 714 914 et
746 875 841 914 146.

739 997 953 1032 ΦΤΑΑΚΗ

338 1125 449 1179 βοῦς
478 1121 669 1178 ἕβδομος
728 1127 731 1129 ’
823 1063 878 1106 86

182 1205 247 1247 ἐπὶ
277 1212 357 1247 τῶν
385 1200 489 1258 ἄγαν
517 1198 777 1255 ἀναισθήτων
805 1202 958 1255 εἴρηται
988 1196 1014 1252 ἡ
1043 1201 1236 1252 παροιμία
1256 1233 1265 1242 .
1285 1233 1294 1242 .
1313 1198 1530 1252 ,μέμνηται
1562 1204 1632 1252 τῆς

67 1263 284 1317 παροιμίας
312 1262 503 1315 Φιλήμων
540 1259 585 1302 ἐν
613 1261 796 1316 Φυλακῇ.
856 1261 1053 1301 Zenobiae
1083 1259 1228 1300 Minori
1261 1257 1486 1311 (Melanges
1517 1258 1630 1308 357).

67 1323 116 1363 ef.
146 1322 335 1373 Euthycl.
358 1322 397 1360 2.
427 1320 632 1370 Posidipp.
661 1313 850 1372 Ἀρσινόῃ
881 1317 951 1369 (fr.
985 1315 1040 1371 6).

737 1441 952 1476 ΧΑΡΙΊῈΣ

184 1491 246 1532 Cf.
278 1492 330 1531 fr.
363 1491 458 1530 226.

719 1584 729 1595 ο
785 1543 918 1576 XHPA

823 1610 875 1652 87

182 1685 412 1725 Athenaeus
435 1684 598 1734 11,497
611 1683 661 1722 ef
685 1678 904 1732 σαννάκρα.
936 1678 1115 1732 Κράτης.
1135 1711 1144 1720 .
1164 1675 1346 1729 ,ἔκπωμά
1378 1687 1507 1729 φησιν
1527 1671 1632 1716 εἶναι

69 1741 175 1782 οὕτω
204 1739 464 1792 καλούμενον.
502 1737 582 1779 ἔστι
613 1736 657 1778 δὲ
688 1734 902 1791 Περσικόν.
940 1735 1131 1789 Φιλήμων
1160 1732 1197 1775 δ’
1223 1734 1266 1775 ἐν
1288 1732 1405 1789 Χήρᾳ
1435 1734 1637 1784 βατιακῶν

69 1797 265 1852 μνησθεὶς
302 1796 371 1837 καὶ
408 1802 455 1852 τῇ
492 1792 705 1850 γελοιότητι
743 1800 814 1835 τοῦ
852 1790 1042 1846 ὀνόματος
1071 1793 1318 1845 προσπαίξας
1348 1790 1467 1843 φησί·
1510 1801 1633 1829 σαν-

70 1856 249 1908 νάκρα,
281 1851 738 1907 ἱπποτραγέλαφοι,
768 1850 1038 1904 βατιάκια,
1067 1846 1326 1889 σαννάκια.
1372 1849 1493 1887 verba
1522 1861 1632 1898 pror-

72 1927 140 1954 sus
170 1913 349 1963 obseura,
379 1914 426 1951 ut
454 1924 534 1951 non
566 1923 666 1961 opus
696 1911 750 1949 sit
780 1909 985 1949 hominum
1016 1909 1224 1948 doctorum
1246 1906 1455 1957 opiniones
1476 1905 1635 1946 referre.

73 1970 241 2011 offendit
268 1982 349 2009 non
378 1968 507 2008 solum
536 1967 641 2007 idem
671 1967 909 2006 vocabulum
939 1966 1168 2016 repetitum,
1200 1963 1306 2014 quod
1337 1963 1463 2002 vitare
1494 1962 1634 2012 possis,

73 2028 107 2068 si
139 2028 307 2067 alterum
339 2020 536 2064 σαννάκια
567 2024 684 2063 alteri
712 2035 902 2074 personae
922 2034 1012 2062 cum
1033 2020 1345 2071 interrogatione
1365 2019 1534 2067 tribuas,
1565 2018 1635 2057 sed

72 2084 192 2124 etiam
232 2083 339 2135 quod
380 2076 563 2134 βατιάκια
600 2083 693 2131 post
730 2077 959 2131 σαννάκρας
996 2079 1223 2118 inferuntur
1260 2079 1399 2116 contra.
1437 2075 1633 2114 Athenaei

73 2141 198 2192 ipsius
229 2140 345 2180 fidem
376 2135 602 2194 (βατιακῶν
630 2134 860 2190 μνησθείς).

610 2260 818 2294 ΑΔΗΛΩΝ
842 2258 1106 2293 ΔΡΑΜΑΤΩΝ

832 2312 887 2368 88

295 2395 414 2440 πολύ
443 2394 487 2451 γ’
510 2393 603 2439 ἐστὶ
633 2394 818 2438 πάντων
847 2395 961 2449 ζῷον
991 2389 1275 2434 ἀθλιώτατον

297 2463 562 2520 ἅνθρωπος,
594 2466 639 2506 εἴ
662 2477 730 2513 τις
761 2461 951 2513 ἐξετάζοι
981 2455 1094 2502 κατὰ
1122 2458 1316 2513 τρόπον·

297 2532 377 2575 τὸν
406 2530 491 2587 γὰρ
522 2533 626 2587 βίον
657 2530 898 2584 περίεργον
929 2527 993 2578 εἰς
1021 2525 1075 2569 τὰ
1104 2524 1238 2569 πάντ’
1262 2527 1378 2581 ἔχων

297 2598 463 2655 ἀπορεῖ
487 2598 541 2642 τὰ
572 2601 760 2641 πλεῖστα
790 2594 865 2639 διὰ
895 2596 1053 2646 τέλους
1080 2600 1215 2637 πονεῖ
1240 2591 1279 2636 τ’
1306 2591 1388 2637 ἀεί.

248 2680 268 2709 5
299 2666 373 2711 καὶ
403 2674 495 2717 τοῖς
525 2667 609 2721 μὲν
638 2663 792 2715 ἄλλοις
821 2665 960 2706 πᾶσιν
987 2661 1015 2719 ἡ
1046 2666 1104 2718 γῆ
1133 2663 1313 2717 θηρίοις

300 2735 466 2779 ἑκοῦσα
497 2731 680 2788 παρέχει
710 2731 795 2787 τὴν
825 2729 932 2773 καθ’
955 2729 1128 2786 ἡμέραν
1157 2728 1348 2784 τροφήν,

303 2801 416 2859 αὐτὴ
448 2799 694 2856 πορίζουσ’,
726 2797 783 2843 οὐ
812 2801 1016 2854 λαβοῦσα
1084 2831 1093 2840 .
1169 2830 1178 2839 .
1254 2829 1263 2839 .

310 2899 999 2915 .........
1066 2863 1189 2909 πάνυ
1218 2864 1347 2919 μόλις
