1890 3190
290 175 345 216 80
903 167 1221 212 ΑΝΤῙΦΑΝΟΤΣ

404 280 839 330 Harpocrat.134,17
872 283 912 318 et
939 281 1106 319 Photius
1143 276 1258 331 ὀβολ
1269 279 1477 328 οστοὶτας
1515 279 1556 320 δ’
1588 280 1722 334 ἔλεγον
1749 280 1843 331 τοὺς

291 334 522 385 δανειστάς,
567 350 656 381 ως.
703 334 921 382 ,πολλάκις
961 334 1004 374 ἕν
1041 341 1092 389 τῇ
1121 335 1306 390 κωμῳδία
1336 334 1380 391 (ἡ
1410 337 1593 391 κωμῳδία
1623 339 1752 390 Phot„
1791 340 1843 380 cf.

289 392 414 431 Arist.
446 393 550 430 Nub.
586 388 730 445 1155).
861 393 899 431 5.
931 392 1102 443 πονηρία
1132 395 1192 433 est
1221 395 1388 434 avaritia
1418 397 1458 433 et
1486 408 1586 444 quae
1617 409 1663 435 ex
1692 409 1739 435 ea
1767 397 1843 436 ori·

295 452 361 486 tur
391 449 526 498 inopia
555 451 673 498 atque
703 450 862 488 miseria
890 450 1029 489 vietus.

1025 559 1105 602 169

532 635 556 679 6
587 638 806 692 δεσπότης
835 637 886 679 δὲ
915 637 1061 680 πάντα
1091 637 1144 680 τοὶ
1175 637 1296 693 παρὰ
1325 641 1407 681 τοῦ
1437 637 1603 692 πατρὸς

531 703 758 759 ἀπέλαβεν
789 704 940 759 ὥσπερ
971 707 1145 761 ἔλαβεν.
1204 710 1252 749 B.
1286 705 1517 762 ἠγάπησεν
1545 701 1604 748 ἂν

532 771 582 814 τὸ
612 773 730 828 ῥῆμα
761 775 892 815 τοῦτο
923 774 1200 828 παραλαβών
1230 775 1542 829 Δημοσθένης.

402 866 630 905 Athenaeus
662 868 698 914 6,
723 867 804 905 223
820 867 875 904 de
904 861 1144 917 ἀποδίδομέν
1174 877 1236 904 σοι
1265 863 1339 906 τὰ.
1359 866 1581 918 .λείψανα,
1610 866 1678 907 καὶ
1707 864 1755 907 οὐ
1785 867 1844 907 δί

291 922 425 973 δομεν,
456 919 508 968 ὥς
538 919 559 960 ὁ
581 921 820 972 Κοθωκίδης
851 921 948 972 φησὶ
978 921 1106 974 ρ”ήτωρ
1129 921 1331 975 (Aeschin.
1356 925 1394 973 3,
1412 921 1486 991 83)
1508 921 1858 975 Δημοσθένην,Ῡ

293 975 504 1030 χλευάζων,
533 976 576 1024 ὃς
611 977 814 1017 Φιλίππου
841 975 1073 1029 Ἀθηναίοις
1099 976 1340 1030 Ἁλόννησον
1368 978 1551 1026 διδόντος
1581 976 1863 1032 svvsssovjaeve³=

292 1031 675 1130 ιζὲῖιῗῆῖῑῑϊὴῑέ
702 1034 875 1141 3223333
901 1032 1103 1143 ξὲὲῖηϊῑῑ
1123 1031 1422 1131 {33350555’2
1408 1034 1512 1131 (ἑξεῖ
1530 1031 1796 1161 3.33‘⁹⁹⁰²z²²⁹2
1801 1035 1866 1134 ἐς

292 1149 526 1188 Plutarchus
555 1149 763 1200 Demosth.
796 1150 819 1187 9
859 1148 939 1186 τῶν
969 1146 1011 1186 δὲ
1040 1148 1227 1200 κωμικῶν
1256 1145 1276 1187 6
1305 1107 1533 1200 μένρτις..
1561 1180 1570 1189 .
1595 1144 1616 1187 6
1645 1147 1690 1188 δὲ
1717 1163 1845 1203 παρα·
1865 1155 1866 1158 ’

269 1203 487 1272 ,σκώπτων
526 1201 579 1251 ὦς
609 1203 808 1257 χρώμενον
844 1204 896 1258 τῷ
933 1201 1149 1258 ἀντιθέτῳ,
1195 1203 1320 1256 φησὶν
1355 1202 1498 1251 ουτως·
1536 1202 1736 1256 ἀπέλαβεν
1763 1209 1844 1245 κτλ.
1868 1252 1870 1254 v

294 1263 333 1300 2.
366 1258 521 1313 ὥσπερ]
546 1259 694 1312 ὅσαπερ
723 1261 845 1302 Dobr.
871 1244 998 1300 Arist.
1021 1262 1126 1302 Nub.
1150 1263 1256 1301 1382
1288 1265 1327 1301 et
1355 1262 1520 1302 Advers.
1550 1263 1592 1302 II
1622 1264 1716 1303 309.
1804 1263 1844 1302 3.

291 1314 500 1370 ηγοὶπησεν
528 1314 599 1370 ἀν]
629 1314 811 1369 ἠγάπησε
839 1315 913 1369 γὰρ
943 1319 1049 1357 Plut.
1099 1314 1278 1368 ηγοὶπησέ
1305 1315 1347 1369 γ’
1369 1333 1424 1357 αν
1452 1319 1575 1361 Dobr.
1868 1355 1870 1358 ,

405 1374 589 1414 Aeschin.
622 1376 660 1423 3,
683 1375 735 1413 83
770 1370 1013 1424 Ἁλόννησον
1050 1371 1182 1412 ἐδίδου
1213 1371 1468 1428 (Φίλιππος)·
1498 1371 1519 1413 6
1550 1372 1590 1413 6’
1621 1371 1846 1427 ἀπηγόρευε

293 1446 346 1499 μη
376 1429 608 1482 λαμβάνειν,
639 1430 676 1469 εἰ
703 1430 867 1468 δίδωσιν
895 1427 992 1469 ἀλλὰ
1021 1429 1074 1481 μὴ
1105 1428 1336 1488 ἀποδίδωσι,
1366 1429 1453 1483 περὶ
1474 1432 1684 1483 συλλαβῶν
1703 1431 1843 1498 διαφε-

295 1487 473 1538 ρόμενος.
532 1487 710 1551 Argum.
732 1500 786 1526 or.
818 1488 932 1526 Hah:
959 1483 1198 1538 Ἀλόννησος
1227 1502 1280 1538 ην
1308 1485 1382 1538 μὲν
1411 1489 1489 1526 τῶν
1514 1484 1745 1539 Ἀθηναίων
1772 1481 1843 1540 ἆρ-

293 1547 408 1595 χαῖον
436 1549 587 1594 κτῆμα,
615 1558 714 1582 κατα
744 1541 789 1581 δὲ
821 1541 909 1590 τοὺς
940 1543 1142 1582 Φιλίππου
1171 1542 1334 1596 καιροὺς
1364 1540 1444 1582 ὑπὸ
1464 1544 1618 1597 ληστῶν
1637 1543 1861 1595 κατείχετο,4

294 1598 364 1647 οὓς
406 1598 586 1652 ἐκβαλών
622 1596 642 1638 6
675 1599 871 1647 Φίλιππος
908 1594 1119 1638 ἀπαιτοῦσι
1148 1597 1223 1651 μὲν
1252 1603 1333 1647 τοῖς
1360 1596 1591 1650 Ἀθηναίοις
1621 1599 1694 1652 τὴν
1722 1606 1848 1652 νῆσον

293 1653 366 1696 οὐκ
404 1654 649 1695 ἀποδίδωσιν
686 1653 851 1710 (ἑαυτοῦ
886 1657 960 1707 γὰρ
998 1651 1103 1695 εἶναί
1129 1653 1303 1723 φησιν),
1341 1656 1497 1696 αἰτοῦσι
1535 1653 1575 1695 δ’
1598 1653 1868 1722 ὑπισχνεῖταί

294 1711 454 1752 δαίσειν.
499 1714 671 1764 Philipp.
687 1714 817 1762 Epist.
838 1714 889 1752 14
919 1712 960 1751 οἰ
986 1709 1146 1766 ῥήτορες
1172 1711 1389 1765 λαμβάνειν
1417 1710 1491 1764 μὲν
1519 1710 1592 1752 οὐκ
1612 1712 1718 1766 εἴων,
1747 1707 1866 1753 ἄπο-ν

295 1771 434 1822 λαβεῖν
471 1767 515 1808 δὲ
554 1765 856 1838 apvsssovksvov.
916 1767 1159 1822 [Demosth]
1192 1772 1228 1820 7,
1252 1771 1276 1809 5
1315 1767 1413 1816 εξετε
1443 1767 1517 1820 τὴν
1545 1774 1682 1821 νησον,
1725 1768 1779 1809 αν
1806 1783 1846 1808 τε

294 1823 494 1877 λαβητε,’
474 1824 529 1865 οἶν
549 1841 569 1864 τ
575 1822 832 1878 ’ἄπολαβητε.
865 1826 913 1867 cf.
932 1826 1090 1866 Anaxil.
1112 1828 1151 1866 9.
1179 1826 1335 1866 Alexid.
1359 1828 1396 1865 7.
1419 1828 1514 1868 209.
1547 1827 1711 1866 Timocl.
1730 1828 1795 1878 18,
1806 1828 1846 1867 4.

295 1906 352 1912 ——-
381 1883 565 1923 adfirmat
602 1896 738 1923 servus
775 1896 886 1921 erum
924 1895 1038 1922 suum
1072 1883 1328 1922 hereditatem
1358 1896 1382 1922 a
1412 1885 1526 1933 patre
1554 1884 1734 1922 relictam
1762 1890 1867 1935 nonj

296 1943 342 1979 ut
379 1941 526 1979 donum
563 1953 586 1978 a
623 1939 825 1978 tutoribus
863 1940 926 1979 vel
954 1940 1089 1979 neseio
1120 1952 1198 1990 quo
1228 1940 1325 1988 alio,
1364 1940 1432 1978 sed
1461 1941 1506 1978 ut
1536 1940 1712 1978 debitum
1743 1952 1847 1979 aeeo-

298 1998 418 2047 pisse.
467 1997 600 2046 itaque
631 1997 885 2035 scribendum
915 1991 1127 2047 απέλαβεν,
1158 1991 1213 2033 οὐ
1242 1992 1534 2047 παρέλαβεν.

1028 2128 1108 2170 170

406 2212 635 2251 Athenaeus
668 2212 732 2261 13,
755 2212 868 2250 5862.
903 2206 1141 2260 μνημονεύει
1177 2207 1222 2247 δὲ
1252 2206 1482 2263 (Σινώπης)
1510 2205 1749 2260 Ἀντιφάνης
1770 2240 1779 2250 .
1798 2240 1808 2249 .
1825 2240 1835 2250 .

299 2267 342 2308 ἐν
372 2267 570 2307 Νεοττίδι.
631 2268 682 2307 cf.
715 2269 781 2308 22.
814 2268 878 2315 26,
898 2268 962 2306 12.
993 2267 1061 2305 41.

961 2411 1179 2445 ΟΒΡῙΜΟΣ

409 2494 564 2533 Nomen
595 2494 802 2543 proprium
832 2493 989 2532 videtur
1017 2505 1102 2532 esse
1133 2491 1330 2530 Meinekio
1359 2490 1380 2529 Ι
1410 2491 1504 2529 327.

1029 2602 1107 2644 171

325 2680 384 2724 ἂν
413 2681 576 2737 κελεύῃ
606 2697 661 2735 με
692 2682 973 2736 σταθμοῦχος
1003 2705 1057 2711 —-
1087 2682 1138 2721 Β.
1173 2677 1196 2720 ὁ
1226 2681 1509 2732 σταθμοῦχος
1537 2676 1582 2720 δ’
1605 2675 1700 2721 ἐστὶ
1729 2672 1851 2729 τίςῇ

327 2747 584 2800 ἀποπνίξεις
614 2749 668 2791 δέ
693 2763 748 2802 με
777 2746 941 2803 καινὴν
970 2746 1080 2801 πρός
1109 2761 1163 2801 με
1194 2747 1432 2788 διάλεκτον
1462 2746 1623 2787 λαλῶν.

328 2822 380 2859 Α,
415 2818 455 2859 εἰ
480 2815 694 2859 ’πιτάττοι
723 2830 798 2870 μοι
828 2815 1067 2869 στέγαρχος
1098 2840 1150 2844 -
