1890 3190
292 202 347 244 43
918 206 1234 239 ΑΝΤΙΦΑΝΟΤΣ
1843 198 1869 250 ‚¹

294 307 502 347 Antiattio.
526 308 618 355 116,
642 308 666 346 8
698 307 839 356 χολᾶν·
871 300 1108 359 ὀργίζεσθαι.
1137 304 1409 358 Ἀντιφοὶνηςέ
1441 309 1562 349 Mein.
1596 332 1644 338 —
1677 323 1778 361 quae
1806 311 1849 350 in

293 359 492 412 Epicratis
523 362 571 402 fr
594 364 618 401 5
649 363 887 403 antecedunt
906 364 1148 427 Antiphanis
1168 377 1249 404 non
1271 378 1355 404 esse
1376 367 1627 416 cognoscitur
1646 380 1694 406 ex
1714 367 1846 407 verbis

293 419 438 458 codicis
460 419 489 457 C
508 419 634 458 hisce.
667 417 877 471 μετήνεγκε
899 417 941 458 δὲ
961 434 1007 458 τα
1027 419 1186 471 ἰαμβεῖα
1201 421 1323 459 ταῦτα
1349 419 1388 469 ἐξ
1411 417 1656 471 ἅντιφᾶνους
1679 417 1758 461 ἀπὸ
1776 427 1857 462 τοῦ-
1879 418 1883 426 ³

294 471 392 523 ὁρᾶν
423 488 462 513 τε
491 473 650 525 κείμενα
680 473 747 513 καὶ
775 473 878 526 ἑξῆς.
962 477 1000 518 2
1031 472 1259 529 ἡμιβρῶτας
1289 474 1342 530 L]
1374 474 1621 529 ἡμιβρώτους
1651 479 1701 518 Α.
1730 481 1774 519 at
1802 480 1846 519 in
1884 475 1890 505 ³

294 532 493 582 Epicratis
523 532 571 569 fr.
589 533 613 570 5
644 527 869 583 ἡμιβρῶτας
899 534 1020 572 etiam
1050 533 1100 572 A.
1188 534 1225 572 4.
1259 536 1378 584 χολᾶν
1408 532 1594 587 Porson.]
1624 548 1764 585 χοααιν
1792 536 1847 575 A.

295 589 333 627 5.
364 584 479 638 ἡμων
507 584 554 634 ὃς
583 584 637 626 ἂν
662 587 668 641 l
694 603 804 642 φαγῃ
832 589 998 630 Porson.
1883 604 1890 626 ³

409 646 447 685 3.
477 642 801 694 λειφθέντων,
851 646 900 684 cf.
933 646 1076 685 Eubul.
1111 647 1173 694 15,
1200 648 1263 685 10.
1303 647 1447 696 Eupol.
1471 648 1565 687 330.
1653 648 1692 687 5.
1722 649 1846 699 λαμυ-
1883 644 1890 687 ζ’

293 699 360 751 ρός
389 701 486 740 alibi
515 701 620 751 apud
650 703 817 741 comicos
846 715 927 740 non
956 702 1171 749 invenitur.
1221 703 1269 744 cf
1300 703 1482 753 Xenoph.
1515 704 1679 744 Conviv.
1713 704 1752 754 8,
1775 705 1843 743 24.
1887 753 1890 756 ¹

293 757 503 808 Phrynieh.
535 758 642 807 Epit.
675 759 752 796 291
792 755 982 808 λαμυρος·
1017 758 1059 797 οἱ
1086 763 1160 796 νῦν
1189 756 1263 809 μὲν
1292 756 1363 797 τὸν
1393 757 1572 810 ἐπίχαριν
1602 764 1656 815 τῷ·
1685 756 1848 811 ὀνόματι
1886 775 1890 778 ·

295 812 570 864 σημαίνουσιν,
601 813 642 852 οἵ
669 810 709 850 δ’
732 810 887 865 ἀρχαῖοι
917 812 1002 852 τὸν
1031 812 1205 866 ἰταμὸν
1234 813 1316 853 καὶ
1344 810 1542 865 ἀναιδῆ.
1593 817 1644 856 cf.
1674 817 1845 856 Lobeck.
1886 831 1890 866 j

294 870 442 922 Phryn.
475 871 570 909 291.
590 871 627 908 2.
661 872 755 910 760.
806 871 958 910 Pathol.
988 872 1090 921 prol.
1122 873 1217 911 274.
1265 873 1458 911 Friizzsoh.
1481 873 1606 912 Arist.
1627 873 1728 912 Rau.
1751 874 1846 915 245.
1887 901 1890 906 -

1045 981 1099 1023 90

681 1061 885 1102 Σικελῶν
915 1074 962 1102 τε
990 1059 1164 1115 τέχναις
1193 1057 1463 1115 ἡδυνθεῖσαι

679 1125 827 1177 δαιτὸς
857 1127 1250 1183 διαθρυμματίδες.

407 1222 636 1261 Athenaeus
670 1222 744 1270 14,
767 1223 846 1261 661
864 1222 884 1260 f
914 1218 1155 1272 Ἀντιφανης
1196 1219 1240 1260 ἐν
1277 1219 1502 1275 Δυσπρατῳ
1542 1219 1720 1262 ἕπαινων
1755 1235 1847 1270 τους

295 1276 527 1324 Σικελικοὺς
563 1277 774 1330 μαγείρους
810 1275 910 1329 λέγει
948 1280 1029 1317 κτλ.
1090 1281 1159 1317 aut
1196 1279 1409 1317 delendum
1448 1274 1584 1326 δαιτός
1622 1292 1711 1319 οιιιιι
1750 1280 1849 1319 Din-

294 1336 418 1375 dorfio
448 1338 517 1374 aut
546 1335 695 1385 aliquid
727 1336 1008 1385 supplendum.
1060 1335 1282 1374 Meinekius
1311 1332 1448 1382 δαιτὸς
1478 1334 1658 1387 λιπαρᾶς.

961 1457 1180 1492 ΔΩΔΩΝΙΣ

407 1538 467 1579 Of.
500 1539 671 1579 Meinek.
702 1539 722 1578 I
743 1540 838 1578 330.
887 1539 1126 1586 Aristoteles
1156 1539 1272 1578 Rhet.
1296 1540 1333 1587 2,
1357 1539 1409 1578 23
1444 1537 1624 1590 Θήβησιν
1648 1534 1848 1590 Ἰσμηνίου

297 1595 364 1634 καὶ
401 1594 629 1647 Στίλβωνος
666 1591 1027 1646 ἀμφισβητούντων
1070 1591 1096 1645 ἡ
1135 1596 1172 1632 A
1182 1594 1247 1633 ωδ
1257 1592 1372 1640 ωνὶς
1409 1591 1614 1643 ἀπέδειξεν
1646 1592 1848 1647 Ἰσμηνίου

292 1650 361 1690 τὸν
391 1649 494 1703 υἱόν,
523 1651 591 1691 καὶ
620 1649 687 1690 διὰ
717 1656 834 1691 τοῦτο
867 1650 1128 1690 Θετταλίσκον
1153 1647 1355 1702 Ἰσμηνίου
1385 1649 1577 1702 ἐνόμιζον.

1045 1761 1097 1804 91

621 1840 768 1885 πόθεν
797 1841 1015 1897 οἰκήτωρ,
1045 1837 1076 1896 ἤ
1105 1855 1172 1890 τις
1197 1837 1359 1883 Ἰοόνων

622 1908 1065 1965 τρυφεραμπεχόνων
1095 1905 1234 1963 ἁβρὸς
1262 1906 1502 1964 ἡδυπαθής

623 1975 751 2032 ὄχλος
781 1991 999 2032 ωρμηται;
1040 1993 1042 1995 ·

406 2072 632 2110 Athenaeus
665 2072 738 2120 12,
761 2070 878 2110 526d
915 2082 1062 2114 κοινως
1093 2065 1135 2106 δὲ
1147 2066 1252 2131 περι
1281 2066 1441 2107 πάντων
1471 2083 1551 2107 των
1575 2064 1727 2107 Ἰώνων
1754 2082 1846 2120 τρυ-

293 2127 372 2178 φῆς
399 2123 642 2178 Ἀντιφάνης
674 2124 718 2166 ἐν
749 2123 930 2179 Δωδώνῃ
963 2126 1014 2177 (Β
1045 2117 1217 2176 δωδωνι)
1247 2123 1342 2164 τάδε
1368 2122 1468 2176 λέγει
1489 2127 1569 2163 κτλ.
1674 2127 1710 2164 1.
1740 2123 1770 2176 ἥ
1788 2138 1845 2172 τις

293 2180 432 2238 Mein.]
473 2181 501 2235 ἡ
537 2183 594 2230 τίς
634 2185 686 2231 A,
730 2184 798 2234 qui
839 2183 879 2222 in
919 2196 958 2222 v.
981 2183 1004 2220 2
1035 2182 1189 2221 ιιιιΙΙιιιιι
1218 2182 1295 2220 nisi
1325 2182 1366 2221 in
1396 2178 1614 2232 ἡδυπαθὴς
1643 2184 1846 2221 accentum

295 2244 423 2280 no‘nat.
478 2241 597 2279 ‘unde
627 2241 730 2279 hune
759 2241 922 2279 chorum
951 2239 1088 2278 venire
1119 2237 1277 2277 dicam?
1327 2251 1377 2277 an
1407 2239 1448 2277 id
1479 2239 1638 2289 quidem
1667 2251 1747 2277 ιιοιι
1777 2238 1845 2277 du-

292 2298 406 2336 bium
438 2300 498 2336 est
527 2297 624 2347 quin
655 2311 701 2335 ex
730 2296 893 2335 Ionia‘.»
932 2296 1050 2334 Mein.
1099 2293 1231 2333 πόθεν
1260 2290 1426 2345 οἰκήτωρ
1464 2295 1640 2335 breviter
1668 2307 1740 2345 pro
1768 2299 1847 2332 ποῦ

295 2353 398 2393 οἰκεῖ
434 2351 500 2392 καὶ
544 2349 675 2391 πόθεν
716 2348 900 2403 ἆφῖκται;
965 2353 1013 2391 de
1051 2351 1216 2401 duplicis
1254 2351 1579 2402 interrogationis
1610 2352 1762 2390 ratione
1791 2350 1843 2390 cf.

290 2411 394 2449 Plat.
426 2411 589 2461 Protag.
622 2410 712 2449 init.
745 2410 879 2459 ibique
911 2408 1117 2448 Heindorf.

819 2574 825 2575 ς
907 2531 1213 2566 ΕΠΙΔΑΤΡΙΟΣ

405 2602 618 2652 Perperam
649 2602 770 2642 semel
797 2597 1046 2653 Ἐπίδαυρος.
1097 2599 1270 2639 Meinek.
1300 2599 1320 2638 Ι
1350 2600 1444 2639 330.

1041 2699 1097 2741 92

613 2778 847 2834 ἐπαίζομεν
876 2777 959 2833 μὲν
987 2774 1147 2832 ἀρτίως
1175 2782 1268 2827 τοῖς
1296 2774 1533 2831 ἄστρίχοις.

405 2862 575 2901 Bekker.
597 2862 748 2902 Anecd.
769 2862 865 2911 454,
878 2861 930 2899 32
961 2854 1222 2911 ἀστράγαλος.
1240 2888 1249 2898 .
1268 2855 1444 2917 ,λέγουσι
1473 2854 1516 2895 δὲ
1536 2854 1604 2895 καὶ
1623 2852 1841 2908 ἆστρίχους.
1889 2903 1890 2912 ³
