1890 3190
226 587 239 598 l
297 538 362 583 λος
394 537 583 587 Toeppel.
615 537 754 588 Progr.
786 537 934 576 Neobr.
969 539 1089 588 1867,
1113 540 1180 576 21.

306 207 380 249 128
915 209 1235 243 ΑΝΤΙΦΑΝΟΤΣ

413 311 607 351 Stobaeus
627 312 764 350 Floril.
789 312 894 363 95,1
925 306 1187 361 Ἀντιφάνους
1218 313 1266 351 Α.
1317 313 1648 363 Apost01.3,59c
1669 309 1850 366 (Arsen.)
1867 318 1872 339 ’-

299 369 382 406 sine
413 368 586 407 auctoris
616 369 788 409 nomine.
836 369 1053 407 secundum
1083 382 1106 407 a
1137 370 1267 417 priore
1296 370 1494 418 separavit
1522 373 1562 408 et
1579 371 1730 409 incerto
1749 382 1856 421 poe-‚

299 426 363 462 tae
396 424 539 463 tribuit
570 423 744 463 Grotius.
797 424 874 463 duo
905 425 1127 475 fragmenta
1148 438 1231 464 esse
1252 428 1418 464 constal.
1490 427 1527 464 1.
1557 423 1720 478 γλυκέα]
1755 422 1853 477 ἡδέα

300 479 418 520 Gesn.
450 494 575 531 marg.
665 482 703 520 2.
735 481 900 520 Theocr.
923 482 974 519 21
1006 482 1095 520 init.
1126 477 1152 519 ἆ
1183 480 1321 521 πενία.
1340 512 1349 521 .
1368 487 1441 521 ,τῶ
1469 478 1636 533 μόχθοιο
1665 480 1852 521 διδάσκα-

1030 647 1114 690 295
1884 648 1890 654 “

568 726 689 781 λύπη
719 727 879 781 μανίας
909 724 1148 780 ὁμότοιχος
1170 722 1288 768 εἶναι’
1314 741 1389 781 μοι
1420 726 1553 768 δοκεῖ.
1884 662 1890 753 Ξ

413 820 604 859 Stobaeus
633 820 773 858 Floril.
807 821 871 867 99,
895 821 947 858 27
995 815 1258 868 Ἀντιφανους
1288 820 1338 858 Α.
1383 832 1460 858 om.
1481 820 1611 859 Trinc
1699 816 1853 870 ὁμότοι-
1882 822 1890 870 ᾖ

298 875 381 926 χος]
421 871 643 927 ὁμόστοιχος
681 877 773 914 ΑΒ.
832 851 1030 915 Plutarch.
1062 877 1160 915 Mor.
1194 878 1273 915 503
1294 877 1318 914 d
1354 876 1475 928 μανία
1512 891 1586 928 γαρ
1621 872 1890 946 ὁμόστοιχοςεἰ

296 930 371 982 μὲν
399 929 423 982 ἡ
455 929 552 984 ὀργὴ
581 929 668 970 κατ’
695 929 844 980 ἐνίους,
884 929 908 980 ἡ
942 930 985 970 δὲ
1014 930 1118 983 μέθη
1138 931 1359 1002 σύνοικος,
1400 934 1469 971 ubi
1499 934 1728 972 Meziriacus
1759 929 1851 983 ὁμό-

297 999 438 1039 στιχος
498 990 684 1039 Aeschyl.
716 990 792 1039 Ag.
819 990 925 1028 1002
958 987 1072 1035 νόσος
1102 986 1177 1040 γὰρ
1206 985 1268 1027 αεὶ
1297 988 1436 1040 γείτων
1466 985 1668 1041 ὁμότοιχος
1698 987 1848 1042 ἐρείδει.
1885 999 1890 1035 j

298 1043 535 1099 (Gaisford.)
1888 1040 1890 1043 ¹

482 1176 543 1232 μοὶ
572 1180 675 1233 γῆν,
706 1174 766 1231 μοὶ
797 1177 987 1233 κρήνας,
1019 1177 1081 1232 μὰ
1111 1177 1357 1232 ποταμούς,
1388 1174 1449 1232 μοὶ
1479 1177 1654 1233 νάματα

409 1273 646 1311 Plutarchus
675 1273 775 1311 Mor.
808 1272 932 1310 8451>
971 1269 1183 1323 προελθὼν
1219 1269 1263 1309 δὲ
1299 1267 1418 1309 πάλιν
1450 1269 1754 1322 (Δημοσθένης)
1793 1269 1850 1317 εἰς
1885 1272 1890 1318 ζ

296 1326 365 1375 τὰς
403 1326 608 1379 ἐκκλησίας
648 1327 884 1380 νεωτερικῶς
922 1342 1010 1366 τινα
1039 1325 1163 1379 λέγων
1193 1326 1417 1379 διεσύρετο·
1461 1323 1515 1374 ὥς
1545 1327 1848 1393 κωμωδηθῆναι

296 1381 420 1423 αὐτὸν
465 1382 544 1423 ὑπὸ
585 1382 848 1434 Ἀντιφανους
892 1386 973 1423 κτλ.
1036 1385 1235 1425 Plutarch
1268 1385 1474 1424 Demosth.
1507 1385 1530 1422 9
1559 1367 1850 1435 Ἐρατοσθένης

295 1439 369 1492 μέν
407 1452 530 1492 φησιν
569 1438 692 1480 αὐτὸν
723 1439 765 1479 ἐν
796 1444 875 1487 τοῖς
905 1439 1033 1492 λόγοις
1064 1442 1261 1491 πολλαχοῦ
1289 1438 1493 1492 γεγονέναι
1524 1439 1796 1507 παράβακχον,
1826 1436 1847 1478 ὁ

296 1496 340 1537 δὲ
375 1495 582 1550 Φαληρεὺς
622 1496 845 1567 Δημήτριος
891 1495 957 1535 τὸν
1001 1496 1188 1548 ἔμμετρον
1229 1495 1380 1535 ἐκεῖνον
1417 1494 1538 1547 ὅρκον
1573 1493 1719 1547 ὀμόσαι
1757 1493 1850 1535 ποτὲ

295 1553 393 1623 πρὸς
425 1553 493 1594 τὸν
522 1554 649 1606 δῆμον
678 1551 732 1600 ὥς
764 1553 1036 1593 ἐνθουσιῶντα
1066 1557 1145 1593 κτλ.
1198 1554 1326 1593 Sohol.
1348 1555 1472 1593 Arist.
1492 1555 1567 1593 Av.
1591 1555 1672 1592 194
1700 1547 1756 1604 μοὶ
1784 1563 1851 1592 νε-’
1886 1556 1890 1577 ‘³

296 1627 345 1662 φ
330 1609 438 1658 έλας·
480 1608 583 1650 ου’τω
614 1609 658 1650 δὲ
689 1609 735 1650 τὰ
765 1607 1033 1663 προστυχόντα
1063 1608 1246 1661 ω’μνυον,
1285 1625 1338 1661 μα
1367 1606 1536 1661 κρήνας,
1577 1608 1631 1661 μὰ
1661 1615 1757 1662 γῆν,
1795 1608 1849 1660 μὰ

295 1666 495 1719 ποταμούς
527 1665 664 1719 (Mein.
694 1668 755 1707 III
786 1665 898 1721 613).
949 1668 999 1706 ef.
1033 1668 1196 1707 Timocl.
1229 1668 1296 1706 38.

1031 1777 1112 1820 297

490 1895 497 1901 ..
565 1860 785 1914 περίνησα
816 1856 889 1898 καὶ
919 1857 1162 1911 περίλευκα
1193 1857 1267 1898 καὶ
1297 1856 1563 1898 πεντέκτενα

407 1952 550 1991 Pollux
582 1953 618 2001 7,
642 1952 694 1990 52
730 1945 971 2000 Ἀντιφανης
1009 1947 1053 1988 δέ
1088 1948 1168 1988 πού
1206 1960 1306 2000 φησι
1342 1951 1422 1988 κτλ
1493 1946 1571 1987 ἔστι
1611 1945 1655 1986 δὲ
1692 1963 1737 1987 τα
1777 1945 1850 2000 μὲν

294 2007 536 2047 πεντάκτενα
573 2007 798 2071 χιτωνίσκοι
836 2005 941 2058 παρὰ
973 2005 1046 2057 τὴν
1075 2005 1161 2045 ὠάν
1189 2008 1407 2075 πορφυροῖ,
1445 2003 1560 2044 πέντε
1603 2002 1743 2052 κτένας
1787 2003 1847 2044 ἐν-

297 2062 540 2114 υφασμένοι·
572 2057 618 2102 τὰ
650 2062 691 2102 δὲ
720 2063 930 2116 περίλευκα
960 2059 1192 2101 τούναντίον
1213 2061 1274 2112 ειἠ
1294 2059 1349 2100 α“ν
1368 2059 1536 2111 ὕφασμα
1567 2059 1610 2100 ἐκ
1639 2074 1849 2129 πορφυρας

294 2118 322 2171 ἢ
359 2119 481 2159 ἄλλου
519 2134 719 2172 χρωματος
757 2118 800 2159 ἐν
839 2125 892 2173 τῷ
928 2113 1151 2172 περιδρόμῳ
1189 2112 1332 2157 λευκὸν
1369 2116 1656 2169 ἐνυφασμένον.
1721 2116 1768 2157 τὰ
1805 2114 1850 2155 δὲ

293 2177 487 2229 περίνησα
517 2174 767 2229 πρόκροσσόν
797 2174 876 2215 ἐστι
905 2175 1137 2244 περίβλημα,
1169 2173 1257 2226 ἔχον
1287 2173 1332 2213 τὰ
1355 2173 1546 2226 νήματαε
1530 2171 1789 2226 ἐξηρτημένα·
1820 2188 1846 2224 η

293 2231 479 2286 πορφύρα
519 2233 650 2287 κυκλῳ
688 2230 734 2272 τὰ
773 2231 860 2283 τέλη
899 2238 967 2271 τοῦ
996 2229 1229 2283 υφοὶσματος
1259 2229 1519 2283 περιέρχεται,
1560 2229 1685 2280 νήσου
1715 2235 1848 2282 σχῆμα

293 2296 463 2329 ποιοῦσα
494 2297 541 2345 τῇ
570 2295 757 2344 περιρρυῇ
788 2295 858 2328 τοῦ
887 2303 1099 2341 χρωματος.
1173 2286 1407 2327 πεντέκτενα
1428 2287 1567 2339 Mein]
1591 2301 1848 2327 πεντακτενα.

295 2348 343 2389 cf.
373 2348 582 2397 Hermipp.
606 2349 660 2386 34
691 2351 731 2386 et
761 2348 944 2385 Menand.
966 2348 1018 2385 92
1051 2346 1170 2385 Mein.
1221 2346 1337 2384 Phot.
1369 2343 1582 2397 περίνησα·
1611 2344 1843 2396 περιβόλαια
1887 2350 1890 2376 3

294 2408 485 2456 περιφερῆ
513 2402 580 2442 καὶ
609 2403 818 2454 νησοειδη,
857 2401 972 2453 όμοια
1003 2405 1086 2448 ταῖς
1116 2397 1196 2441 ὑπὸ
1217 2398 1420 2452 Ρωμαίων
1450 2399 1710 2452 καλουμέναις
1739 2401 1847 2451 χλαί-

296 2474 396 2507 ναις.
446 2460 551 2499 idem
580 2459 844 2499 πεντέκτενοι·
883 2455 1189 2511 περιπόρφυροι·
1230 2456 1294 2497 διὰ
1326 2453 1368 2496 τὸ
1399 2456 1632 2507 ἐνυφανθαι
1659 2456 1747 2509 περὶ
1779 2455 1847 2504 τὰς

298 2515 381 2563 ὥάς
425 2514 540 2555 πέντε
580 2515 719 2564 κτένας
763 2521 1009 2568 πορφυροῦς.
1070 2516 1237 2566 Hesyoh.
1283 2514 1513 2584 περίνησον·
1559 2512 1714 2565 ἵματιον
1759 2511 1848 2564 ἕχον

293 2571 507 2625 πορφύραν
537 2571 680 2627 κύκλῳ.
729 2574 835 2613 idem
864 2577 1120 2622 πεντεκτενῆ·
1153 2570 1353 2622 ἐνδύματα
1375 2565 1460 2609 οἷον
1479 2568 1656 2622 πριόνων
1685 2566 1848 2608 ὀδοῦσιν
1886 2583 1890 2625 ⁴}

294 2628 458 2682 ἐμφερῆ,
488 2613 781 2681 πεποικιλμένα.

1029 2682 1111 2724 298
1884 2700 1890 2729 1

563 2769 836 2818 μονοφαγεῖς
862 2758 948 2816 ἤδη
979 2777 1019 2802 τι
1050 2761 1123 2802 καὶ
1154 2761 1368 2815 βλάπτεις
1399 2759 1486 2814 ε’μέ.

408 2857 635 2895 Athenaeus
659 2859 694 2906 1,
713 2859 768 2894 Se
798 2853 858 2894 ’ὅτι
887 2853 930 2892 τὸ
958 2857 1202 2906 μονοφαγεῖν
1232 2852 1349 2899 ἐστινΙ
1367 2851 1411 2891 ἐν
1439 2851 1572 2905 χρήσει
1602 2855 1680 2899 τοῖς
1702 2854 1842 2890 παλαι·
