1864 3204
253 216 336 257 384
911 212 1164 252 ΑΛΕΞΙΔΟΣ

254 315 425 370 ὀρχῆται.
483 318 533 356 cf.
567 318 687 356 Arist.
719 317 814 356 Ach.
848 318 927 356 627
967 313 1141 371 (Mein).
1198 317 1303 356 Plat.
1340 317 1491 356 Menex.
1530 317 1648 356 2361}
1684 315 1727 356 εἴ
1757 331 1806 368 με

252 372 424 421 κελεύοις
453 370 659 412 ἀποδύντα
689 369 949 424 ὀρχήσασθαι.

366 432 408 469 3.
446 444 525 469 non
563 431 857 469 sollicitandum
895 432 956 469 est
991 425 1182 478 ἀκίνητοι.
1229 432 1289 477 ,αῖ
1328 431 1450 470 Arist.
1481 431 1579 469 Ran.
1612 431 1693 469 899
1731 426 1805 469 οὐκ

252 484 431 537 ἀκίνητοι
460 484 601 537 φρένες
621 486 926 525 Atheniensium
958 486 1143 525 dicuntur
1170 487 1220 525 ad
1242 487 1338 525 artis
1358 487 1534 536 poeticae
1556 487 1804 526 dulcedinem

252 545 498 582 sentiendam
527 543 641 582 facile
672 546 901 593 commotae,
932 540 991 581 ita
1022 542 1262 582 Boeotorum
1292 543 1496 593 aptissime
1518 544 1703 582 dicuntur
1721 537 1805 581 ‹inc-

254 613 376 650 νητοι,
407 601 514 639 omni
546 601 765 650 elegantiae
794 601 958 639 alienae.
997 599 1114 638 scrib.
1135 601 1267 638 autem
1298 595 1351 645 ὥς
1381 596 1559 649 ἀκίνητοι
1589 596 1804 650 ξυνέσει,

252 656 353 708 βοᾶν
381 654 446 694 καὶ
475 654 607 694 πίνειν
636 671 674 706 μ.
706 670 743 694 κ.
775 655 809 693 δ.
844 653 1108 706 ἐπισταμενοι.
1150 656 1254 694 Plat.
1280 656 1379 695 Tim.
1403 657 1483 694 51e
1513 652 1703 706 ἀκίνητον
1721 669 1806 695 πει-

251 715 335 752 θοῖ.
394 725 444 752 ne
480 714 600 752 nimis
627 713 764 752 Boeoti
801 714 1032 758 videamini,
1075 716 1202 761 utpote
1239 714 1306 761 qni
1333 713 1549 761 prudentia
1582 724 1664 752 non
1691 713 1806 760 facilc

253 771 489 809 moveamini
517 782 639 818 neque
669 771 876 818 quicquam
905 770 1113 808 didiceritis
1141 770 1221 808 nisi
1251 769 1375 808 bibere
1404 773 1438 808 et
1467 770 1645 809 clamare.

984 878 1067 921 238

525 953 765 1013 ὀφθαλμὸν
796 937 1056 1012 ἐπιβάλλειν

367 1037 410 1079 τὸ
438 1037 648 1093 περιέργως
678 1042 872 1079 θεᾶσθαι.
903 1037 1056 1088 ’Ἀλεξις
1091 1038 1318 1093 Τροφωνίῳ.
1349 1039 1519 1078 Bekker.
1541 1039 1692 1080 Anecd.
1715 1039 1808 1091 110,

258 1099 309 1136 15
341 1099 381 1136 et
410 1098 494 1137 sine
523 1098 682 1136 nomine
713 1097 873 1136 fabulae
902 1097 1069 1136 Photius
1100 1099 1140 1136 et
1171 1096 1326 1136 Suidas.

884 1219 1178 1254 ΤΤΝΔΑΡΕΩΣ

370 1301 615 1351 Quamquam
648 1314 693 1339 ex
723 1300 918 1340 Athenaei
948 1301 1080 1339 verbis
1110 1300 1158 1338 fr.
1181 1301 1261 1338 239
1294 1302 1401 1339 certo
1433 1300 1581 1351 conligi
1610 1312 1692 1339 non
1720 1301 1808 1350 pot-

254 1360 315 1397 est
351 1358 514 1396 titulum
557 1358 715 1396 fabulae
761 1358 880 1396 fuisse
929 1357 1180 1406 Tyndareum
1212 1378 1260 1382 —
1293 1357 1427 1406 potuit
1470 1357 1575 1395 enim
1619 1368 1808 1406 personae

257 1427 337 1453 non
367 1415 499 1452 minus
528 1427 647 1463 quam
677 1414 901 1452 comoediae
931 1426 1077 1452 nomen
1107 1425 1190 1451 esse
1211 1434 1277 1460 —,
1308 1413 1393 1451 veri
1423 1413 1550 1452 simile
1580 1414 1713 1451 tamen
1734 1415 1807 1452 est.

255 1471 310 1510 sic
332 1470 484 1520 Sophili
515 1471 593 1509 fuit
617 1468 854 1520 Τυνδάρεως
877 1466 905 1520 ἢ
925 1467 1059 1520 Λήδα,
1091 1470 1238 1508 Eubuli
1260 1469 1380 1508 Leda.
1412 1470 1462 1509 cf.
1484 1469 1653 1510 Meinek.
1668 1469 1689 1507 I
1710 1470 1807 1508 391.

992 1579 1076 1622 239

524 1656 766 1710 ἄνθρωπος
797 1654 915 1700 εἷναί
942 1673 1017 1713 μοι
1047 1659 1304 1714 Κυρηναῖος
1334 1658 1502 1707 δοκεῖς·

526 1723 659 1768 κάκεῖ
682 1726 768 1781 γὰρ
799 1723 857 1768 ἅν
887 1741 952 1776 τις
984 1724 1056 1768 ἐπὶ
1085 1723 1135 1768 τὸ
1167 1726 1353 1768 δεῖπνον
1382 1725 1463 1768 ἕνα
1492 1726 1628 1781 καλῇ,

527 1794 738 1849 πάρεισιν
769 1791 1062 1836 ὀκτωκαίδεκ’
1084 1792 1237 1848 ἄλλοι,
1269 1793 1344 1835 καὶ
1375 1793 1482 1836 δέκα

528 1861 702 1917 ἅρματα
733 1861 981 1916 συνωρίδες
1010 1876 1057 1903 τε
1086 1861 1420 1904 πεντεκαίδεκα.

474 1940 494 1970 5
524 1930 700 1979 τούτοις
729 1929 779 1972 δὲ
809 1930 880 1971 δεῖ
906 1941 957 1972 σε
986 1927 1232 1984 τάπιτήδει’
1255 1930 1482 1983 ἐμβαλεῖν,

528 1996 636 2040 ὥστ’
659 1992 718 2052 ἦν
748 1998 990 2052 κράτιστον
1020 1997 1131 2051 μηδὲ
1163 1994 1346 2038 καλέσαι
1376 1995 1558 2050 μηδένα.

370 2092 597 2130 Athenaeus
636 2092 707 2138 12,
738 2092 853 2130 5102,
892 2088 1109 2141 ἅνθρωπος
1147 2083 1254 2128 εἶναί
1291 2102 1357 2140 μοι
1395 2089 1623 2140 Κυρηναῖος
1663 2087 1808 2138 δοκεῖς,

259 2141 358 2187 κατά
390 2141 458 2186 τὸν
485 2144 678 2195 Ἀλέξιδος
703 2145 952 2196 Τυνδάρεων,
984 2143 1103 2185 κάκεῖ
1124 2144 1197 2198 γὰρ
1227 2148 1307 2183 κτλ.
1359 2146 1590 2184 Eustathius
1623 2145 1743 2196 1148,
1755 2146 1807 2184 32

249 2204 401 2253 ’Ἀλεξις
433 2202 475 2243 ἐν
505 2209 557 2257 τῷ
586 2202 804 2255 ἅνθρωπος
835 2197 939 2242 εἶναι’
965 2216 1030 2252 μοι
1060 2202 1188 2249 δοκεῖς
1219 2203 1459 2253 Κυρηναῖος.
1509 2198 1624 2240 κᾶκεῖ
1648 2198 1722 2253 γάρ
1752 2214 1809 2248 τις

256 2258 310 2299 ἂν
340 2259 404 2300 ἐπὶ
433 2260 598 2299 δεῖπνον
626 2262 706 2302 κτλ.
758 2261 806 2300 cf.
841 2260 971 2299 Schol.
1002 2260 1166 2298 Luciani
1197 2260 1277 2297 253
1307 2259 1385 2298 Iac.
1475 2260 1513 2297 3.
1545 2253 1810 2296 ὀκτωκαίδεκα

257 2319 306 2358 A.
394 2318 433 2356 4.
465 2329 505 2355 τε
535 2330 611 2356 om.
644 2319 693 2357 A.
725 2317 815 2358 add.
846 2317 937 2355 VL.
1024 2318 1061 2354 5.
1094 2312 1324 2365 τάπιτήδεια
1353 2315 1403 2354 Α.

370 2377 477 2413 recte
506 2387 545 2413 v.
572 2375 592 2411 1
626 2374 867 2412 Meinekium
887 2373 1066 2411 Alexidis
1097 2372 1228 2411 verbis
1257 2372 1457 2411 addidisse
1484 2372 1733 2422 cognoscitur
1761 2383 1809 2410 ex

259 2431 490 2479 Eustathi03
536 2429 606 2468 sed
642 2442 730 2468 cum
761 2430 991 2479 Κυρηναῖος
1021 2429 1167 2478 ubique
1198 2428 1391 2478 syllabam
1419 2428 1588 2478 primam
1617 2427 1811 2477 producat

259 2485 329 2541 (cf.
361 2487 515 2526 Alexid.
540 2487 606 2536 36,
629 2482 694 2538 3),
726 2486 826 2524 bene
856 2485 1061 2525 Herwerd.
1084 2484 1179 2524 Obs.
1210 2485 1310 2523 crit.·
1332 2486 1383 2523 78
1413 2482 1675 2535 ἄνθρωπε,
1707 2483 1808 2521 Kv—

258 2546 463 2595 ρηναῖος
493 2536 629 2581 εἶναί
653 2554 733 2591 μοι
765 2540 943 2588 δοκεῖς.

949 2663 1124 2698 ΤΠΝΟΣ

372 2745 613 2795 Antiphanis
653 2758 738 2784 esse
775 2758 798 2783 a
833 2745 970 2783 multis
1008 2744 1255 2783 credebatur.
1316 2743 1367 2782 cf.
1399 2743 1446 2781 fr.
1479 2743 1573 2781 241.
1605 2742 1700 2780 242.
1758 2741 1808 2780 ab

259 2801 487 2851 Antiphane
518 2802 726 2851 scriptam,
757 2801 807 2840 ab
839 2801 1002 2840 Alexide
1032 2801 1246 2849 repetitam
1275 2799 1396 2838 fuisse
1425 2799 1646 2838 Meinekius
1675 2799 1808 2837 existi-

259 2861 342 2896 mat
370 2859 389 2896 I
420 2859 514 2899 393.
565 2858 614 2896 cf.
646 2859 740 2896 377.
