1864 3204
541 201 709 236 xopoz
720 233 723 235 .
733 220 777 226 -
802 201 1013 237 ΑΔΗΛΩΝ
1040 201 1309 237 ΔΡΑΜΛΤΩΝ
1620 201 1703 244 287

0 196 18 222 ν

0 227 17 342 ὲ
138 302 192 345 δὲ
227 303 278 345 τὸ
315 301 510 358 μόριον,
547 301 727 359 παρόσον
762 302 818 354 ὥς
857 302 878 346 ὃ
915 301 1072 346 ποδεὼν
1109 311 1183 346 τοῦ
1216 302 1354 346 ἀσκοῦ·
1373 303 1529 358 προέχει
1546 337 1555 348 .
1575 337 1584 346 .
1604 337 1612 346 .
1631 319 1704 345 πο-

0 358 3 382 ³
137 362 270 403 δεῶνα
291 362 335 402 δὲ
356 358 523 403 εἰώθασι
543 359 671 416 λέγειν
701 360 749 402 τὸ
779 358 1081 415 τοῦάνδρὸς
1102 363 1315 404 αἰδοῖον.
1363 364 1457 415 quid
1478 365 1562 404 sint
1580 368 1705 417 γραῦς

136 423 178 460 et
207 418 278 460 νέα
308 421 414 460 inter
444 433 486 460 se
517 421 723 472 oppositae
752 422 900 462 nescio.

896 532 946 574 11

899 612 948 653 τί
973 610 1170 654 Πλάτων

339 678 413 722 καὶ
446 668 740 729 Σπεύσιππος
769 679 846 721 καὶ
876 677 1166 735 Μενέδημος,

342 744 456 803 πρὸς
483 748 573 790 τίσι
603 747 710 789 νυνὶ
741 747 1080 802 διατρίβουσιν;
1158 803 1160 806 Ι

339 817 447 859 ποία
477 817 686 871 φροντίς,
718 821 847 867 ποῖος
877 815 926 858 δὲ
956 815 1090 871 λόγος
1130 872 1132 874 v

285 893 306 925 5
337 885 625 939 διερευνᾶται
654 882 777 938 παρὰ
806 890 975 935 τοῖσιν;

338 953 448 995 τάδε
477 967 553 1008 μοι
582 955 805 1007 πινυτῶς,
837 956 883 996 εἰ
907 968 950 995 τι
979 950 1197 1003 κατειδώς

338 1019 486 1076 ἥκεις,
519 1018 648 1072 λέξον
677 1018 790 1075 πρὸς
820 1022 912 1075 γᾶς.

342 1091 396 1132 Β.
429 1086 530 1131 ἀλλ’
562 1085 665 1131 οἶδα
696 1089 844 1143 λέγειν
873 1090 976 1143 περὶ
1006 1089 1152 1132 τῶνδε
1182 1092 1359 1145 σαφῶς·

340 1158 685 1213 Παναθηναίοις
713 1154 802 1213 γὰρ
833 1155 945 1200 ἰδών
974 1155 1140 1213 ἀγέλην

271 1235 312 1266 10
340 1227 587 1282 μειρακίων

343 1294 394 1337 ἐν
424 1295 688 1350 γυμνασίοις
714 1293 1005 1350 Ἀκαδημείας

338 1360 514 1418 ἥκουσα
543 1361 692 1417 λόγων
722 1359 911 1418 ἀφάτων
940 1361 1142 1406 ἀτόπων·

339 1430 442 1485 περὶ
471 1430 561 1486 γὰρ
591 1430 771 1486 φύσεως
801 1429 1123 1487 ἀφοριζόμενοι

339 1498 598 1554 διεχώριζον
627 1498 754 1556 ζῴων
783 1515 831 1542 τε
860 1501 965 1555 βίον

274 1577 313 1608 15
344 1567 549 1622 δένδρων
578 1583 625 1610 τε
657 1567 802 1622 φύσιν
833 1567 1044 1623 λαχάνων
1073 1583 1122 1611 τε
1151 1568 1272 1625 γένη.

339 1629 440 1692 κᾷτ’
473 1635 525 1679 ἐν
553 1636 731 1685 τούτοις
759 1634 844 1691 τήν
874 1634 1158 1692 κολοκύντην

340 1702 550 1759 ἐξήταζον
579 1705 700 1754 τίνος
732 1703 827 1747 ἐστὶ
857 1704 1029 1759 γένους.

339 1777 394 1815 Α.
428 1772 503 1814 καὶ
532 1774 580 1815 τί
605 1770 707 1814 ποτ’
738 1769 811 1826 ἄρ’
846 1768 1069 1827 ὡρίσαντο
1100 1773 1175 1816 καὶ
1206 1775 1329 1824 τίνος
1358 1775 1521 1828 γένους

339 1837 455 1883 εἶναι
485 1838 534 1883 τὰ
566 1840 734 1895 φυτόν;
767 1839 989 1895 δήλωσον,
1022 1842 1064 1884 εἰ
1089 1842 1312 1885 κάτοισθά
1343 1859 1398 1885 τι.

266 1918 311 1949 20
341 1911 394 1952 Β.
426 1908 654 1963 πρώτιστα
684 1909 768 1964 μὲν
798 1901 883 1951 οὖν
911 1908 1075 1960 πάντες
1104 1908 1320 1960 ἀναυδεῐς

338 1975 429 2020 τότ’
465 1977 739 2032 ἐπέστησαν,
771 1975 846 2020 καὶ
876 1977 1100 2029 κύψαντες

339 2044 507 2101 χρόνον
536 2043 621 2088 οὐκ
652 2042 808 2100 ὀλίγον
838 2045 1163 2102 διεφρόντιζον.

338 2108 436 2170 κᾷτ’
471 2113 687 2168 ἐξαίφνης
716 2114 780 2156 ἔτι
810 2115 1078 2157 κυπτόντων

339 2183 414 2225 καὶ
443 2181 699 2238 ζητούντων
727 2184 819 2224 τῶν
848 2184 1093 2238 μειρακίων

262 2259 305 2291 25
337 2250 536 2306 λάχανόν
564 2266 631 2300 τις
660 2251 746 2305 ἔφη
776 2250 1059 2305 στρογγύλον
1089 2248 1230 2306 εἶναι,

340 2320 476 2361 ποίαν
506 2317 547 2360 δ’
583 2315 740 2371 ἄλλος,
773 2318 965 2373 δένδρον
996 2316 1039 2360 δ’
1070 2319 1231 2374 ἕτερος.

338 2389 479 2429 ταῦτα
509 2384 551 2428 δ’
584 2384 770 2429 ἀκούων
800 2385 951 2441 ἰατρός
980 2402 1046 2437 τις

343 2457 536 2505 Σικελᾶς
564 2449 654 2497 ἀπὸ
683 2457 767 2509 γᾶς
798 2451 1041 2509 κατέπαρδ’
1074 2452 1225 2497 αὐτῶν

340 2519 400 2572 ὥς
429 2519 707 2578 ληρούντων.

264 2600 311 2631 3ο
339 2595 395 2632 Α.
424 2585 456 2645 ἦ
485 2605 575 2632 που
606 2590 765 2639 δεινῶς
794 2586 1091 2646 ω’ργίσθησαν

343 2658 642 2721 χλευάζεσθαί
666 2655 706 2700 τ’
741 2656 958 2713 ἐβόησαν·

342 2723 392 2768 τὸ
421 2724 510 2781 γάρ
541 2726 593 2768 ἐν
622 2726 799 2781 λέσχαις
827 2727 981 2770 ταῖσδε
1011 2727 1182 2769 τοιαυτὶ

342 2800 490 2837 ποιεῖν
518 2791 726 2848 ἀπρεπές.

268 2912 270 2919 y
341 2865 391 2904 B.
423 2859 523 2907 οὐδ’
557 2862 773 2917 ἐμέλησεν
801 2869 894 2912 τοῖς
922 2866 1189 2918 μειρακίοις·
