1864 3204
215 198 296 242 164
846 196 1123 233 ETssoerT

966 300 1022 341 79

531 378 614 434 τὴν
644 377 773 430 ἀξίαν
802 377 888 432 γὰρ
921 379 994 420 δεῖ
1018 385 1180 432 γαμεῖν
1209 376 1288 419 τὸν
1319 375 1459 427 ἄξιον.

330 474 566 512 Aristoteles
598 473 702 511 Rhet
747 474 866 523 3,11
906 473 989 511 sine
1025 472 1185 511 nomine
1223 472 1417 521 auctoris,
1458 472 1526 510 sed
1562 473 1774 521 postquam

215 531 349 580 paullo
379 532 473 569 ante
503 530 550 569 fr.
584 530 635 569 64
667 530 817 568 attulit.
878 529 982 566 unde
1012 529 1116 567 hune
1148 541 1306 578 quoque
1337 541 1496 567 versum
1525 527 1774 566 Anaxandri-

215 589 275 626 dis
313 599 398 625 esse
435 587 658 636 suspicatur
694 586 934 635 Meinekius,
981 598 1070 624 cum
1108 585 1343 635 praesertim
1382 584 1638 622 Aristoteles·
1657 584 1774 622 huius

213 646 351 694 poetae
389 644 534 682 fabulis
570 643 786 692 plurimum
825 643 1040 680 delectatus
1085 654 1169 680 esse
1210 642 1412 691 videatur,
1451 641 1554 679 conl.
1587 639 1774 691 Spengel.

215 701 363 750 Synag.
397 700 526 739 techn.
558 701 624 738 20.
675 696 750 749 γὰρ
781 698 868 739 add.
900 698 948 736 K.

969 818 1024 860 80

490 899 654 955 φιάλας
671 897 828 953 ’Ἄρεος

325 986 635 1043 Ἀναξανδρίδης
665 994 781 1030 καλεῖ
806 988 854 1029 τὰ
883 988 1051 1041 ποτήρια
1082 995 1227 1040 ταῦτα,
1258 991 1284 1031 i.
1307 1004 1338 1029 e.
1369 990 1439 1037 τὰς
1469 987 1678 1040 καρυωτὰς
1707 1003 1776 1039 φι-

213 1046 324 1096 άλας.
375 1051 603 1088 Athenaeus
637 1051 706 1096 11,
730 1049 810 1087 502
828 1049 865 1086 b.
916 1061 1017 1097 quae
1047 1048 1247 1097 quomodo
1279 1048 1420 1086 Martis
1451 1049 1608 1097 paterae
1637 1048 1774 1097 potue-

218 1107 299 1145 rint
341 1107 417 1144 diei
456 1118 538 1144 non
569 1106 696 1146 video.
742 1105 911 1143 fortasse
943 1117 1017 1153 pro
1048 1104 1328 1142 Anaxandride
1359 1104 1602 1153 Antiphanis
1632 1116 1776 1142 nomen

214 1163 487 1212 reponendum
519 1164 599 1211 est,
632 1162 742 1200 euius
772 1162 823 1199 cf.
856 1161 906 1199 fr.
932 1162 1024 1201 112.
1083 1161 1161 1199 nisi
1192 1161 1298 1199 forte
1328 1161 1447 1199 etiam
1477 1158 1776 1199 Anaxandrides

218 1220 467 1258 Timotheum
493 1219 745 1269 perstrinxit.

974 1326 1026 1368 81

490 1383 706 1440 ὀρίγανον

329 1480 464 1530 Etym.
496 1492 549 1520 m.
582 1480 676 1528 630,
695 1479 747 1516 49
779 1473 1013 1544 (ὀρίγανος)
1031 1472 1251 1527 ἅρσενικως
1279 1472 1386 1526 παρὰ
1412 1471 1704 1528 Ἀναξανδρίδῃ
1735 1471 1779 1514 ἐν

221 1532 551 1587 Φαρμακομάντει
583 1531 698 1587 (50),
730 1530 943 1584 οὐδετέρως
973 1529 1018 1571 δὲ
1051 1530 1092 1569 ἐν
1123 1530 1378 1599 ἐλεγείοις.
1437 1532 1575 1571 eadem
1606 1531 1780 1570 Cramer.

217 1593 366 1633 Aneed.
398 1592 521 1630 Paris.
552 1591 634 1630 IIII
671 1592 735 1642 12,
759 1592 827 1642 32,
860 1591 928 1630 sed
958 1590 1000 1628 in
1030 1590 1138 1628 exitu
1169 1585 1381 1640 οὐδετέρως
1413 1585 1455 1626 δὲ
1485 1586 1528 1626 ἐν
1554 1583 1779 1634 ’.Ηλείοις

220 1649 442 1688 Meinekius
471 1649 491 1686 I
523 1649 605 1687 370
642 1650 681 1686 et
718 1620 760 1685 in
801 1648 856 1686 eis
895 1659 994 1696 quae
1032 1646 1079 1684 ad
1118 1646 1167 1683 fr.
1193 1647 1244 1683 12
1276 1646 1339 1684 ed.
1371 1645 1467 1684 min.
1499 1645 1708 1683 adnotavit
1737 1641 1781 1682 ἕν

211 1702 363 1758 Ἑλένῃ
423 1705 476 1743 Η.
507 1705 639 1743 Iaeobi
676 1704 783 1753 apud
821 1703 942 1742 Mein.
974 1703 1034 1741 ed.
1074 1702 1169 1741 min.
1209 1715 1280 1741 XVI
1326 1702 1376 1740 ad
1414 1701 1522 1740 Ionis
1560 1700 1648 1740 Chii
1686 1701 1779 1739 Ele-

218 1763 371 1812 giarum
409 1762 457 1802 fr
489 1763 540 1799 22
572 1761 727 1810 Koepk.
771 1773 816 1798 ea
853 1760 1051 1810 pertinere
1082 1759 1319 1808 arbitratur,
1367 1758 1582 1797 secundum
1610 1757 1706 1796 Ath.
1738 1758 1776 1807 2,

219 1819 313 1858 68b
352 1818 620 1868 Etymologiei
657 1818 777 1856 verba
814 1818 872 1855 ita
910 1816 1144 1855 emendans:
1191 1810 1410 1862 ἆρσενικως
1440 1811 1545 1865 παρὰ
1573 1809 1703 1860 Ἀναξ.
1735 1811 1778 1851 ἐν

218 1875 268 1916 Φ
300 1873 366 1912 καὶ
390 1873 519 1912 Ἴωνι
551 1872 594 1912 ἐν
624 1871 826 1925 ἐλεγείοις,
865 1867 1080 1923 ουδετέρως
1111 1868 1156 1909 δὲ
1189 1867 1305 1923 [παρ’
1334 1867 1540 1923 Ἀμειψία]
1573 1868 1638 1908 καὶ
1661 1865 1778 1908 ’·-Επι

218 1929 353 1985 χάρμῳ
384 1929 428 1974 ἐν
456 1925 683 1983 Ἀταλαντῃ.

777 2253 1222 2304 ΕῩΒΟῩΛΟΣ

832 2360 951 2399 Mein.
972 2359 992 2397 I
1013 2358 1094 2397 355
1113 2372 1170 2408 sq.

876 2480 1134 2515 ΑΓΚΤΛΙΩΝ

336 2565 469 2604 Schol.
499 2563 622 2603 Arist.
644 2562 765 2613 Vesp.
800 2563 907 2601 1178
935 2558 1209 2613 Ἀγκυλίων
1239 2557 1302 2598 ἐπὶ
1332 2564 1386 2613 τῷ
1415 2552 1489 2607 τήν
1517 2555 1661 2610 μητέρα
1689 2555 1779 2612 (κα-

221 2627 301 2667 κῶς
330 2622 418 2660 add.
450 2619 610 2670 Portus)
650 2616 874 2657 διατιθέναι
913 2613 1208 2671 (κωμῳδεῖται).
1266 2617 1370 2656 unde
1400 2616 1620 2654 Meinekius
1648 2615 1668 2653 I
1697 2616 1778 2654 359

224 2679 486 2728 Aneylionem
516 2679 719 2727 tamquam
745 2676 912 2715 alterum
934 2675 1212 2724 Phidippidem
1243 2675 1410 2712 matrem
1433 2673 1660 2711 verberasse
1691 2684 1779 2711 con-

223 2736 331 2773 iecit.
380 2735 545 2772 dubium
575 2736 708 2772 tamen
739 2745 822 2771 esse
852 2733 984 2781 potest
1013 2731 1212 2769 Eubuline
1242 2730 1378 2769 fabula
1406 2729 1658 2778 respiciatur,
1689 2740 1779 2766 cum

223 2792 343 2829 etiam
375 2791 509 2829 Alexis
539 2789 794 2839 Anoylione‘m
832 2788 1044 2837 scripserit.
1102 2787 1180 2826 nisi
1218 2786 1321 2824 forte
1360 2786 1400 2824 id
1437 2796 1582 2823 nomen
1619 2786 1661 2822 in
1689 2796 1778 2834 pro-

222 2848 357 2888 verbio
389 2850 486 2896 erat,
519 2847 628 2884 euius
658 2845 847 2884 indicium
876 2844 1001 2882 latere
1032 2843 1188 2882 videtur
1205 2842 1311 2892 apud
1334 2842 1535 2880 Millerum
1555 2838 1778 2894 (Melanges
