1890 3190
292 184 369 226 120
901 185 1219 220 ΑΝΤῙΦΑΝΟΤΣ
1813 146 1842 202 Ἰ

400 289 595 328 Stobaeus
623 290 761 328 Floril.
795 290 863 337 73,
880 289 933 327 52
969 282 1231 338 Ἀντιφάνους
1261 288 1310 327 Α.
1370 288 1561 328 Arsenius
1593 288 1694 329 Viol.
1738 289 1838 330 129.-

287 347 324 384 3.
358 342 417 383 ὅτι
446 345 587 396 Mein]
621 341 678 383 ὅτ’
712 345 760 383 Α.
819 338 914 382 ὅταν
943 344 1058 386 Voss.
1707 369 1715 374 -

506 495 514 500 .
1016 454 1100 497 253

489 535 535 575 τί
562 531 671 588 φήςς
711 535 871 575 λαθεῖν
901 535 1042 588 ζητῶν
1072 547 1113 575 τι
1142 530 1261 587 πρὸς
1283 530 1468 587 γυναῖκ’
1501 532 1618 587 ἐρεῖς

488 598 538 642 τὸ
573 602 777 655 πράγμα;
809 598 884 643 καὶ
913 602 959 642 τί
984 602 1116 643 τοῦτο
1147 598 1380 655 διαφέρειν
1410 602 1497 641 οἰέι

487 664 517 722 ἦ
548 669 655 710 πᾶσι
684 674 776 718 τοῖς
806 666 993 723 κήρυξιν
1025 667 1076 710 ἐν
1107 665 1248 723 ἀγορᾷ
1281 667 1475 748 φράσαι;

401 761 596 801 Stobaeus
617 762 754 800 Floril.
780 762 844 811 74,
857 763 880 799 9
899 757 1164 855 Ἀντιφάνους
1182 761 1230 800 A.
1260 751 1417 812 γυναῖκ’
1441 761 1610 800 Person.
1620 760 1724 801 Adv.
1735 759 1838 815 304]

288 819 474 870 γυναῖκα.
541 815 661 870 ἐρεῖς]
700 815 778 870 ἔρις
818 792 868 856 A.
995 815 1276 868 Ἆδιαφέρειν
1312 815 1387 855 οιέι
1423 814 1612 871 Persem]
1649 816 1840 870 διαφέρει.

289 873 378 913 λίαν
407 871 585 926 διαφέρει
614 874 661 912 Β.
1016 926 1100 968 254

522 1006 714 1060 μάλιστα
745 1003 788 1046 δ’
821 1004 1056 1061 ἐκπλήττει
1085 1020 1139 1059 με
1170 1007 1260 1046 τῶν
1291 1005 1567 1048 συνειδότων

519 1070 543 1115 ὁ
572 1071 759 1128 χρόνος,
791 1070 846 1115 ὃν
877 1071 944 1115 ἀεὶ
975 1072 1224 1115 λανθάνειν
1254 1071 1482 1128 ἀμηχανῶ.

402 1156 593 1195 Stobaeus
623 1156 761 1206 Eolog.
790 1157 907 1206 phys.
932 1157 966 1204 1,
989 1157 1027 1207 8,
1048 1156 1072 1194 5
1100 1150 1364 1205 Ἀντιφάνους
1395 1155 1475 1195 ‘sic
1504 1156 1539 1195 A
1570 1158 1615 1195 ut
1643 1156 1837 1196 videtur’.

288 1213 411 1253 Gaisf.
503 1215 538 1251 1.
568 1226 615 1263 με
645 1212 736 1253 add.
769 1212 899 1251 VAE.
988 1213 1026 1250 2.
1057 1208 1272 1262 ἀμηχανῶν
1301 1211 1352 1252 V.

927 1370 930 1372 Α
1018 1320 1102 1363 255

490 1399 539 1442 τὸ
571 1403 711 1456 γῆρας
739 1399 891 1454 ὥσπερ
920 1399 1071 1455 βωμός
1102 1399 1196 1442 ε’στι
1226 1403 1318 1442 τῶν
1347 1403 1520 1443 κακῶν·

492 1464 623 1510 πάντ’
657 1467 748 1511 ἔστ’
783 1468 898 1510 ίδειν
929 1468 991 1517 εἰς
1019 1470 1153 1510 τοῦτο
1183 1469 1567 1523 καταπεφευγότα.

400 1562 593 1601 Stobaeus
614 1562 752 1601 Floril.
778 1563 932 1609 116,15
963 1566 1033 1600 τοῦ
1062 1557 1187 1600 αὐτοῦ
1216 1558 1516 1616 (Ἀντιφάνους)
1550 1562 1599 1601 A.
1646 1563 1837 1604 Αιεοιιίιιε

296 1619 398 1658 Viol.
435 1620 526 1657 130.
642 1620 680 1657 2.
720 1617 821 1657 ἰδεῖν
857 1610 930 1670 γὰρ
961 1618 1099 1658 Arsen.
1131 1639 1184 1645 -—
1215 1632 1252 1658 v.
1286 1620 1307 1656 1
1341 1619 1591 1660 scribendum
1619 1622 1681 1659 est
1709 1616 1870 1670 ωσπερ-Υ

288 1673 444 1727 ὅρμος
474 1672 576 1725 ἐστὶ,
616 1676 718 1714 conl.
758 1688 875 1725 quem
916 1675 1053 1714 attulit
1087 1675 1308 1714 Meinekius
1341 1675 1453 1715 Bion.
1484 1675 1600 1726 Diog
1631 1676 1675 1715 L.
1706 1677 1754 1727 4,
1785 1677 1839 1715 48

288 1730 331 1771 τὸ
354 1736 484 1796 ,γῆρας
511 1726 675 1783 ἔλεγεν
662 1727 783 1782 όρμον
804 1725 905 1770 εἶναι
925 1735 1005 1769 τῶν
1024 1736 1182 1770 κακων·
1223 1731 1279 1778 εἰς
1308 1727 1406 1770 αὐτὸ
1435 1736 1534 1782 γοῦν
1564 1730 1694 1771 πάντα
1722 1746 1838 1771 κατα·

288 1801 461 1840 φευγειν.

1020 1841 1103 1883 256

492 1912 527 1962 ὦ
557 1922 715 1975 γῆρας,
748 1919 808 1969 ὡς
836 1917 974 1962 ἅπασι
1003 1926 1096 1969 τοῖς
1125 1922 1308 1975 ζητοῦσί
1333 1932 1384 1963 σε

491 1988 646 2042 ψέγειν
676 1985 883 2042 ἀφορμὰς
912 1988 1170 2042 παραδίδως
1197 1990 1278 2029 τοῦ
1307 1989 1577 2043 πράγματος.

405 2070 598 2109 stobaeus
618 2070 758 2109 Floril.
782 2071 872 2122 116,
897 2071 947 2108 16
972 2065 1236 2118 Ἀντιφάνους
1259 2072 1307 2109 A.
1400 2073 1435 2109 1.
1467 2066 1540 2124 ὥς]
1572 2067 1670 2117 ὅσας
1701 2070 1840 2110 Cobet.

288 2128 337 2166 N.
360 2128 385 2168 l.
412 2128 504 2166 138.
594 2128 631 2165 2.
661 2123 817 2178 ψέγειν]
847 2122 974 2177 λέγειν
1003 2127 1047 2164 Β.

1030 2235 1113 2278 257

519 2317 640 2370 οἴμοι
669 2313 824 2368 τάλας,
858 2312 917 2365 ὠς
946 2312 1110 2375 &ima-nov
1139 2313 1248 2357 ὅταν
1278 2313 1305 2370 ἡ
1335 2315 1418 2370 μὲν
1447 2316 1556 2370 τύχη

520 2383 627 2437 λίπῃ
657 2380 778 2432 τινὸς
807 2380 890 2437 τὴν
919 2381 1067 2436 τάξιν,
1098 2378 1123 2424 ὁ
1151 2382 1200 2426 δὲ
1231 2384 1395 2438 τρόπος
1423 2382 1547 2437 μένῃ.

404 2476 597 2516 Stobaeus
626 2476 764 2518 Floril,
788 2476 916 2524 107,5
944 2471 1208 2526 Ἀντιφάνους
1239 2476 1288 2514 A.
1349 2488 1424 2515 om.
1457 2476 1586 2516 Trina.
1676 2477 1714 2516 2.
1742 2472 1843 2530 μένῃ

291 2530 442 2586 Gaisf]
471 2530 573 2583 μένῃ
603 2532 653 2571 Α.

1028 2587 1111 2628 258

493 2668 640 2714 καλῶς
670 2661 889 2707 πένεσθαι
918 2665 1091 2718 μᾶλλον
1119 2663 1148 2719 ἢ
1178 2642 1391 2706 πλουτείν
1422 2667 1589 2714 κακῶς·

491 2731 542 2774 τὸ
573 2732 656 2787 μὲν
685 2730 773 2787 γάρ
804 2733 955 2786 ἔλεον,
986 2729 1037 2774 τὸ
1066 2730 1107 2773 δ’
1143 2731 1394 2787 ἐπιτίμησιν
1424 2732 1565 2787 φέρει.

405 2826 600 2867 Stobaeus
633 2826 770 2866 Floril.
794 2828 860 2882 97,
885 2827 905 2864 1
933 2819 1196 2876 Ἀντιφάνους
1217 2825 1267 2868 Α.
1305 2826 1444 2881 Arsen.
1466 2826 1569 2865 Viol.
1596 2826 1688 2864 138.
1732 2839 1784 2869 .v.
1816 2827 1838 2864 1
