1864 3204
214 196 298 238 200
859 195 1134 231 E‘rsso‘er‘r

485 304 506 337 5
535 297 688 346 κισσὸς
717 295 839 346 ὅπως
869 296 1053 352 καλάμῳ
1083 296 1351 351 περιφύεται

535 362 779 418 αὐξόμενος
809 365 938 418 ἔαρος
969 361 1240 418 ὀλολυγόνος

535 434 667 485 ἔρωτι
696 430 1014 486 κατατετηκώς.

330 526 561 565 Athenaeus
585 527 648 576 15,
661 526 778 565 679b
809 523 1054 574 στέφανον.
1074 523 1162 564 ,τὸν
1191 523 1405 577 στρούθιον
1434 524 1699 590 καλούμενον,
1721 519 1771 565 οὗ

219 580 414 634 μέμνηται
451 581 524 632 μὲν
560 577 582 620 ὁ
610 577 922 632 Ἀσκληπιάδης,
953 578 1269 648 παρατιθέμενος
1300 580 1346 620 τὰ
1377 579 1419 620 ἐκ
1450 587 1530 621 τῶν
1565 577 1771 633 Εὐβούλου

222 636 597 687 Στεφανοπωλίδων
637 643 758 676 ταῦτα
796 639 875 677 κτλ.
925 635 1106 676 πλέκεται
1142 632 1183 675 δ’
1213 639 1327 684 οὗτος
1366 636 1409 675 ἐκ
1449 643 1519 677 τοῦ
1555 637 1772 690 στρουθίου

223 693 469 746 καλουμένου
498 692 668 741 α’νθους.
760 697 795 732 1.
829 692 889 746 ἐν]
921 692 938 732 ἐ
967 695 1011 733 in
1038 707 1176 733 rasura
1206 692 1277 733 111.1
1299 695 1348 733 A.
1427 697 1466 734 3.
1497 696 1564 745 sic,
1596 697 1681 735 sine
1710 708 1772 735 ac·

219 755 336 791 centu
367 755 512 801 tamen,
543 764 623 790 non
654 750 913 800 συνίλλεσται,
942 750 990 789 Α.
1024 751 1073 789 cf.
1097 750 1235 790 Cobet.
1258 752 1308 790 N.
1330 751 1356 789 1.
1379 752 1475 790 457.
1554 726 1591 790 ⁷5.
1623 761 1777 802 κισσος,·

219 807 382 859 καλοῖμω
412 811 452 847 et
483 810 521 849 6.
550 803 782 859 ὀλολυγονος
811 807 860 845 A.

334 865 529 914 plurimae
559 864 602 902 in
631 864 896 914 pulcherrima
925 864 997 902 hac
1027 864 1163 914 ecloga
1193 865 1559 904 commemorandae
1589 866 1682 903 sunt
1704 865 1770 904 ho-

220 922 371 960 minum
393 922 599 960 doctorum
621 921 884 959 coniecturae.
945 921 982 957 1.
1016 916 1166 970 δώματι
1186 920 1305 960 Mein.
1337 921 1429 959 fort.
1453 918 1523 959 ἐνὶ
1543 915 1773 974 δώματιΙῷ.

222 979 260 1017 2.
291 973 567 1029 ἆβροφόρητον
604 979 644 1015 et
682 972 816 1027 (Anal.
848 976 943 1014 Ath.
976 974 1075 1026 328)
1114 971 1346 1027 αερόφοιτον
1375 978 1495 1016 Mein.
1581 978 1687 1016 idem
1716 978 1774 1017 la-

222 1047 361 1073 cunam
392 1034 595 1080 infficavit,
634 1046 750 1083 quam
781 1044 876 1071 voce
907 1029 1104 1081 στέφανον
1134 1034 1267 1083 explet
1297 1033 1343 1071 G.
1366 1033 1416 1071 A.
1437 1034 1636 1084 Hirschig.
1667 1034 1772 1073 Ann.

222 1091 308 1129 crit.
343 1092 381 1128 7.
438 1090 536 1127 mihi
574 1090 615 1127 in
653 1090 762 1128 exitu
801 1089 1051 1127 scribendum
1088 1089 1246 1128 videtur
1282 1086 1638 1139 αὐροδόνητον
1734 1091 1772 1129 3.

223 1145 458 1197 πτερύγωμα
489 1146 691 1185 Herwerd.
713 1146 857 1184 Mnem.
877 1158 967 1184 nov.
990 1145 1072 1183 IIII
1094 1146 1188 1184 322.
1229 1144 1476 1211 περίδημα
1506 1147 1554 1185 Κ.
1594 1147 1636 1184 in
1667 1147 1775 1185 exitu

222 1216 261 1241 τε
293 1203 504 1241 delendum
534 1204 603 1241 est.
679 1203 717 1240 3.
749 1198 950 1251 ἡδύτατον
979 1201 1099 1240 Mein.
1105 1197 1239 1251 ηδ
1215 1214 1426 1252 υπνοον,
1457 1203 1774 1253 coniungendam

222 1273 309 1298 cum
348 1257 566 1310 περίδημα,
604 1258 652 1296 Κ.
769 1259 807 1296 5.
840 1258 1091 1296 scribendum
1122 1260 1184 1296 est
1213 1257 1453 1311 πλατάνῳ.
1572 1261 1610 1298 6.
1643 1257 1775 1311 ειάρος

223 1311 441 1366 αὐξομένου
472 1315 605 1364 Mein„
635 1311 854 1365 αὐξομένοις
885 1311 989 1363 ω’ρας
1019 1314 1163 1364 Bergk,

342 1375 378 1409 1.
410 1368 539 1422 μάκαρ
568 1365 668 1419 ἥτις.
706 1371 758 1409 cf.
791 1383 890 1420 quae
921 1371 971 1408 ad
1001 1369 1125 1408 Arist.
1146 1370 1222 1410 Av.
1249 1372 1354 1410 1723
1385 1372 1675 1411 adnotavimus.
1735 1372 1774 1410 4.

173 1450 180 1456 ·
227 1427 403 1478 νυμφίον
433 1425 612 1478 εὔτριχα,
650 1429 696 1465 ut
725 1424 873 1478 εὔτριχι
901 1425 1018 1478 πώλῳ
1049 1426 1199 1466 Cratin.
1231 1429 1296 1466 87.
1413 1429 1451 1466 5.
1492 1428 1541 1466 cf.
1574 1428 1773 1477 Theophr.

225 1484 340 1524 Caus.
371 1485 425 1534 pl.
459 1486 496 1533 2,
521 1485 584 1534 18,
611 1485 648 1522 3.
757 1485 795 1522 6.
835 1479 1048 1534 ὀλολυγόνα
1078 1483 1299 1522 Lobeckius
1329 1483 1510 1523 Rhemat.
1541 1485 1622 1522 324
1652 1486 1774 1523 inter-

223 1543 403 1591 pretatur
432 1541 639 1579 Ka‘uzlein.
689 1540 786 1578 mihi
816 1539 879 1578 hic
916 1539 1077 1588 quidem
1107 1541 1274 1579 luscinia
1303 1540 1378 1578 dici
1408 1541 1577 1579 videtur.
1628 1541 1774 1579 hedera¹

225 1599 403 1636 arborem
433 1597 706 1646 amplectitur,
745 1598 791 1634 ut
820 1596 1027 1634 lusciniam
1057 1596 1097 1634 in
1129 1596 1213 1635 eius
1242 1597 1362 1635 ramis
1393 1599 1599 1635 canentem
1627 1597 1775 1636 audiat.

225 1655 341 1693 aliter
377 1656 511 1691 tamen
549 1653 792 1691 Meinekius:
838 1654 1014 1690 extrema
1054 1652 1125 1690 ‘ad
1163 1653 1405 1703 incognitam
1441 1653 1555 1692 nobis
1601 1653 1776 1692 fabulam

226 1713 403 1760 spectare
433 1710 621 1748 videntur
651 1709 698 1747 de
729 1708 841 1747 Cisso
876 1709 1025 1757 (Noun.
1059 1710 1124 1757 12,
1147 1710 1213 1747 97.
1239 1710 1330 1747 188.
1368 1709 1483 1748 Paus.
1517 1711 1560 1754 1,
1582 1706 1654 1763 31)
1686 1708 1777 1748 Olo-

226 1767 384 1817 lygonis
415 1766 612 1816 nymphae
643 1778 775 1804 amore
804 1765 1064 1806 tabescente'.
1101 1765 1255 1804 fallitur
1283 1766 1331 1803 Ε.
1353 1765 1530 1804 Rhodius
1561 1765 1631 1804 Gr.
1662 1765 1777 1804 Rom.

229 1823 321 1861 158.
347 1825 369 1860 9
403 1823 449 1860 de
483 1821 582 1861 Cissi
610 1820 840 1871 Calamique
871 1834 1002 1860 amore
1033 1822 1224 1871 cogitans,
1255 1834 1344 1860 cum
1374 1822 1541 1860 Nonnus
1570 1822 1671 1860 nihil
1700 1822 1778 1860 nisi

228 1879 382 1918 Cissum
414 1881 453 1916 et
481 1878 677 1928 Ampelon
709 1891 731 1915 a
761 1877 920 1916 Calamo
953 1878 1140 1916 sustineri
1168 1881 1316 1918 narret.
1350 1900 1399 1905 -—
1439 1881 1601 1928 excepto
1632 1878 1776 1917 ultimo

227 1947 363 1974 versus
400 1935 585 1973 videntur
620 1934 806 1984 dactylici
845 1946 941 1972 esse.
1002 1935 1168 1974 fortasse
1204 1934 1299 1974 haec
1335 1947 1380 1972 ea
1416 1935 1548 1984 puella
1584 1934 1776 1985 recitavit,

229 2005 328 2042 quae
357 1992 405 2030 fir.
430 1991 507 2028 105
540 1991 778 2040 adpellatur.

961 2065 1041 2107 105

612 2144 836 2198 Αἰγίδιον,
867 2140 925 2185 σὺ
953 2143 1003 2185 δὲ
1032 2143 1165 2185 τόνδε
1194 2143 1408 2199 φορήσεις

613 2212 837 2265 στέφανον
867 2213 1192 2252 πολυποίκιλον
1221 2209 1418 2266 ἀνθέων,

610 2277 910 2333 γρυπότατον,
942 2278 1244 2333 χαριέστατον,
1277 2272 1313 2321 ὦ
1343 2281 1446 2320 Ζεῦ.

615 2348 680 2396 τίς
709 2344 795 2401 γὰρ
826 2344 965 2389 αὐτὸν
996 2347 1158 2401 ἔχουσα
1189 2345 1382 2400 φιλήσει.

345 2441 573 2479 Athenaeus
598 2441 660 2489 15,
673 2442 751 2479 679
764 2440 818 2478 de
848 2436 1048 2491 καταλέγει
1069 2435 1114 2477 δὲ
1132 2436 1341 2488 Εὔβουλος
1371 2437 1438 2477 καὶ
1464 2435 1609 2485 ἄλλους
1637 2434 1780 2487 στεφά-

233 2511 326 2543 νους
356 2500 436 2536 κτλ.
468 2519 520 2523 -
552 2498 601 2535 cf.
630 2497 680 2534 fr.
714 2498 778 2536 99.
869 2497 907 2535 2.
940 2494 1009 2534 τὸν
1039 2506 1095 2533 στ.
1127 2496 1280 2535 Iacobs.
1311 2496 1417 2534 Add.
1437 2495 1532 2534 Ath.
1555 2496 1649 2534 355.
1737 2497 1777 2534 3.

231 2550 445 2620 ὑγρότατον
475 2552 522 2592 G.
542 2552 590 2591 A.
612 2552 811 2602 Hirschig.
843 2553 948 2591 Ann.
980 2553 1065 2591 crit.
1091 2553 1126 2590 7.
1214 2553 1252 2594 4
1284 2550 1323 2589 τί
1347 2564 1445 2602 γαρ;
1476 2552 1621 2602 Bergk.
1709 2564 1778 2599 φι-

231 2606 361 2678 λησεις
390 2609 510 2648 Mein.
553 2605 630 2661 (τίς
668 2606 742 2660 γὰρ
771 2604 824 2646 niv
853 2605 976 2646 αὐτὸν
1005 2604 1133 2658 ἐ’χουσ’
1157 2604 1367 2658 ἇφίλητος;
1398 2608 1438 2646 in
1468 2604 1582 2660 Ath.)
1613 2607 1778 2646 fortasse

231 2679 291 2712 τις
311 2663 386 2716 γὰρ
405 2662 458 2703 ἀν
477 2660 600 2704 αὐτὸν
629 2661 762 2715 ἔχουσ’
783 2660 924 2714 α’φιλος
954 2661 1084 2715 μένοις

348 2720 427 2768 Αἴξ
464 2722 714 2761 meretricum
751 2733 967 2771 cognomen
1008 2722 1094 2759 erat
1124 2719 1320 2771 (Machon.
1351 2720 1495 2759 Athen.
1531 2721 1594 2769 13,
1617 2719 1698 2758 583
1711 2719 1778 2767 cd

238 2775 405 2831 584ef),
437 2778 617 2827 inprimis
646 2777 794 2816 Nannii
826 2773 988 2829 (587a)‚
1019 2789 1138 2826 quam
1159 2776 1383 2827 Hyperides
1405 2777 1780 2815 commemoraverat

235 2831 277 2871 ἐν
307 2839 358 2887 τῷ
388 2831 487 2871 κατὰ
520 2831 805 2885 Πατροκλέους.
857 2833 907 2872 cf.
936 2832 1124 2882 Amphid.
1157 2834 1221 2872 23.
