1864 3204
195 202 278 244 254
854 187 1099 234 Emnnor'

864 302 1081 336 EMHOAH

308 374 466 412 Titulus
496 373 695 422 quomodo
716 353 971 422 expl'icandus
1001 372 1054 410 sit
1081 384 1161 410 non
1181 373 1351 410 constat.
1402 384 1493 410 nam
1524 369 1748 410 casauboni

195 431 356 480 quidem
409 430 783 479 interpretationem
836 427 1019 481 (Sueten.
1065 427 1189 478 Calig.
1231 429 1286 467 40
1330 442 1368 477 p.
1407 423 1509 480 413)
1560 427 1750 466 refutavit

195 487 416 525 Meinekius
445 486 465 524 Ι
495 487 590 524 352.

606 614 1011 638 ΙΙΙΙΙΙΙ

464 685 575 741 τύχη
606 699 671 734 τις
699 681 848 740 ἡμῶν,
882 683 1185 726 ἐκολάκευσεν
1214 677 1378 738 ἡδέως,
1454 683 1457 686 ’

466 753 681 808 ἐφίλησεν
711 751 812 807 οὐχὶ
842 751 1125 806 συμπιέσασα
1153 748 1205 792 τὸ
1236 749 1378 804 στόμα

463 819 615 875 ὥσπερ
645 821 881 874 πολέμιον,
913 817 1027 861 ἄλλα
1057 825 1173 861 τοῖσι
1204 820 1464 872 στρουθίοις

415 897 435 928 5
465 885 649 942 χανοῦσ’
684 885 865 942 ὁμοίως,
895 880 995 942 ἧσε,
1028 885 1404 941 παρεμυθήσατο,

451 948 651 1009 ε’ποίησέ
675 952 722 996 θ’
757 953 914 1008 ἱλαρὸν
946 952 1117 1004 εὐθέως
1146 952 1187 995 τ’
1220 952 1379 1008 ἀφεῖλε
1409 956 1500 996 πᾶν

466 1020 607 1064 αὐτοῦ
638 1019 687 1063 τὸ
719 1023 895 1064 λυποῦν
927 1019 1186 1071 κάπέδειξεν
1215 1020 1364 1063 ἵλεων.

309 1106 535 1144 Athenaeus
566 1105 614 1154 8,
637 1105 749 1143 3630
784 1101 845 1142 ὅτι
880 1100 923 1141 δὲ
954 1097 1022 1142 τὸν
1051 1099 1178 1142 αυτὸν
1207 1101 1325 1141 ι’λεων
1352 1101 1420 1142 καὶ
1450 1095 1588 1154 ἱλαρὸν
1617 1100 1750 1152 ελεγον

195 1161 311 1212 δηλοῖ
325 1160 530 1211 ’Ἔφιππος
561 1158 605 1199 ἐν
635 1165 688 1214 τῷ
718 1158 1016 1213 ἐπιγραφομένῳ
1046 1158 1213 1211 δράματι
1241 1155 1434 1210 Ἐμπολή·
1478 1157 1567 1211 περὶ
1597 1156 1752 1211 ἑταίρας

196 1217 237 1256 δέ
268 1232 374 1264 τινος
403 1215 504 1270 λέγει
532 1218 611 1255 κτλ.
663 1218 772 1255 idem
806 1219 880 1267 13,
903 1218 1017 1256 571e
1053 1214 1142 1267 περὶ
1171 1213 1215 1254 δὲ
1244 1219 1325 1254 τῶν
1355 1213 1525 1266 ἑταιρῶν
1545 1214 1750 1265 ’Ἐφιππος

196 1268 407 1341 (εὔσχημος
437 1273 494 1338 A)
526 1271 570 1312 ἐν
578 1268 769 1339 Ἐμπολῇ
799 1271 892 1311 ταὸε
922 1272 1048 1341 φησίν
1075 1273 1450 1312 κτλ.Ε118181111118
1484 1274 1613 1320 1411,
1636 1274 1661 1311 8
1693 1285 1749 1318 τις

197 1326 370 1382 κωμικὸς
401 1322 526 1370 είπων
561 1325 614 1375 ὡς
651 1326 907 1368 ἐκολάκευσεν
935 1326 982 1367 οὐ
1011 1326 1260 1379 συμπιέσασα
1290 1326 1333 1367 τὸ
1362 1327 1487 1380 στόμα
1517 1326 1649 1380 ω’σπερ
1677 1341 1750 1366 πο-

194 1386 347 1439 λέμιος,
390 1383 487 1425 ἀλλὰ
525 1389 626 1425 τοῖσι
664 1385 874 1438 στρουθίος
911 1391 1115 1450 χαυνοῦσα
1153 1382 1310 1436 ὁμοίως.
1349 1407 1404 1413 --
1446 1388 1481 1424 1.
1513 1383 1597 1424 ἐπεὶ
1633 1399 1679 1422 τα
1707 1381 1747 1436 γ’

196 1446 232 1483 Α
264 1446 360 1483 363.
392 1439 514 1482 ἔπειτ’
533 1439 586 1481 ἂν
626 1443 748 1483 Mein.
780 1456 830 1481 an
861 1436 995 1480 ἔπειτά
1025 1456 1044 1479 τ
1051 1438 1096 1481 ’Ῥ
1140 1438 1314 1480 εἰσιόντα
1344 1443 1379 1480 Α
1409 1443 1632 1492 utrubique.
1681 1443 1749 1479 λυ-

138 1519 141 1522 ·
197 1499 408 1551 πούμενοις
440 1496 531 1553 (sic)
553 1500 589 1538 A
620 1500 714 1538 363
804 1500 843 1537 2.
874 1491 988 1549 ὑμῶν
1007 1499 1043 1537 Α
1066 1499 1160 1537 571.
1206 1494 1354 1548 ηδέως,
1385 1496 1571 1567 ἐφίλησεν
1591 1498 1628 1536 Α
1649 1494 1749 1549 363]

195 1553 224 1607 ἢ
253 1556 516 1606 κατεφίλησεν
552 1556 588 1594 A
619 1556 716 1594 571.
778 1552 940 1604 ἐφίλησέ
975 1551 1008 1592 τ’
1050 1555 1168 1594 Mein.
1284 1556 1323 1593 4.
1360 1552 1544 1606 πολέμιον
1580 1555 1617 1592 Α
1648 1551 1748 1623 571]

195 1611 377 1663 πολέμιος
409 1615 442 1651 Α
475 1613 570 1652 363.
646 1612 684 1649 5.
716 1607 884 1661 χανοῢσ’
915 1609 1053 1662 Mein]
1085 1615 1291 1668 χαυνοῦσα
1319 1612 1558 1680 utrubique
1566 1612 1613 1650 A.
1662 1603 1750 1660 ἧσε,

195 1668 562 1721 παρεμ.Τ111·1191).]
594 1665 668 1718 ἧσε
696 1682 836 1720 παρεμ.
869 1668 904 1706 Α
937 1669 1030 1707 363.
1074 1668 1125 1718 ἡς
1156 1665 1315 1720 ἕπαρεμ.
1347 1668 1384 1706 Α
1406 1669 1500 1707 571.
1531 1661 1618 1721 ᾖσε,
1649 1679 1750 1718 παρ-

196 1741 254 1777 εμ.
285 1727 380 1765 VL.
484 1727 522 1765 6.
554 1721 707 1771 εὐθέως
736 1738 776 1763 τε
808 1726 842 1764 Α
873 1722 974 1776 571]
1004 1719 1157 1770 εὐθέως
1186 1726 1222 1763 Α
1253 1725 1348 1763 363.
1459 1726 1497 1763 7.
1527 1725 1685 1762 λυποῦν
1713 1723 1750 1761 Α

200 1781 302 1835 363]
331 1779 475 1820 λοιπὸν
504 1783 540 1820 Α
571 1782 668 1820 571.

308 1836 493 1889 πολέμιον
521 1852 557 1878 v.
588 1838 615 1876 4
645 1837 865 1876 Meinekius
904 1838 1041 1888 utique
1078 1839 1312 1887 corruptum
1354 1838 1502 1876 censet.
1608 1836 1647 1874 5.
1677 1846 1750 1884 pro

195 1889 264 1946 ἧσε
301 1896 551 1934 scribendum
589 1890 731 1944 ὁμοίως
778 1891 934 1932 ἔκυσε.
1001 1907 1127 1943 neque
1168 1908 1203 1933 v.
1244 1896 1267 1932 6
1313 1891 1455 1944 ἱλαρόν
1493 1905 1629 1932 verum
1665 1904 1750 1930 esse

197 1953 333 1991 credo:
366 1952 593 1990 Athenaeus
624 1951 729 1989 enim
760 1948 879 1989 ἵλεων
898 1962 970 2001 pro
992 1948 1130 2001 ἱλαρόν
1149 1950 1376 2000 Ephippum
1398 1949 1544 1988 dixisse
1564 1949 1749 1998 testatur,

196 2021 277 2047 non
315 2010 530 2058 utrumque
566 2004 813 2058 ταυτολόγως
853 2007 1116 2047 coniunxisse.
1182 2007 1352 2045 fortasse
1391 2002 1546 2054 ἐποίησέ
1583 2001 1617 2042 τ’
1659 2001 1749 2042 εὔ-

199 2061 345 2115 φρον’
379 2061 531 2110 εὐθέως
561 2065 642 2102 κτλ.
1722 2078 1730 2084 ·

966 2117 988 2157 7

671 2201 883 2237 κοινωνεῖ
908 2194 1017 2248 γάρ,
1050 2186 1084 2235 ὦ
1115 2192 1374 2248 μειράκιον,
1405 2190 1432 2247 ἡ

403 2264 452 2305 ἐν
482 2271 625 2306 τοῖσιν
656 2261 811 2312 αὐλοῖς
840 2260 1034 2316 μουσικὴ
1065 2261 1151 2304 κᾶν
1180 2264 1234 2317 τῇ
1266 2260 1380 2317 λύρα

401 2338 492 2380 τοῖς
520 2330 773 2386 ἡμετέροισι
801 2331 1044 2383 παιγνίοις·
1083 2327 1193 2371 ὅταν
1218 2326 1306 2384 γὰρ
1337 2321 1387 2370 εὖ

403 2398 667 2454 συναρμόσῃ
697 2413 763 2446 τις
791 2404 885 2447 τοῖς
914 2399 1108 2439 συνοῦσι
1137 2394 1217 2438 τὸν
1245 2397 1439 2451 τρόπον,

344 2475 364 2506 5
395 2463 497 2508 τόθ’
531 2463 557 2520 ἡ
582 2467 770 2520 μεγίστη
800 2464 954 2519 τέρψις
985 2463 1299 2519 ἐξευρίσκεται.

315 2559 544 2598 Athenaeus
578 2559 650 2606 14,
673 2560 767 2597 617.
793 2559 843 2596 18
874 2556 963 2608 περὶ
992 2556 1036 2595 δὲ
1065 2556 1133 2608 τῆς
1163 2551 1299 2595 ανλῶν
1326 2549 1424 2606 πρὸς
1454 2554 1578 2603 λύραν
1607 2568 1748 2594 κοινω-

198 2615 317 2662 νίας.
365 2614 588 2664 ΚΈῳιππος
618 2612 662 2652 ἐν
686 2611 880 2680 Ἐμπολῇ
890 2623 1016 2664 φησιν
1043 2615 1126 2652 κτλ.
1214 2615 1250 2653 1.
1279 2607 1306 2662 ἡ
1331 2612 1338 2662 Ι
1363 2609 1408 2650 ἐν
1436 2609 1590 2664 Dindf]
1619 2626 1671 2661 ην
1699 2612 1749 2652 Α.

199 2673 243 2710 εὐ
272 2665 325 2724 l‘
303 2687 329 2721 η
353 2666 394 2710 ’ν
413 2671 701 2710 Μθ111.111Α111.
762 2673 800 2709 2.
831 2663 967 2716 αυλοις
990 2692 1039 2697 -
1063 2669 1109 2719 τῆ
1129 2672 1169 2709 et
1198 2671 1237 2708 3.
1267 2681 1464 2719 παιγνιοις
1484 2669 1533 2707 Α.
1593 2669 1632 2707 4.
1656 2663 1747 2706 συν-

199 2733 317 2765 οὖσιν
346 2727 387 2766 οἶ
412 2723 551 2778 τοόποι
581 2727 1102 2766 MeinsAnal.Ath.296.
1139 2728 1259 2768 111111
1297 2726 1416 2764 etiam
1446 2719 1750 2776 συναρμόσωσιν

201 2785 454 2823 scribendum
477 2787 572 2822 erat.
623 2783 719 2822 mihi
748 2785 951 2833 praeterea
980 2782 1095 2822 initio
1118 2784 1303 2820 κοινωνεῖ
1328 2794 1375 2820 ex
1397 2781 1588 2820 Athenaei
1616 2780 1749 2820 verbis

200 2839 272 2888 τῆς
302 2840 512 2886 κοινωνίας
534 2842 665 2878 ortum
695 2842 735 2905 et
756 2839 1005 2879 scribendum
1026 2839 1184 2878 videtur
1213 2839 1476 2888 συμφωνεῖ
1498 2851 1573 2889 γαρ
1602 2849 1647 2874 ευ
1670 2837 1766 2875 κτλ.’
