1864 3204
511 243 761 278 ΦιΛῐΣΚοΤ
786 243 1204 278 ΑΜΦῙΣΒΗΤΗΣΙΜΑ
1552 242 1637 286 443

596 368 644 418 Φ
670 368 695 418 Ι
723 369 774 419 Α
799 369 824 418 Ι
848 369 890 418 Σ
914 369 967 418 Κ
994 368 1037 419 O
1064 370 1106 418 Σ

652 474 873 513 Meinek.1
903 474 999 514 423.
1021 474 1060 512 4.

139 595 328 631 ΔΔΩΝΙΣ
351 596 637 631 ΔΡΤΕΜΙΔΟΣ
662 596 747 630 ΚΑΙ
771 596 1085 632 ΑΠΟΛΛΩΝΟΣ
1109 597 1261 633 ΓΟΝΑΙ
1288 598 1405 632 ΔΙΟΣ
1430 598 1577 633 ΓΟΝΑΙ

275 665 312 705 A
343 666 465 706 Suida
494 670 535 707 et
565 667 745 708 Eudocia
773 669 1118 708 commemoratae.
1151 669 1270 710 Mein.
1291 668 1311 707 I
1333 670 1430 708 424.

467 790 642 826 ΕΡΜΟΤ
667 790 751 825 ΚΑΙ
775 791 1061 826 ΑΦΡΟΔΙΤΗΣ
1083 791 1235 826 ΓΟΝΑΙ

352 862 389 900 Α
421 861 545 901 Suida
574 862 659 902 solo
689 864 1010 917 commemorata.
1058 862 1177 902 Mein.
1208 862 1228 900 Ι
1249 845 1351 901 424.

669 984 1036 1021 ΘΕΜΙΣΤΟΚΛΗΣ

187 1055 223 1094 Α
254 1054 375 1094 Suida
404 1058 445 1095 et
475 1055 652 1095 Eudocia
682 1058 1003 1096 commemorata.
1035 1057 1180 1108 tragici
1200 1056 1364 1096 Philisci
1396 1070 1481 1097 esse
1503 1059 1640 1098 censet

73 1112 245 1152 Meinek.
276 1111 297 1151 Ι
326 1113 423 1152 424.

545 1191 795 1225 ΟΛΤΜΠΟΣ
832 1191 1003 1226 ΠΑΝΟΣ
1025 1192 1178 1227 ΓΟΝΑΙ

190 1262 221 1301 Α
258 1261 381 1301 Suida
411 1263 451 1301 et
479 1262 655 1302 Eudocia
685 1264 1027 1302 commemoratae.
1078 1261 1252 1301 Meinek.
1286 1262 1305 1301 I
1335 1263 1432 1301 423.
1455 1263 1495 1301 4.

701 1385 1008 1434 ΦΙᾼΑΡΓΤΡΟΙ

850 1454 870 1494 1

375 1499 516 1572 εἰς’τὸ
545 1528 811 1576 μεταπεῖσαι
843 1521 1008 1578 ῥᾳδίως
1038 1520 1068 1563 δι’
1098 1521 1312 1577 βούλεται

365 1588 591 1640 πιθανούς
621 1591 740 1645 ἔχειν
771 1593 936 1633 εἴωθεν
965 1587 992 1646 ἡ
1023 1592 1154 1645 κλίνη
1186 1589 1365 1644 λόγους.

189 1673 381 1713 stobaeus
413 1674 550 1715 Floril.
583 1674 654 1724 73,
678 1674 731 1713 53
771 1672 965 1712 Φιλίσκου
1007 1671 1272 1725 Φιλαργύρων
1301 1675 1352 1712 Α.
1404 1670 1642 1725 Φιλαργύρῳ

77 1730 198 1770 Mein.
306 1732 346 1770 2.
383 1726 409 1781 ἡ
439 1729 554 1781 κλίνη
585 1733 646 1770 est
675 1732 792 1771 lectus
817 1732 1005 1782 qeniali83
1048 1743 1140 1769 nam
1173 1730 1274 1769 liber
1307 1731 1359 1769 73
1392 1729 1552 1769 Stobaei
1583 1729 1643 1768 in-

76 1787 247 1838 scriptus
278 1790 339 1827 est
369 1784 495 1840 ψόγος
527 1793 744 1840 γυναικῶν.

608 1910 816 1945 ΑΔΗΛΩΝ
842 1910 1109 1945 ΔΡΑΜΑΤΩΝ

848 1977 875 2019 2

349 2044 373 2088 ὁ
405 2044 649 2101 Πειραιεύς
678 2045 855 2102 κάρυον
884 2044 986 2102 μέγ’
1010 2044 1102 2089 ἐστὶ
1134 2047 1208 2088 καὶ
1239 2046 1388 2089 κενόν.

193 2130 443 2181 Anthologia
463 2130 592 2170 Palat.
607 2131 779 2181 11‚441.
811 2130 862 2169 cf.
884 2130 1008 2169 Arist.
1024 2129 1116 2169 Pac.
1140 2130 1233 2169 145.
1266 2131 1315 2168 fr.
1334 2130 1429 2168 608.
1461 2129 1643 2168 Pherecr.

78 2187 146 2226 34.
179 2187 334 2226 Alexid.
357 2187 452 2238 245,
473 2189 509 2229 1.
840 2242 867 2284 3

256 2320 463 2374 χρηστῶν
493 2317 662 2374 σφόδρ’
685 2318 788 2362 ἔσθ’
811 2317 837 2375 ἡ
870 2318 1037 2370 Χαλκὶς
1060 2317 1288 2374 Ἑλλήνων
1320 2315 1461 2369 πόλις.

195 2413 458 2453 Dicaearchus
490 2413 583 2452 vita
614 2412 751 2453 Graec.
784 2415 839 2453 30
869 2414 1019 2453 Buttm.
1060 2410 1318 2459 δουλεύοντες
1355 2410 1431 2464 γὰρ
1472 2412 1643 2462 (Chalci-

82 2470 225 2509 denses
247 2467 434 2524 Euboici)
464 2467 594 2508 πολύν
622 2467 702 2521 ἤδη
732 2463 888 2520 χρόνον,
920 2473 999 2517 τοῖς
1031 2466 1075 2508 δὲ
1105 2465 1261 2520 τρόποις
1292 2467 1403 2516 ὄντες
1423 2465 1643 2519 ἐλεύθεροι,

81 2524 256 2577 μεγάλην
284 2524 496 2576 εἰλήφασιν
525 2523 607 2574 ἕξιν
636 2531 708 2565 τοῦ
737 2523 874 2577 φέρειν
894 2523 1089 2580 ῥᾳθύμως
1111 2524 1157 2564 τὰ
1177 2525 1489 2575 προσπίπτοντα.
1523 2521 1544 2564 ὁ
1566 2524 1644 2564 στί-

84 2596 150 2634 χος
179 2581 373 2621 Φιλίσκου
403 2584 484 2623 κτλ.
535 2587 577 2622 at
607 2581 786 2636 ὁᾷθυμοι
815 2596 895 2623 non
927 2587 1020 2623 sunt
1050 2582 1220 2636 χρηστοί.

647 2694 1070 2729 ΑΜΦῙΣΒΗΤΗΣῙΜΑ

852 2762 880 2803 4

316 2838 400 2882 οὐκ
432 2840 569 2893 ἔστιν,
601 2831 636 2882 αἶ
665 2839 846 2894 μα’ταιε,
878 2838 966 2884 σύν
996 2841 1198 2896 ῥᾳθυμίᾳ

318 2907 370 2950 τὰ
402 2908 493 2950 τῶν
523 2908 792 2950 πονούντων
821 2907 880 2970 μὴ
911 2908 1197 2964 πονήσαντας
1227 2909 1394 2963 λαβεῖν.
