1864 3204
483 188 735 223 ΚΤΒΕΤΤΑῙ
782 187 1021 222 ΔΑΚΩΝΕΣ
1046 187 1081 220 H
1105 185 1244 220 ΛΗΔΑ
1563 184 1643 228 185

346 288 415 332 ὅσ’
439 287 499 332 ἂν
529 287 553 333 ὁ
585 288 798 350 μάγειρος
829 286 1077 344 ἐξαμάρτῃ,
1110 286 1344 342 τύπτεται,

349 374 409 410 ως
439 369 597 413 φασιν,
629 354 824 414 αὐλητής
854 355 964 409 παρ’
985 355 1108 411 ὑμῖν.

192 453 424 493 Athenaeus
455 454 498 503 9,
522 453 617 492 380.
643 455 663 491 1
697 449 761 491 ἐπὶ
794 448 945 498 τούτοις
976 447 997 489 ὁ
1026 446 1212 502 μάγειρος
1243 448 1343 515 ἔφη,
1379 448 1476 499 λεξω
1506 449 1646 489 τοίιυν

74 506 212 563 κάγὼ.
260 503 444 562 ,εὕρεσιν
475 507 587 560 ἐμήν,
626 507 695 548 ι’να
723 506 778 560 μὴ
810 504 830 547 ὁ
860 503 1035 559 αὐλητὴς
1065 505 1217 560 πληγὰς
1246 502 1370 562 λάβῃ·
1401 503 1422 547 ὁ
1452 503 1526 559 γὰρ
1557 505 1644 546 Ev'-

74 566 218 619 βουλος
249 564 293 605 ἐν
323 564 521 606 Λάκωσιν
549 563 577 617 ἢ
607 561 726 620 Λήδα
758 563 835 617 ἔφη
865 566 948 604 κτλ.
1010 567 1049 604 3.
1080 561 1143 603 ὅσ’
1178 565 1267 604 add.
1302 565 1525 632 Schweigh‘.
1586 563 1642 613 ἕξ-

75 620 282 692 αμαρτοὶνη
304 623 348 664 C.
427 624 466 662 4.
499 633 623 673 φασιν
653 622 818 663 Grotius
847 623 1031 673 Excerpt.
1055 621 1156 674 653]
1190 632 1317 673 φησιν
1336 622 1388 661 Α.
1468 617 1643 673 αὑλητὴς

75 680 218 733 Mein]
253 694 274 719 ο
303 676 476 732 αὐλητὴς
505 680 557 719 A.
604 680 654 720 cf.
685 680 846 731 Philyll.
881 681 946 719 10.

831 789 885 833 61
953 844 1038 890 οὐκ
1069 844 1163 904 ᾤου
1182 847 1252 893 ,σύ
1281 863 1335 902 με

348 914 488 973 χολὴν
518 917 652 972 ἔχειν,
683 912 744 966 ὥς
773 913 815 957 δ’
836 913 993 972 ἡπάτῳ
1022 930 1098 971 μοι
1128 915 1351 970 διελέγου,

350 983 438 1040 ἐγώ
472 985 525 1028 δέ
550 982 594 1039 γ’
619 983 708 1040 εἰμὶ
737 986 829 1026 τῶν
857 982 1166 1040 μελαμπύγων
1197 985 1274 1026 ἔτι.

192 1079 424 1120 Athenaeus
455 1080 639 1131 3‚108a
675 1075 756 1117 ε’στι
793 1075 838 1117 δὲ
867 1076 934 1117 καὶ
963 1076 1084 1129 ἰχθύς
1115 1092 1175 1126 τις
1204 1075 1356 1129 ήπατος
1387 1075 1642 1130 καλούμενος,

78 1134 128 1176 ὅν
166 1149 292 1188 φησιν
328 1133 349 1175 ὁ
386 1132 507 1184 αὐτὸς
538 1133 749 1188 Εὔβουλος
790 1133 833 1174 ἐν
863 1130 1059 1174 Λακωσιν
1096 1131 1125 1187 ἦ
1154 1132 1276 1190 Ληδα
1317 1132 1412 1187 (ἤδη
1443 1132 1484 1174 δ’
1515 1149 1589 1186 pro
1619 1133 1647 1187 ἢ

77 1191 200 1247 Λήδα
222 1190 279 1248 A)
310 1189 384 1233 οὐκ
414 1191 518 1244 ἔχειν
546 1191 668 1244 χολήν
698 1195 778 1232 κτλ.
869 1195 907 1232 1.
939 1191 990 1232 σύ
1022 1193 1112 1233 add.
1135 1193 1245 1232 Pors.
1269 1193 1455 1243 —loqui
1485 1194 1646 1233 videtun

78 1251 329 1302 Tyndareos:
373 1251 505 1291 adhuc
541 1252 598 1290 ita
634 1262 675 1290 se
704 1250 883 1290 validum
913 1261 997 1290 esse
1028 1251 1145 1300 dicit,
1187 1252 1233 1289 ut
1262 1250 1448 1289 iniuriam
1480 1251 1646 1289 inlatam
1681 1265 1693 1270 τ

77 1309 303 1347 ulciscatur.
374 1307 503 1348 Arist.
534 1308 630 1359 Lys.
662 1309 743 1347 802
782 1305 1106 1358 μελάμπυγος
1152 1308 1235 1354 τοῖς
1279 1305 1440 1358 ἐχθροῖς
1477 1303 1645 1346 ἅπασιν.

79 1367 135 1404 sic
164 1365 355 1420 Herculee
386 1365 534 1404 dicitur
562 1363 829 1416 μελάμπυγος.
880 1364 1047 1403 Preller.
1079 1365 1206 1415 Myth.
1238 1362 1319 1415 gr.²
1349 1364 1390 1403 ΙΙ
1422 1365 1516 1403 231.

831 1474 888 1517 62

699 1553 894 1610 ὡσπερεὶ
925 1552 1131 1610 σπονδὴν
1161 1553 1317 1605 διδούς

341 1623 392 1666 ἐν
421 1624 482 1681 τῷ
512 1626 726 1680 κυλικείῳ
757 1624 1058 1679 συντέτριφεν
1088 1620 1142 1665 τὰ
1175 1622 1380 1679 ποτήρια.

191 1718 420 1758 Athenaeus
453 1720 523 1769 11,
545 1720 630 1758 460
645 1719 700 1757 de
745 1716 898 1769 εἴρηται
940 1712 1014 1783 γὰρ
1056 1714 1182 1764 ούτως
1223 1715 1459 1786 (κυλικεῖον)
1501 1714 1526 1768 ἡ
1567 1723 1648 1756 τῶν

77 1774 279 1826 ποτηρίων
298 1773 578 1826 σκευοθήκη.
598 1772 830 1827 ,Εὔβουλος
853 1772 895 1814 ἐν
911 1770 1033 1828 Λήδα
1055 1775 1136 1813 κτλ.
1209 1771 1378 1825 ὦσττερει
1400 1775 1610 1826 Schweigh
1618 1773 1646 1827 .]

79 1829 212 1882 ὥσπερ
242 1832 292 1871 Α.
331 1855 386 1861 -
432 1833 478 1873 of.
511 1832 713 1884 Aristoph.
744 1833 791 1871 fr.
827 1833 920 1872 104.
981 1832 1110 1882 prima
1148 1833 1273 1872 verba
1311 1844 1392 1871 non
1432 1832 1645 1882 intellego.

78 1902 206 1939 neque
236 1889 445 1939 quicquam
474 1889 681 1940 proficitur
710 1902 755 1929 eo
787 1889 894 1939 quod
918 1889 1159 1939 Toeppelius
1183 1887 1339 1939 (Progr.
1355 1889 1502 1927 Neobr.
1523 1890 1646 1939 1857,

81 1946 123 1998 7)
155 1946 312 1985 confert
340 1946 480 1997 Eurip.
499 1946 584 1986 Ion.
602 1947 709 1986 1192
741 1943 810 1992 τὰς
841 1941 886 1984 δὲ
915 1943 1011 1998 πρὶν
1030 1943 1208 1993 σπονδὰς
1238 1947 1349 1994 θεοῦ,
1369 1944 1511 1984 δίδωσι
1538 1943 1646 1998 γαίᾳ.

832 2056 888 2100 63

387 2134 501 2191 πρὸς
528 2134 759 2180 τούτοισιν
789 2136 839 2178 δὲ
869 2137 1087 2191 παρέσται
1118 2147 1188 2179 σοι

386 2203 568 2247 θύννου
598 2204 806 2260 τέμαχος,
840 2203 950 2258 κρέα
980 2205 1257 2259 δελφακίων,

390 2273 552 2328 χορδαί
579 2271 618 2314 τ’
643 2271 834 2329 ἐρίφων,
865 2265 987 2328 ἧπάρ
1018 2288 1064 2314 τε
1095 2272 1289 2325 κάπρου,

390 2343 522 2395 κριοῦ
553 2338 594 2383 τ’
616 2339 786 2395 ὄρχεις,
818 2340 991 2395 χόλικές
1019 2356 1067 2382 τε
1096 2339 1225 2395 βοός,

355 2410 555 2464 5κρανία
586 2407 626 2451 τ’
649 2406 818 2463 α’ρνῶν,
850 2410 1006 2462 νῆστίς
1035 2405 1073 2450 τ’
1099 2410 1287 2464 ἐρίφου,

389 2473 559 2532 γαστήρ
589 2491 638 2519 τε
668 2476 814 2530 λαγώ,
847 2475 1024 2531 φύσκη,
1055 2476 1218 2531 χορδή,

390 2545 620 2601 πνεύμων,
653 2542 792 2594 ἀλλᾶς
820 2559 881 2586 τε.

197 2627 427 2666 Athenaeus
459 2629 496 2675 7,
519 2629 632 2667 3300
671 2623 961 2679 παραθήσομέν
999 2637 1062 2666 σοι
1096 2626 1163 2666 καὶ
1191 2624 1220 2666 δι’
1250 2626 1458 2678 Εὔβουλος
1489 2625 1649 2678 εἴρηκεν
1700 2619 1710 2628 ’

83 2681 128 2723 ἐν
158 2682 356 2722 Λάκωσιν
395 2679 424 2733 ἢ
454 2679 576 2737 Λήδᾳ
616 2685 696 2721 κτλ.
817 2686 851 2726 1.
883 2682 1083 2723 τούτοισιν
1112 2685 1273 2724 Kuster.
1304 2697 1369 2733 ap.
1403 2682 1645 2735 Schweigh]

85 2738 249 2786 τούτοις.
328 2740 366 2779 5.
398 2738 540 2791 κρανία
570 2754 610 2778 τε
640 2740 691 2779 A.
771 2742 809 2780 7.
839 2735 961 2788 ἄλλας
992 2741 1042 2780 A.
1123 2743 1146 2779 6
1178 2744 1220 2780 et
1251 2743 1273 2779 7
1306 2753 1382 2779 om.
1407 2739 1449 2779 O.
1471 2760 1528 2767 —-
1558 2753 1647 2779 cum

84 2795 226 2848 χορδαί
253 2799 294 2836 et
323 2810 360 2835 v.
392 2797 417 2835 3
449 2799 490 2835 et
518 2810 554 2836 v,
586 2798 611 2836 6
642 2800 1020 2846 commemorentur,
1061 2797 1201 2836 dubito
1239 2810 1290 2835 an
1320 2797 1440 2836 semel
1472 2797 1647 2837 seriben-

86 2854 263 2913 dumysit
291 2854 416 2904 κωλῆ
447 2849 630 2907 (κωλαῖ).
