1864 3204
202 0 248 23 51¹¹:
282 21 296 27 μ
331 0 390 14 -Ὗη

98 50 127 75 r·
227 44 238 51 *

26 74 30 75 ⁷
55 91 71 98 „.
88 71 117 99 Κ,

12 115 18 122 .

4 130 25 142 V.

500 243 726 278 Alienon
751 261 794 268 —
820 242 1306 278 ΔΠΕΓΛΛΤΚΩΜΕΝΟΣ
1609 239 1687 282 301

881 344 934 387 12

397 399 742 458 ἀπολογηθῆναι

238 479 327 523 ἀντὶ
358 488 429 524 τοῦ
458 480 797 536 ἀπολογήσασθαι.
826 477 979 532 ’Ἄλεξις
1006 479 1297 536 Ἀμπελουργῷ.
1336 482 1507 522 Bekker.
1538 482 1689 524 Anecd.

126 541 194 591 82,
218 541 255 579 5.
792 595 1017 630 ΑΜΦΩΤῙΣ

236 667 378 706 Pollux
404 668 530 717 10,75
561 660 641 705 εἷεν
670 661 710 703 δ’
734 660 789 704 ἂν
817 662 885 704 καὶ
912 660 1138 716 ἅμφωτίδες
1169 662 1212 703 ἐκ
1244 669 1324 703 τῶν
1343 669 1519 704 σκευῶν.
1538 660 1689 704 ,sindu-

124 737 211 771 τος.
230 722 295 764 ,ἐν
323 721 523 775 Κερκύονι
553 719 758 774 Αἰσχύλου
791 719 860 775 (fr.
880 723 932 761 97
953 720 1024 773 N.)
1054 718 1284 774 ἅμφωτίδες
1316 735 1373 760 τοι
1403 724 1483 768 τοῖς
1515 719 1690 768 ἕνωτίοις

123 778 257 829 πέλας.
293 778 535 828 Ἀλέξιδος
565 776 615 818 δὲ
645 777 725 818 καὶ
757 777 916 830 δρᾶμα
943 775 1198 830 Ἀμφωτίς.
1248 778 1420 830 Hesych.
1443 775 1690 829 ἇμφώτιδες·

123 834 173 886 ἃς
203 836 361 889 ἔχουσιν
391 836 433 876 οἰ
457 834 669 876 παλαισταὶ
697 834 787 884 περὶ
816 839 897 882 τοῖς
926 831 1039 876 ὠσίν.
1098 836 1285 887 Eustath.
1320 836 1441 883 1324,
1465 836 1519 874 88
1549 829 1690 886 ἀμφαί-

125 894 228 943 τιδες
258 892 358 933 κατὰ
394 892 648 942 Παυσανίαν,
677 890 730 940 ὃς
760 892 800 931 οἷ
826 891 1039 932 παλαισταὶ
1058 890 1166 940 παρὰ
1187 894 1270 939 τοῖς
1291 888 1389 931 ὠσὶν
1409 887 1527 943 εἶχον.
1565 889 1692 938 ἄλλως

125 950 170 990 δέ
198 965 241 1004 γε
271 949 337 990 καὶ
367 947 593 1001 ἐκπώματος
622 945 726 997 εἶδος
755 948 802 988 αἴ
826 945 1064 1000 ἆμφώτιδες.
1133 950 1280 989 Athen.
1312 951 1377 997 11,
1402 950 1519 989 783d
1549 943 1691 999 ἄμφω-

127 1007 207 1056 τίς·
238 1003 398 1056 ξύλινον
426 1006 628 1059 ποτήριον,
661 1000 696 1060 «ᾖ
726 1008 900 1058 χρῆσθαι
931 1004 1022 1053 τοὺς
1042 1002 1252 1058 ἀγροίκους
1273 1005 1448 1057 Φιλητᾶς
1480 1016 1580 1056 φησι
1600 1003 1693 1051 τούς

127 1062 368 1116 ἀμέλγοντας
399 1064 454 1110 εἰς
483 1060 583 1103 αὐτὸ
612 1063 680 1103 καὶ
709 1061 814 1102 οὕτω
841 1063 1047 1110 πίνοντας.
1106 1066 1198 1102 utra
1226 1059 1407 1113 ἆμφωτίς
1437 1063 1593 1102 fabulae
1623 1076 1691 1102 no-

129 1135 221 1161 men
252 1123 407 1162 dederit
437 1122 677 1173 ignoramus.
717 1133 844 1172 neque
875 1121 924 1159 de
954 1122 1118 1160 accentu
1148 1122 1319 1160 constat.
1359 1120 1478 1159 Mein.
1500 1120 1521 1158 I
1542 1121 1635 1159 396.
1654 1122 1690 1160 7.

884 1231 936 1274 13

1148 1287 1370 1338 ὀνοκόπος

347 1359 439 1400 τῶν
469 1354 573 1407 τούς
602 1355 829 1406 ἀλέτωνας
858 1356 1002 1398 τῶνδε
1033 1355 1299 1399 κοπτόντων
1329 1354 1479 1407 ὄνους.

245 1441 385 1479 Pollux
417 1442 454 1489 7,
478 1442 533 1480 20
572 1437 641 1479 τὸν
677 1436 722 1478 δὲ
760 1444 837 1478 νῦν
872 1435 1098 1490 μυλοκόπον
1135 1434 1331 1477 ὀνοκόπον
1353 1437 1503 1487 ’Ἀλεξις
1533 1438 1695 1490 εἴρηκεν

132 1494 177 1535 ἕν
200 1492 420 1546 Ἀμφωτίδι
450 1499 530 1536 κτλ.
648 1498 687 1535 2.
717 1492 935 1548 ἆλέτωνας]
966 1492 1178 1542 ἆλὲκτονας
1208 1497 1257 1537 Α.
1373 1496 1516 1547 τῶνδε]
1552 1495 1693 1535 τούσδε

132 1554 255 1593 Mein.
305 1549 541 1603 ‘6vox6n09‚
579 1566 717 1593 eorum
756 1566 858 1592 unus
890 1553 958 1603 qui
988 1554 1157 1592 molares
1187 1554 1285 1592 istos
1316 1553 1469 1603 lapides
1501 1554 1688 1593 caedunt.

131 1611 310 1662 Xenoph.
342 1611 467 1650 Anab.
502 1613 538 1661 1,
562 1612 600 1661 5,
622 1612 647 1649 5
678 1607 796 1657 ὅνους
825 1605 995 1656 ἀλέτας)
1028 1610 1146 1649 Mein.
1171 1632 1221 1637 —
1253 1610 1302 1649 cf.
1326 1610 1421 1650 204.

888 1721 941 1762 14

402 1778 572 1834 μετάβα

245 1856 377 1913 ὥσπερ
407 1859 474 1899 καὶ
492 1855 625 1912 ἆνάβα
645 1858 713 1898 καὶ
731 1856 899 1912 κατάβα.
924 1857 1074 1907 ’Ἄλεξις
1091 1856 1322 1910 Ἀμφωτίδι.
1355 1860 1525 1902 Bekker.
1544 1862 1695 1902 Aneed.

136 1918 229 1968 108,
253 1919 318 1957 10.
367 1918 417 1958 cf.
447 1918 573 1957 Arist.
596 1917 715 1967 Vesp.
749 1919 843 1957 979.
889 1916 990 1956 Rau.
1023 1917 1092 1956 35.

822 2040 1003 2074 ANTEIA

248 2110 309 2151 cf.
342 2111 510 2150 Meinek.
542 2110 560 2149 I
591 2111 657 2149 32.
690 2111 786 2150 322.
818 2092 914 2149 377.
946 2111 1028 2150 393
1058 2112 1099 2150 et
1128 2124 1227 2161 quae
1257 2111 1305 2149 ad
1335 2110 1579 2162 Antiphanis
1609 2112 1693 2152 An-

136 2171 238 2207 team
267 2180 340 2207 nos
369 2168 659 2207 adnotavimus.

677 2279 844 2314 ΑΠΕΓΛ
851 2279 1160 2315 ΑΤΚΩΜΕΝΟΣ

247 2359 463 2399 Hominem
499 2360 542 2399 in
581 2359 770 2399 Glaucum
808 2362 1097 2400 commutatum
1129 2361 1406 2410 casaubonus,
1447 2363 1694 2413 glaucomate

135 2417 334 2456 adfectum
366 2417 587 2456 Meinekius
617 2418 904 2467 interpretatur
923 2417 942 2455 I
964 2417 1060 2456 397.
1093 2416 1345 2457 Cam-ulatum
1367 2420 1490 2458 vertit
1510 2419 1689 2459 Grotius.

137 2473 351 2513 Glaucoma
380 2473 517 2512 fabula.
546 2474 624 2513 fuit
652 2472 725 2512 Cn.
755 2473 909 2512 Naevii.
954 2474 1004 2512 ef.
1038 2473 1085 2513 Ο.
1116 2474 1306 2514 Ribbeck.
1340 2475 1449 2515 Com.
1481 2476 1594 2514 Rom.
1629 2475 1698 2515 fr.²

140 2532 204 2569 15.
239 2551 295 2558 —
325 2529 614 2569 Timoleontem
644 2525 1015 2580 ἀπογλαυκωθῆναι
1044 2527 1118 2580 τὴν
1154 2528 1256 2579 ὄψιν
1288 2536 1426 2570 narrat
1460 2532 1697 2572 Plutarchus

139 2586 321 2626 Tim.37.
364 2586 547 2625 idoneam
578 2586 801 2625 comoediae
833 2586 1007 2624 fabulam
1037 2587 1191 2637 habeas,
1223 2589 1257 2627 si
1288 2589 1494 2627 simulasse
1524 2590 1696 2639 aliquem

136 2638 352 2694 γλαύκωμα
381 2645 422 2681 et
451 2643 707 2681 familiarium
740 2655 1025 2693 servorumque
1056 2645 1209 2683 animos
1239 2657 1285 2683 ea
1315 2646 1466 2683 ratione
1498 2646 1696 2684 examina-

140 2701 242 2739 visse
272 2700 439 2742 statuas,

310 2828 418 2885 παρ’
442 2830 555 2885 ἐμοῦ
585 2828 645 2884 δ’,
678 2827 759 2873 ἐὰν
788 2828 846 2886 μή
879 2829 985 2874 καθ’
1009 2833 1059 2875 ἓν
1088 2832 1279 2875 ἕκαστον
1310 2834 1456 2875 πάντα
1487 2833 1589 2890 δῷς,

313 2900 484 2955 χαλκοῦ
512 2899 645 2954 μέρος
675 2898 932 2943 δωδέκατον
962 2899 1047 2943 οὐκ
1076 2897 1135 2942 ἂν
1164 2899 1424 2956 ἀπολάβοις.
