1864 3204
214 229 297 270 226
825 227 1174 262 ΝΙΚΟΣΤΡΑΤΟΤ

654 405 676 448 ὁ
706 406 903 461 κάπηλος
932 404 1017 459 γάρ
1049 402 1131 447 οὑκ
1161 407 1253 447 τῶν
1283 403 1514 458 γειτόνων,

420 474 478 517 ἄν
508 473 545 516 τ’
570 471 698 517 οἶνον
727 473 784 516 ἄν
814 489 861 515 τε
891 473 1040 528 φανὸν
1070 470 1296 514 ἀποδῶταί
1327 488 1415 514 τινι

419 542 478 584 ἄν
508 541 547 584 τ’
570 541 691 597 ὄξος,
723 538 946 595 ἀπέπεμψ’
970 538 993 583 ὁ
1025 540 1272 594 κατάρατος
1302 538 1409 589 δοὺς
1439 538 1576 593 ὕδωρ.

329 638 558 676 Athenaeus
591 637 655 683 15,
681 636 796 674 700b
835 629 1106 685 Νικόστρατος
1138 631 1182 671 ἐν
1212 631 1463 682 Πατριώταις
1493 635 1574 671 κτλ.
1663 633 1700 673 2.
1727 645 1766 670 τε

216 692 350 743 φανὸν
378 691 429 745 Β]
460 691 671 742 σφέφανον
701 693 747 730 Α.
836 693 876 729 3.
908 685 1141 740 ἀπέπεμψεν
1171 690 1219 728 A.
1262 712 1311 717 —-
1352 688 1476 738 φανοί
1509 691 1602 728 sunt
1630 687 1671 727 οἷ
1695 702 1766 726 κα-

211 749 398 802 λούμενοι
428 751 636 800 λυχνοῦχοι
664 748 810 787 Athen.
844 750 922 786 699
941 748 974 795 f,
1012 747 1156 796 quibus
1192 760 1215 785 a
1251 759 1427 796 caupone
1468 747 1599 784 oleum
1629 745 1765 784 statim

214 807 512 846 infundebatur.
563 807 611 844 cf.
643 805 827 843 Menand.
862 805 913 842 63
944 804 1066 842 Mein.

868 926 1107 959 ΠΑΟΤΤΟΣ

328 1011 512 1050 Fortasse
556 1009 681 1058 patris
725 1009 888 1046 Plutum
931 1008 1095 1045 mutatis
1140 1007 1384 1055 temporibus
1427 1006 1767 1045 accommodatam

219 1069 384 1106 teltium
414 1067 550 1107 edidit.

966 1117 1022 1158 23

329 1204 555 1241 Athenaeus
588 1203 631 1250 6,
654 1201 767 1239 247e
802 1195 869 1236 καὶ
891 1196 1041 1245 ’Ἀλεξις
1080 1195 1124 1236 ἐν
1149 1193 1308 1251 Ὀρέστῃ
1338 1194 1608 1249 Νικόστρατός
1646 1210 1685 1235 τε
1723 1194 1767 1234 ἐν

217 1258 396 1311 Πλούτῳ.
438 1257 550 1308 ‘quid
579 1258 829 1295 Nicostratus
860 1256 900 1293 in
931 1255 1048 1293 Pluto
1079 1255 1126 1293 de
1155 1255 1339 1304 parasitis
1368 1251 1435 1307 (de
1464 1255 1525 1293 his
1555 1254 1660 1293 enim
1680 1253 1767 1306 agit

215 1314 460 1365 Athenaeus)
491 1314 636 1352 dixerit
650 1314 814 1351 -frustra
844 1324 1021 1362 quaeras.

527 1419 549 1431 κ

908 1434 1071 1467 ΣΤΡΟΣ

328 1508 445 1557 Apud
476 1506 691 1545 Eudociam
721 1505 843 1544 solam
873 1501 1003 1554 Σύρος
1033 1499 1370 1553 ἀπελαυνόμενος.
1402 1503 1520 1543 Mein.
1549 1502 1569 1540 I
1600 1502 1695 1540 349.

965 1613 1021 1655 24

619 1692 951 1749 Κηφισόδωρον
981 1689 1036 1734 οὐ
1067 1694 1214 1742 κακῶς
1242 1691 1302 1746 μὰ
1334 1689 1414 1733 τὸν
1443 1692 1533 1733 Δία
1677 1742 1682 1745 ¹

258 1781 262 1783 ·
327 1762 408 1804 τὸν
439 1762 612 1805 πλάνον
644 1760 754 1817 φασὶ
786 1761 1018 1810 στενωπὸν
1050 1761 1111 1809 εἰς
1142 1756 1302 1801 στενὸν
1334 1761 1498 1813 στῆσαί
1523 1773 1648 1806 τινας

329 1829 573 1884 ἀγκαλίδας
603 1831 805 1884 ἔχοντας,
839 1827 951 1870 ὥστε
981 1828 1040 1883 μὴ
1063 1829 1322 1881 Ιπαρελθεῖν
1351 1826 1535 1881 μηδένα.

327 1925 556 1963 Athenaeus
589 1925 653 1972 14,
677 1925 757 1962 615
775 1924 824 1961 ef
852 1917 1123 1970 Νικόστρατος
1155 1918 1198 1958 ἐν
1219 1918 1338 1974 Σύρῳ
1367 1921 1450 1958 κτλ.
1521 1921 1559 1960 2.
1591 1919 1763 1958 seriben-

216 1982 309 2019 dum
339 1981 394 2027 εἰς
424 1979 588 2031 μέσον.
663 1981 690 2018 i.
713 1993 746 2018 e.
777 1980 881 2018 viam
911 1981 1121 2029 angustam
1152 1978 1327 2016 inmissis
1364 1976 1506 2015 baiulis
1537 1976 1764 2014 occluserat.

215 2039 261 2076 cf.
295 2050 394 2088 quae
425 2038 474 2076 ad
505 2037 715 2086 Amphidis
747 2033 912 2073 Πλάνον
941 2035 1216 2073 adnotavimus
1247 2036 1288 2071 et
1317 2033 1481 2083 Dionys.
1514 2033 1552 2071 4.

856 2146 1008 2178 ΤΟΚΙΣ
1012 2146 1108 2177 ΓΗΣ

326 2229 427 2268 Plat.
464 2229 594 2268 Aleib.
628 2227 667 2266 ΙΙ
701 2228 810 2266 l49e
847 2223 894 2264 οὐ
923 2223 1004 2289 γὰρ
1028 2222 1205 2263 τοιοῦτόν
1235 2221 1315 2262 ἐστι
1345 2221 1387 2262 τὸ
1421 2223 1501 2261 τῶν
1528 2222 1640 2261 θεῶν
1669 2233 1764 2261 ωστε

195 2278 294 2323 ’ὑπὸ
325 2283 469 2336 δώρων
497 2282 765 2337 παράγεσθαι,
796 2277 882 2321 οἷον
909 2275 1033 2320 κακὸν
1063 2279 1259 2331 τοκιστήν.
1298 2281 1347 2320 cf.
1370 2281 1548 2319 Alexidis
1573 2277 1764 2329 Τοκιστὴς

211 2338 238 2392 ἢ
269 2340 642 2392 Καταψευδόμενος.

961 2392 1015 2434 25

327 2473 731 2528 καταλαμβάνομεν
760 2470 841 2514 τὸν
871 2468 1185 2526 πορνοβοσκὸν
1215 2467 1288 2511 καὶ
1320 2466 1402 2510 δύο

331 2541 509 2596 ἑτέρους
538 2541 649 2581 κατὰ
681 2535 828 2595 χειρός
858 2537 1018 2592 ἀρτίως
1048 2536 1285 2592 εἰληφότας
1317 2571 1319 2574 .

328 2607 402 2650 καὶ
433 2609 673 2663 στέφανον.
725 2610 774 2648 Β.
807 2603 912 2649 εἷεν.
965 2603 1099 2655 καλὸς
1129 2602 1152 2647 ὁ
1183 2603 1359 2659 καιρός,
1392 2605 1646 2658 Χαιρεφῶν.

324 2702 552 2741 Athenaeus
585 2702 648 2748 15,
667 2702 778 2740 685e
823 2704 936 2738 τοῦτο
979 2695 1019 2736 δ’
1051 2692 1103 2748 ἦν
1141 2695 1234 2743 ε’θος
1273 2693 1362 2749 (τὸν
1400 2694 1596 2745 στέφανον
1635 2689 1761 2746 ἀρχὴν

212 2761 416 2798 ποιεῖσθαι
441 2763 509 2808 τῆς
540 2753 725 2809 εὐωχίας)
755 2754 822 2794 καὶ
850 2752 945 2805 παρ’
970 2753 1224 2806 Αἰγυπτίοις,
1256 2750 1309 2799 ὡς
1340 2749 1607 2816 Νικόστρατός
1637 2762 1761 2801 φησιν

214 2813 257 2852 ἐν
290 2816 466 2867 Τοκιστῇ
518 2811 801 2865 Αἰγύπτιον
839 2807 926 2864 γὰρ
964 2807 1374 2860 ὑποστησάμενος
1412 2803 1498 2846 τὸν
1527 2805 1760 2856 τοκιστήν

214 2881 310 2920 φησι
343 2872 422 2908 κτλ.
486 2873 520 2908 1.
554 2866 624 2907 δύ’
649 2871 697 2908 A.
758 2870 806 2908 de
837 2868 1118 2918 Chaerephome
1147 2867 1321 2916 parasito
1353 2866 1401 2904 cf.
1426 2865 1642 2914 Antiphan.
1665 2864 1758 2902 199.
