1890 3190
277 208 334 248 44
894 211 1209 246 ΑΝΤῙΦΑΝΟΤΣ

482 309 631 360 οὐδεὶς
661 309 906 364 παράσιτος
937 307 1079 364 εὔχετ’
1104 309 1287 365 ἀτυχεῖν
1315 310 1420 362 τούς
1448 313 1632 366 φίλους,

481 372 750 420 τούναντίον
780 377 830 420 δὲ
860 377 1030 428 πάντας
1061 376 1265 432 εὐτυχεῖν
1295 376 1376 422 αἐί.

430 454 450 485 5
482 447 603 487 ἔστιν
633 444 884 500 πολυτελὴς
913 447 974 502 τῷ
1005 447 1089 502 βίῳ
1119 461 1205 499 τις,
1237 444 1293 488 οὐ
1323 450 1511 501 φθονεῖ,

483 512 682 567 μετέχειν
713 512 762 555 δὲ
793 512 967 555 τούτων
999 511 1139 568 εὔχετ’
1165 511 1287 570 αὐτῷ
1319 511 1580 568 συμπαρών.

481 579 642 622 κᾶστιν
673 582 804 636 φίλος
833 587 1041 634 γενναῖος
1070 580 1276 637 ἀσφαλής
1305 579 1354 622 θ’
1377 578 1489 636 ἅμα,

481 646 536 690 οὐ
565 648 776 703 μάχιμος,
807 646 863 690 οὐ
892 648 1110 704 πάροξυς,
1141 647 1241 704 οὐχὶ
1270 648 1519 704 βάσκανος,

480 713 621 771 ὀργὴν
652 716 856 769 ἐνεγκεῖν
886 714 1076 770 ἀγαθός·
1107 715 1166 758 ἂν
1196 716 1426 772 σκώπτῃς,
1457 717 1587 773 γελᾷ·

409 793 451 824 10
482 782 714 838 ἐρωτικός,
745 783 943 837 γέλοιος,
979 782 1131 839 ἱλαρὸς
1159 786 1220 840 τῷ
1247 784 1420 840 τρόπῳ,
1493 812 1496 814 -

481 851 620 893 πάλιν
651 851 923 907 στρατιώτης
951 849 1123 906 ἀγαθὸς
1153 852 1214 902 εἰς
1243 851 1517 907 ὑπερβολήν,

480 915 538 961 ἄν
567 912 598 976 ᾗ
629 917 679 960 τὸ
710 920 957 974 σιτάρχημα
989 919 1174 962 δεῖπνον
1205 918 1425 975 εὐτρεπές.

302 1034 308 1039 ·
390 1014 621 1053 Athenaeus
653 1014 691 1063 6,
715 1014 831 1052 237f
854 1009 1093 1064 Ἀντιφάνης
1123 1011 1167 1052 ἐν
1200 1011 1392 1064 Διδύμοις
1423 1013 1550 1064 φησίν
1577 1015 1659 1056 κτλ.
1740 1015 1778 1054 1.
1809 1010 1832 1053 ὁ

276 1064 350 1122 γὰρ
365 1068 604 1122 Wakefield]
637 1067 709 1121 ὅρα
739 1067 814 1121 γὰρ
843 1070 895 1108 Α.
946 1067 1020 1121 ὅρα
1043 1069 1155 1109 Grot.
1173 1071 1358 1120 Excerpt.
1378 1072 1471 1110 607.
1521 1066 1622 1124 ὁρᾷς
1652 1071 1830 1111 Clinton.

277 1128 379 1166 Mus.
411 1128 498 1168 crit.
530 1127 550 1165 I
581 1128 676 1166 571.
774 1128 813 1165 9.
844 1122 993 1177 ἄγανός
1023 1127 1206 1167 Bothius.
1297 1129 1418 1178 γελᾶν
1446 1127 1650 1167 Herwerd.
1682 1128 1829 1167 Mnem.

275 1197 369 1223 nov.
400 1183 482 1222 IIII
514 1184 607 1222 304.
698 1183 762 1222 12.
794 1181 1014 1234 σιτάρκημα
1044 1182 1179 1223 Cobet.
1212 1184 1356 1222 Mnem.
1379 1183 1416 1221 V
1445 1185 1514 1223 81.

391 1253 438 1279 ex
468 1241 539 1279 hac
570 1239 814 1290 Antiphanis
853 1241 990 1291 ecloga
1019 1241 1272 1291 cognoscitur
1301 1252 1383 1279 non
1413 1242 1594 1280 accurate
1623 1240 1828 1291 scripsisse
1872 1255 1875 1258 ·

276 1298 479 1337 Pollucem
512 1299 548 1345 6,
573 1298 625 1336 35
664 1301 817 1348 πρῶτος
851 1292 1086 1348 Ἐπίχαρμος
1123 1294 1193 1335 τὸν
1228 1294 1448 1347 παράσιτον
1485 1293 1707 1348 ὠνόμασεν,
1749 1290 1832 1336 εἶτα

268 1349 434 1402 Ἄλεξις.
496 1366 563 1392 cur
602 1353 678 1392 duo
716 1354 938 1403 fragmenta
974 1354 1068 1392 haec
1105 1366 1190 1393 esse
1219 1354 1444 1393 Meinekius
1473 1354 1593 1393 Anal.
1624 1354 1719 1396 Ath.
1753 1355 1831 1395 103

278 1411 467 1450 statuerit
495 1423 576 1450 non
607 1410 707 1449 satis
737 1411 941 1461 intellego.
1001 1410 1168 1449 fortasse
1199 1424 1238 1449 v.
1262 1411 1287 1449 3
1317 1408 1530 1462 παράσιτος
1561 1423 1608 1449 ex
1636 1411 1831 1460 interpre-

280 1469 459 1506 tamento
491 1469 622 1506 ortum
654 1469 694 1506 et
724 1467 974 1506 scribendum
1005 1469 1067 1506 est
1096 1462 1226 1513 οὐδεὶς
1257 1458 1331 1518 γὰρ
1360 1463 1495 1505 αὐτῶν
1522 1467 1587 1507 vel
1615 1462 1743 1518 ἡμῶν.

1029 1577 1081 1619 81

507 1656 557 1698 τὸ
591 1654 807 1711 ποτήριόν
836 1671 912 1709 μοι
942 1654 991 1698 τὸ
1024 1655 1135 1710 με’γα
1165 1656 1411 1711 προσφέρει
1442 1654 1608 1710 λαβών.

510 1724 755 1779 ἐνεχεάμην
785 1723 982 1777 ἄκρατον
1013 1721 1111 1778 οὐχὶ
1141 1723 1320 1779 παιδιᾷ,

507 1793 711 1841 κυάθους
739 1793 864 1834 θεῶν
892 1807 940 1833 τε
970 1791 1045 1833 καὶ
1073 1793 1274 1833 θεαινῶν
1303 1793 1515 1845 μυρίους·

508 1857 643 1903 ἔπειτ’
668 1858 742 1902 ἐπὶ
771 1861 949 1909 τούτοις
978 1860 1086 1901 πᾶσι
1116 1860 1194 1913 τῆς
1224 1859 1388 1914 σεμνῆς
1416 1860 1549 1910 θεᾶς,

456 1936 476 1968 5
508 1928 583 1970 καὶ
612 1929 694 1970 τοῦ
721 1927 1008 1982 γλυκυτάτου
1037 1927 1255 1981 βασιλέως
1286 1926 1524 1981 διμοιρίαν.

389 1995 617 2050 Athenaeus
649 2012 712 2058 10,
729 2011 841 2049 4230
869 2006 970 2048 κατὰ
1000 2005 1071 2048 τὸν
1100 2006 1397 2062 κωμῳδιοποιὸν
1421 2005 1682 2059 Ἀντιφάνην,
1713 2005 1757 2056 ὃς
1787 2006 1832 2048 ἐν

279 2062 473 2117 Διδύμοις
504 2066 610 2119 φησί
635 2069 716 2105 κτλ.
832 2068 872 2106 2.
905 2063 1118 2117 ἐνεχεάμην
1147 2064 1217 2116 Κ.]
1249 2062 1481 2115 ἐπεχεάμην.
1521 2104 1533 2118 ο
1586 2065 1730 2120 παιδιᾷ
1758 2063 1829 2119 Κ.]

275 2122 438 2163 παιδίον
466 2124 518 2162 Α.
605 2124 644 2162 4.
677 2119 797 2162 ἔπειτ’
830 2123 1038 2174 Koppiers.
1070 2122 1236 2162 Observ.
1268 2122 1340 2172 37]
1374 2116 1444 2160 εἶτ’
1478 2122 1528 2161 Α.
1883 2155 1890 2163 .

388 2194 424 2220 v.
445 2181 483 2228 4,
519 2193 758 2230 quamquam
788 2180 1026 2219 comicorum
1057 2181 1119 2218 est
1147 2174 1171 2228 ἡ
1203 2173 1300 2225 θεός
1331 2174 1400 2231 (cf.
1423 2191 1523 2229 quae
1554 2178 1829 2218 adnotavimus
1863 2213 1866 2219 ,

275 2238 326 2277 ad
347 2237 552 2287 Aristoph.
573 2237 623 2275 fr.
645 2233 756 2290 204),
789 2239 834 2275 ut
863 2237 903 2275 in
926 2237 1103 2276 oratione
1133 2236 1296 2274 elatiore
1326 2236 1468 2285 reliqui
1497 2239 1566 2286 τῆς
1595 2237 1712 2281 θεᾶς.
1755 2235 1830 2275 Mi·
1865 2243 1881 2281 ,ξς

276 2307 439 2333 nervam
474 2293 673 2344 intellegit
711 2293 983 2341 Casaubonus,
1021 2304 1148 2342 reye‘m
1185 2292 1456 2330 Alexandrum
1486 2292 1663 2342 Philippi
1701 2291 1826 2330 filium
1863 2302 1882 2327 .·

277 2350 511 2389 Meinekius.
569 2351 680 2389 deam
719 2349 995 2400 Olympiadem
1034 2349 1168 2399 potius
1207 2349 1365 2388 dixeris.
1424 2361 1515 2386 nam
1546 2348 1753 2388 Aeschinis
1789 2349 1832 2387 et
1874 2351 1875 2354 ’

278 2406 467 2445 Demadis
504 2408 634 2445 aetate
671 2407 737 2445 vel
774 2406 892 2445 etiam
929 2406 1061 2456 paullo
1100 2405 1302 2455 superiore
1348 2404 1426 2443 iam
1465 2405 1515 2443 ad
1554 2406 1637 2444 tam
1674 2404 1829 2444 foedam
1889 2417 1890 2420 ’

275 2464 542 2502 adulationem
573 2463 754 2512 delapsos
783 2463 904 2502 fuisse
935 2462 1198 2501 Athenienses
1226 2462 1376 2500 frustra
1398 2463 1519 2511 negat
1539 2461 1830 2501 Herwerdenus
1856 2464 1876 2467 ”

278 2521 392 2558 Anal.
424 2520 512 2558 crit.
535 2520 602 2558 46.
623 2522 659 2566 7,
691 2521 758 2569 qui
787 2531 950 2569 prorsus
981 2518 1219 2568 singularem
1248 2518 1387 2556 horum
1418 2530 1603 2557 versuum
1631 2517 1826 2568 interpre-

276 2577 471 2615 tationem
511 2577 761 2626 excogitavit.
822 2576 856 2614 si
892 2575 1159 2625 Antiphanem
1198 2575 1303 2613 ultra
1341 2573 1403 2613 Ol.
1430 2575 1508 2611 112
1546 2570 1616 2627 (cf.
1648 2586 1750 2624 quae
1779 2573 1829 2612 ad
1852 2617 1856 2623 .
1880 2600 1885 2606 ,-

278 2629 631 2683 Παρεκδιδομένην
662 2631 955 2682 adnotavimus)
985 2632 1129 2671 vixisse
1159 2632 1375 2678 constaret,
1397 2629 1595 2669 'Roxanen
1624 2630 1828 2680 filiumque

282 2689 495 2727 Alexandri
526 2701 573 2726 ex
603 2702 648 2726 ea
676 2702 812 2728 recens
841 2690 980 2727 natum
1013 2683 1297 2740 (γλυκυτάτου)
1327 2686 1542 2737 significari
1572 2687 1753 2726 dicerem.
1774 2707 1830 2714 —
1856 2683 1858 2687 ’
1882 2695 1886 2710 ”

279 2749 316 2783 1.
348 2758 422 2784 scr.
453 2742 739 2796 προσφερέτω.
830 2746 867 2782 2.
901 2741 1127 2794 ἐνεχεάμην,
1157 2756 1249 2782 nam
1281 2740 1430 2793 ἐπιχεῖν
1449 2744 1511 2782 est
1531 2739 1692 2797 (aquam
1712 2737 1851 2797 vino)
1878 2744 1886 2778 «ζ

276 2802 492 2849 adfundere
532 2792 692 2855 (Cobet.
725 2802 775 2840 N.
808 2802 834 2839 1.
858 2797 981 2854 601),
1019 2801 1083 2839 hic
1119 2812 1213 2839 vero
1250 2811 1400 2839 merum
1429 2799 1558 2838 solum
1587 2799 1826 2847 infumdiwr.
1875 2803 1890 2834 s

277 2858 327 2896 cf.
360 2858 516 2896 Alexid.
542 2860 686 2908 111,1.
719 2858 869 2908 Sophil.
881 2858 919 2896 4.
951 2857 1100 2907 Diphil.
1121 2856 1158 2894 5.
1205 2856 1346 2909 deinde
1375 2854 1571 2908 παιδιᾷ,
1601 2856 1718 2895 sicuti
1746 2857 1827 2895 ioco
1889 2873 1890 2883 ³
