1864 3204
284 65 321 94 θ

247 155 331 196 494
872 150 1174 185 ΦΙΛΗΜοΝοΣ

362 258 410 295 cf.
442 256 660 304 Antiphan.
695 256 788 292 152.
844 256 965 304 negat
1001 267 1150 304 coquus
1187 253 1258 292 τοῦ
1290 255 1568 304 τραπεζοποιοῦ
1597 255 1639 294 in
1668 255 1802 294 eulina
1841 264 1845 266 '

248 314 369 351 ullam
409 325 491 351 esse
528 312 784 361 potestatem,
824 311 971 360 quippe
1010 311 1078 360 qui
1107 311 1332 349 administri
1362 311 1640 350 tantummodo
1667 313 1800 362 partos

247 372 352 419 agat.

892 443 1148 478 HAPOINOZ

359 526 418 564 Cf.
452 525 671 574 Antiphan.
708 524 800 563 146.
851 521 1215 577 παροινικὸς,ἆνὴρ
1246 526 1369 564 Arist.
1404 526 1500 565 Aah.
1533 527 1629 565 981.

994 635 1049 676 62

515 693 599 745 μῦς
629 689 788 739 λευκός

363 770 426 810 ἐπὶ
455 785 536 810 των
566 767 752 823 ἀκράτων
780 768 874 826 (ser.
891 768 1093 825 ἀκρατῶν)
1122 771 1212 824 περὶ
1243 771 1288 810 τὰ
1318 770 1529 824 ἀφροδίσια
1562 770 1584 824 ἡ
1613 772 1800 827 παροιμία

245 829 395 880 εἴρηται
423 860 431 867 .
452 860 459 867 .
480 859 487 868 .
514 826 657 879 ταύτης
695 826 887 879 μέμνηται
919 828 1113 879 Φιλήμων
1149 827 1192 868 ἐν
1230 829 1429 896 Παροίνῳ.
1481 831 1623 872 Zenob.
1653 830 1802 870 Milleri

249 887 470 937 (Melanges
494 882 608 939 355).
647 898 855 935 perperam
884 886 1065 924 Millerus
1097 883 1141 924 ἐν
1165 882 1430 938 Παρεισιόντι.
1461 910 1517 916 —-
1546 888 1596 926 cf.
1629 888 1676 926 fr.
1706 887 1806 935 126,Δ

249 943 353 992 quod
386 943 551 981 sortasse
582 945 713 981 totum
742 942 817 981 huc
849 943 1170 981 transferendum
1200 946 1273 982 est.
1306 943 1457 982 Cratin.
1475 945 1540 983 53.
1572 944 1748 994 Epierat.
1759 945 1798 983 9.

768 1065 1275 1099 ΠΙΤΤΟΚΟΠΟΤΜΕΝΟΣ

356 1146 485 1184 Homo
515 1146 583 1194 qui
612 1145 711 1195 picis
743 1158 816 1195 ope
846 1146 948 1195 pilos
979 1159 999 1184 e
1029 1159 1192 1196 corpore
1223 1147 1379 1194 evellit,
1418 1148 1447 1185 i.
1472 1160 1505 1185 e.
1538 1147 1798 1186 effeminassus.

245 1203 385 1241 Pollux
418 1204 454 1252 7,
480 1203 559 1240 165
590 1199 822 1248 πιττοκόπος
842 1233 850 1241 .
870 1233 878 1240 .
899 1233 906 1241 .
926 1205 1271 1253 πιττοκοπεῐσθαι,
1301 1202 1578 1255 παρατίλτρια,
1608 1203 1798 1256 παρατίλ-

243 1261 396 1297 λεσθαι.
448 1259 497 1297 cf.
530 1259 684 1297 Alexid.
709 1260 853 1307 264,1.
994 1313 1048 1354 63

513 1388 614 1432 ἰδοὺ
644 1390 873 1445 πάρεστιν,
905 1389 963 1440 ὡς
993 1389 1118 1446 ὁρᾷς·
1149 1390 1419 1448 τριτημόρου

515 1457 698 1507 ἕκαστος
729 1456 857 1512 ὑμῶν
887 1453 1051 1513 ἦλθεν·
1095 1460 1156 1509 εἰς
1186 1458 1290 1508 τούς
1319 1460 1528 1514 τέτταρας

515 1528 699 1580 εἴληφεν
730 1523 837 1581 ὑμῖν
868 1524 1024 1569 οὑτοσὶ
1053 1523 1317 1581 τριώβολον.

355 1620 498 1658 Pollux
521 1621 557 1669 9⁷
571 1621 622 1658 66
655 1616 714 1657 ὅτι
743 1617 788 1658 δὲ
817 1617 908 1666 τοὺς
934 1620 978 1668 ξἐξ
999 1622 1168 1670 χαλκοῦς
1190 1617 1436 1671 τριτημόριον
1456 1616 1670 1670 ὠνόμαζον,
1693 1618 1799 1659 ἔστιν

243 1672 377 1727 εὑρεῖν
408 1674 450 1714 ἐν
480 1680 533 1728 τῷ
563 1672 839 1726 Φιλήμονος..
860 1674 1244 1742 ,Πιττοκοπουμένῳ
1275 1680 1354 1715 κτλ.
1403 1691 1596 1728 τετταρων
1625 1675 1701 1728 γὰρ
1731 1675 1798 1716 καὶ

243 1730 371 1770 εἴκοσι
412 1735 568 1788 χαλκων
607 1730 736 1771 ὄντων
775 1731 818 1771 ἐν
854 1747 906 1770 τω
943 1729 1159 1786 τριωβόλῳ,
1195 1732 1238 1781 ἐξ
1278 1731 1428 1786 ἕκαστῳ
1457 1733 1634 1798 γίνονται
1662 1735 1806 1784 χαλκοῖ

243 1786 442 1836 τέτταρσιν
480 1789 608 1839 οὐσιν,
648 1783 716 1835 οὓς
757 1788 915 1840 εἴρηκεν
945 1788 1204 1841 τριτημόριον.
1263 1791 1430 1829 Photius
1460 1784 1731 1841 τριτημόριον.

241 1843 301 1883 ὅτι
348 1843 388 1883 δὲ
433 1841 680 1898 τριτημόριόν
715 1843 820 1884 ἐστιν
850 1846 892 1892 ἐξ
931 1848 1087 1896 χαλκοῖ,
1131 1844 1323 1897 Φιλήμων
1361 1845 1552 1886 διδάσκει.
1613 1847 1724 1886 Suid.
1755 1850 1798 1886 et

243 1904 384 1941 Zonar.
425 1900 677 1954 τριτημόριον
726 1900 817 1949 τοὺς
850 1902 894 1951 ἐξ
932 1905 1099 1953 χαλκοῦς
1136 1908 1208 1941 τοῦ
1245 1898 1387 1954 ὀβολοῦ
1424 1902 1556 1954 εἴρηκε
1593 1899 1796 1953 Φιλήμων.

243 1959 376 2008 Etym.
408 1973 459 1997 m.
494 1960 595 2007 753,
625 1961 679 1998 50
717 1958 966 2010 τριτημόριον
1001 1957 1095 2006 τοὺς
1127 1958 1171 2006 ’ἐξ
1207 1962 1374 2010 χαλκοῦς
1414 1958 1545 2011 εἴρηκε
1583 1957 1796 2007 Φιλόξενος

245 2011 453 2065 (Φιλήμων
484 2014 640 2067 Mein.).
691 2016 861 2054 Bekker.
893 2017 1041 2055 Anecd.
1074 2017 1168 2063 306,
1192 2017 1244 2054 26
1276 2011 1525 2065 τριτημόριόν
1555 2013 1661 2054 ἔστιν
1689 2015 1731 2054 οἵ
1749 2014 1796 2063 ἓξ

242 2073 388 2120 χαλκοῖ.
457 2074 495 2110 2.
527 2070 618 2118 τοὺς
649 2073 738 2110 add.
762 2072 948 2114 Clericus.
1017 2075 1054 2111 3.
1086 2068 1184 2121 ὑμῖν
1204 2069 1451 2124 Ηθιῃεήθὼ]
1483 2068 1594 2122 ἡμῖν.
1662 2068 1797 2110 οὑτοσὶ

243 2127 428 2179 Salmas]
462 2124 622 2168 οὑτωσὶ,

356 2185 592 2224 ‘conductor
622 2187 810 2235 quattuor
829 2186 1189 2224 meleennariorum
1221 2172 1391 2224 debebat
1412 2186 1579 2235 singulis
1601 2198 1668 2224 sex
1689 2185 1795 2224 chal-

243 2253 327 2279 cos:
359 2255 446 2280 eum
477 2244 539 2280 tot
568 2243 678 2280 aenei
709 2242 833 2281 chalci
863 2255 943 2280 non
973 2244 1106 2281 essent
1135 2243 1170 2281 ei
1199 2242 1250 2280 ad
1279 2255 1452 2291 manum,
1485 2242 1594 2280 dedit
1622 2242 1691 2280 uni
1711 2244 1794 2280 tres

243 2298 379 2337 obolos
410 2301 630 2348 argenteos,
661 2299 954 2348 aequivalentes
985 2300 1126 2348 quater
1155 2311 1222 2337 sex
1252 2299 1410 2347 chalcis,
1442 2311 1540 2348 quos
1560 2298 1636 2348 ipsi
1655 2300 1794 2348 postea

242 2353 484 2405 κερματίζειν
514 2355 708 2404 possent?
739 2355 872 2393 Bentl.

989 2431 1045 2472 64

727 2507 894 2563 ὀβολοῦ
923 2507 972 2550 τὸ
1003 2511 1183 2562 πρῶτον
1210 2506 1318 2564 ἡμῖν
1350 2507 1523 2562 ἐνέχεεν

412 2576 486 2618 καὶ
515 2575 739 2631 τεττάρων
769 2579 949 2631 χαλκῶν
979 2575 1087 2630 μετὰ
1117 2579 1268 2618 ταῦτα.
1321 2578 1371 2618 Β.
1403 2575 1478 2617 καὶ
1507 2575 1649 2630 μα’λα·

410 2646 485 2697 τρί
490 2640 754 2699 ’ἡμιωβόλί
781 2644 895 2686 ἐστι’·
928 2646 1097 2698 χαλκοῦ
1126 2641 1300 2698 θερμὸν
1330 2638 1399 2697 ἦν.

354 2738 497 2776 Pollux
520 2740 556 2788 9,
570 2740 620 2777 67
653 2735 712 2776 ὅτι
745 2734 786 2776 δὲ
817 2736 858 2775 οἱ
883 2735 1057 2789 τέτταρες
1087 2739 1227 2788 χαλκοῖ
1250 2723 1494 2788 ἡμιωβόλιόν
1522 2735 1636 2786 εἰσιν,
1668 2734 1710 2774 ἐν
1739 2735 1791 2800 τῷ

241 2807 348 2831 αυτω
395 2792 563 2845 δράματι
607 2791 830 2845 Φιλήμονος
875 2792 982 2832 ἔστιν
1024 2796 1103 2832 κτλ.
1173 2796 1213 2832 et
1244 2795 1288 2841 9,
1313 2794 1367 2832 70
1412 2789 1518 2831 τουτὶ
1572 2790 1707 2844 μέντοι
1749 2787 1791 2830 τὸ
