1806 3216
554 177 762 213 mmmm
786 175 1057 213 ΔΡΔΜΔΤΩΝ
1501 173 1588 217 529

762 279 841 323 181

335 360 385 405 οἱ
409 357 495 416 γὰρ
523 358 637 403 θεὸν
666 360 877 415 σέβοντες
908 357 1095 409 ἐλπίδας
1124 354 1266 409 καλὰς

339 430 523 485 ἔχουσιν
552 428 615 479 εἰς
644 429 885 484 σωτηρίαν.

136 524 381 575 Theophilus
409 523 546 563 Autol.
578 524 624 574 3,
646 523 728 562 385
759 520 837 561 τίνι
866 514 942 560 οὖν
969 516 1106 560 αὐτῶν
1134 516 1428 569 πιστεύσωμεν;
1465 516 1590 570 Φιλή-

0 595 113 651 ,μονι
149 585 204 637 τῷ
238 584 399 635 κωμικῷ
437 577 588 632 λέγοντι
617 581 700 619 κτλ.
739 578 989 630 Epiphanius
1018 578 1060 618 in
1090 578 1238 629 Aneyr.
1272 578 1374 627 512,
1407 577 1463 616 30
1493 572 1515 615 ὁ
1547 572 1587 615 δ’

26 632 96 690 ἐφ’
117 622 234 691 ἡμῶν
262 636 449 693 (casaub.
479 633 501 676 ὁ
531 634 574 676 δὲ
592 633 847 706 Φιλήμων)”
825 648 952 687 ετερος
971 632 1144 704 κωμικός
1166 643 1305 686 φησιν,
1336 630 1419 673 οί”
1397 646 1467 672 ενα
1488 630 1592 673 θεὸν

22 693 208 750 σέβοντες
252 692 413 742 ἐλπίδας
460 691 594 746 ἔχουσι
634 690 758 739 καλὰς
795 691 851 740 εἰς
889 691 1099 743 σωτηρίαν.
1204 693 1241 731 2.
1282 704 1357 732 sor.
1395 690 1591 743 σωτηρίας

23 751 196 806 ἔχουσιν.
234 752 332 792 haec
361 764 431 791 cur
450 751 597 802 spuriis
617 749 916 790 adnumeranda
936 752 1096 790 censeat
1115 748 1338 789 Meinekius
1359 761 1440 788 non
1459 749 1591 789 video.

25 810 122 851 talia
151 810 258 850 enim
288 809 394 849 dieta
423 809 528 860 apud
558 821 696 848 omnes
716 807 958 848 Graecorum
987 809 1126 857 poetas
1156 806 1284 846 multa
1314 804 1590 845 inveniuntur.

764 917 846 960 182

977 969 1053 1017 δύ’
1077 974 1119 1017 εἰ
1134 973 1279 1029 ’λάβοι

297 1045 517 1099 τάλαντα,
548 1044 746 1099 χρυσοῦς
775 1041 819 1094 ἓξ
850 1043 965 1098 ἔχων
995 1039 1242 1085 ἀποίσεται.

142 1129 320 1180 Etymol.
352 1142 406 1167 m.
440 1128 534 1178 744,
556 1127 610 1167 38
643 1123 686 1164 τὸ
718 1124 912 1165 τάλαντον
941 1122 1039 1164 κατὰ
1071 1122 1162 1172 τοὺς
1193 1121 1387 1172 παλαιοὺς
1417 1129 1589 1177 χρυσοῦς

26 1181 103 1239 εἶχε
133 1189 255 1238 τρεῖς·
288 1182 351 1225 διὸ
380 1182 448 1224 καὶ
466 1179 657 1236 Φιλήμων
685 1179 707 1222 ὁ
734 1180 908 1235 κωμικός
939 1193 1040 1233 φησι
1071 1185 1153 1223 κτλ.
1245 1184 1285 1222 2.
1311 1182 1356 1232 ’ἐξ
1388 1180 1490 1234 ἔχων
1518 1183 1588 1222 Pe-

26 1241 145 1298 titus]
177 1241 280 1295 ἔχων
302 1242 361 1291 ἓξ.
767 1293 848 1336 183

652 1362 777 1419 νόμῳ
806 1359 1076 1417 τεθαύμακ’,
1108 1359 1191 1404 οὐκ
1224 1360 1322 1404 ἐπεὶ

300 1434 570 1486 πέπλευκεν,
601 1428 704 1473 ἀλλ’
728 1431 770 1473 εἰ
796 1430 864 1480 δὶς
892 1430 1157 1473 πέπλευκεν.

145 1517 343 1556 Diodorus
375 1512 455 1555 Sic.
479 1516 546 1563 12,
559 1516 612 1553 14
641 1513 866 1565 Φιλήμονος
897 1518 968 1551 τοῦ
997 1511 1339 1580 κωμωδιογρᾶφου
1369 1511 1594 1575 γράφοντος

28 1571 120 1622 τοὺς
150 1571 341 1620 πολλάκις
373 1569 699 1623 ναυτιλλομένους
729 1569 796 1610 καὶ
826 1568 1002 1617 εἰπόντος
1033 1568 1202 1609 κτλ.τό
1234 1568 1515 1621 παραπλήσιον
1543 1564 1596 1608 ἄν

30 1645 86 1679 τις
125 1626 388 1679 ἀποφαίνοιτο
424 1627 479 1681 μὴ
518 1624 743 1680 θαυμάζειν
782 1626 824 1667 εἴ
855 1641 913 1674 τις
943 1623 1178 1680 γεγάμηκεν,
1213 1623 1300 1665 ἀλλ’
1325 1626 1361 1666 εἰ
1388 1625 1450 1674 δὶς
1481 1640 1593 1679 γεγα-

30 1702 143 1740 μηκε.
205 1687 456 1738 Nicephorus
487 1685 608 1736 Greg.
640 1685 743 1725 Hist.
775 1684 871 1736 Byz.
904 1683 982 1723 XII
1014 1685 1037 1723 6
1043 1698 1106 1750 p.
1129 1685 1210 1723 297
1249 1682 1317 1723 καὶ
1355 1689 1478 1723 ταῦτα
1513 1688 1596 1722 των

30 1743 153 1784 παλαι
182 1748 323 1794 σοφων
350 1741 627 1795 θαυμάζοντος
655 1737 819 1781 ἀκούων
849 1736 978 1790 τινός,
1008 1735 1079 1791 οὐχ
1110 1755 1169 1778 οτι
1198 1737 1396 1780 πέπλευκέ
1425 1754 1482 1788 τις
1511 1736 1593 1779 ἀλλ’

29 1799 94 1840 ὅτι
124 1798 319 1840 πέπλευκε
350 1799 426 1848 δίς.
526 1802 560 1838 1.
600 1794 726 1853 νόμῳ]
767 1796 872 1849 οἴμοι
902 1797 1143 1849 Wesseling.
1195 1811 1300 1848 ομως
1330 1798 1452 1837 Mein.
1503 1798 1597 1837 scri-

32 1859 205 1900 bendum
237 1859 375 1909 utique
414 1854 484 1896 καὶ
520 1854 698 1903 εἰπόντος
737 1855 779 1893 N
788 1851 889 1894 οθω
928 1853 996 1906 (cf.
1041 1855 1091 1894 fr.
1122 1855 1192 1893 49.
1224 1851 1317 1909 50)·
1367 1851 1593 1903 τεθαύμακ’

30 1911 193 1955 οὐκέτ’
224 1913 269 1954 εἰ
307 1915 363 1964 (id
397 1915 503 1954 enim
533 1916 574 1953 et
601 1913 812 1952 Philemon
843 1895 883 1951 ei:
911 1911 1114 1951 Diodorus
1143 1910 1346 1978 flagitant)
1377 1909 1598 1951 πέπλευκεν

30 1975 112 2012 κτλ.
176 1974 225 2013 cf.
265 1972 386 2011 etiam
417 1971 578 2010 Diodo.r
616 1971 687 2020 18,
711 1971 764 2009 59
801 1965 1030 2032 παράδοξόν
1070 1966 1177 2007 ἐστιν
1213 1962 1287 2007 οὐκ
1324 1967 1359 2007 εἰ
1393 1965 1527 2021 γέγονέ
1562 1982 1597 2006 τι

30 2028 272 2082 παράλογον,
302 2023 390 2067 ἀλλ’
414 2026 451 2067 εἰ
477 2022 531 2079 μὴ
561 2032 643 2066 πᾶν
674 2025 756 2066 ἐστι
787 2019 830 2064 τὸ
858 2019 1070 2078 γινόμενον
1098 2022 1343 2066 ἀνέλπιστον.

713 2136 807 2180 184.
841 2136 923 2179 185

307 2205 563 2262 μαινόμεθα
594 2205 780 2260 πάντες,
812 2203 983 2249 ὁπόταν
1013 2204 1308 2260 ὀργιζοίμεθα.

304 2271 356 2318 τό
386 2273 472 2331 γὰρ
503 2281 744 2331 κατασχεῖν
776 2271 870 2316 ἐστι
900 2270 984 2329 τὴν
1015 2269 1157 2328 ὀργὴν
1188 2273 1339 2323 πόνος.

149 2359 346 2399 Stobaeus
376 2357 514 2398 Floril.
547 2359 612 2406 20,
629 2359 655 2396 4
685 2351 910 2423 Φιλήμονος
942 2357 990 2395 A.
1042 2355 1192 2397 Anton
1227 2356 1319 2395 Mel.
1352 2357 1403 2394 77
1437 2369 1476 2405 p.
1504 2356 1597 2406 133,

35 2418 102 2456 20.
211 2417 249 2455 2.
288 2430 361 2466 την
398 2410 525 2466 ὀργὴν
562 2411 701 2466 Gesn]
732 2417 802 2464 τῆς
833 2406 972 2476 ὀργῆς,
1014 2412 1121 2462 quod
1153 2413 1321 2452 retinuit
1349 2412 1391 2451 in
1424 2385 1598 2451 Βὶοὶιειοό

35 2473 166 2521 Mein„
198 2473 249 2512 cf.
280 2472 398 2511 vind.
430 2471 563 2511 Strab.
596 2472 691 2509 211.
744 2474 813 2520 τῆς
844 2464 962 2521 ὀργῆς
992 2467 1116 2513 πόνος
1145 2465 1266 2520 μέγας
1297 2470 1392 2507 Ant.
1417 2469 1510 2507 Mel.
1542 2490 1597 2496 —

35 2530 224 2569 Menand.
257 2530 337 2568 811
370 2528 488 2567 Mein.
527 2525 619 2574 όσος
657 2523 700 2565 τὸ
735 2523 914 2577 κατέχειν
951 2523 1031 2564 ἐστὶ
1060 2521 1136 2575 τὴν
1165 2522 1289 2576 ὀργὴν
1317 2522 1455 2571 πόνος.
1518 2525 1597 2566 duo

39 2587 266 2638 fragmenta
295 2597 380 2625 esse
411 2585 513 2625 vidit
542 2584 591 2624 Η.
623 2584 862 2634 Stephanus.

718 2693 812 2737 186.
847 2693 925 2736 187

243 2773 303 2830 μὴ
335 2772 436 2829 λε’γε
466 2775 532 2823 τίς
560 2767 684 2828 ἦσθα
714 2773 950 2829 πρότερον,
982 2770 1098 2815 ἀλλὰ
1130 2773 1219 2813 νῦν
1248 2772 1314 2822 τίς
1342 2766 1395 2813 εἶ.

245 2840 358 2898 πρὸς
387 2839 471 2897 τήν
500 2843 738 2897 παροῦσαν
768 2839 963 2884 πάντοθ’
986 2837 1181 2896 ἁρμόζον
1209 2838 1368 2894 τύχην.

108 2924 224 2951 Comici
245 2923 365 2956 graeei,
385 2923 431 2950 od.
451 2924 511 2949 Th.
537 2922 648 2948 Kook.
671 2922 715 2947 11.
1286 2910 1329 2941 34
