1806 3216
0 0 164 167 ff·

2 268 9 298 5
47 266 259 308 Menandri
287 269 330 307 et
348 267 592 308 Philemonis
614 266 870 319 Comparatio
898 267 1095 308 eiusmodi
1115 269 1176 308 est
1221 270 1267 308 ut
1286 267 1487 308 rarissime
1508 270 1614 306 certa

45 323 203 364 ratione
234 336 336 376 quae
365 327 553 376 corrupta
581 327 677 365 sunt
706 325 837 365 sanari
867 325 1037 376 possint.
1097 327 1136 365 6.
1157 321 1396 377 ακούουσιν]
1418 321 1615 363 κλύουσιν

47 379 186 431 Mein„
217 382 251 421 si
281 382 336 421 sit
365 382 508 433 tragici
537 385 681 433 poetae
703 382 853 433 ecloga,
882 382 1021 432 quales
1040 382 1176 432 plures
1201 382 1242 422 in
1265 381 1615 433 Comparationem

46 436 195 478 inlatae
223 437 319 477 sint.
352 437 520 478 fortasse
549 442 812 491 παροῦσιν.
844 434 1040 492 ἀσφαλές]
1071 435 1197 489 σαφές
1228 439 1353 478 Dobr.
1385 438 1436 478 cf.
1458 437 1610 477 Nauck.

47 492 168 546 Trag.
198 507 258 545 gr.
290 494 339 534 fr.
370 495 507 546 adesp.
540 496 606 537 92.
1589 513 1591 515 ¹

10 599 14 602 p
160 553 234 591 aut
264 564 386 591 unum
416 551 685 603 fragmentum
726 554 790 591 est
818 554 888 591 aut
917 553 1009 593 duo.
1061 552 1094 591 si
1131 564 1276 603 unum,
1319 550 1478 591 delendi
1517 564 1557 593 v.
1589 551 1614 591 3

9 650 14 656 ,
49 603 158 662 (enm
189 607 373 648 Dobraeo
403 608 530 648 Arist.
551 609 659 648 Plut.
683 609 786 663 689)
816 613 858 648 et
886 610 913 647 4
944 621 1034 648 cum
1065 609 1276 648 Meinekio.
1328 609 1361 647 si
1391 608 1483 656 duo,
1514 608 1615 647 alte-

46 676 135 704 mm
164 676 252 704 cum
283 664 334 704 D.
356 665 523 705 Heinsio
554 679 577 705 a
607 679 644 705 v.
668 666 692 704 4
724 666 991 706 incohandum
1021 668 1094 705 est.
1119 687 1170 694 —
1194 666 1433 705 sententiam
1465 665 1614 716 optime

45 718 253 761 Bentleius
282 721 494 762 indicavit:
527 722 732 763 ‘adhaeret
755 725 926 773 pauperi
953 735 1035 763 non
1064 723 1199 763 credi?

592 162 801 199 sanam<
825 163 1091 199 APAMATmt
1528 161 1610 205 511

790 868 870 910 103

218 943 395 1001 ἥκουσα
425 945 601 989 τούτων
631 946 791 1000 αὐτός,
822 943 930 991 οὐδὲ
962 947 1126 1003 φύεται

219 1010 478 1070 αὐτόματον
507 1011 839 1068 ἀνθρώποισιν,
872 1009 911 1058 οἶ
938 1016 1163 1070 βέλτιστε,
1196 1018 1305 1067 νοῦς

219 1079 374 1138 ὥσπερ
407 1083 459 1126 ἐν
489 1080 614 1140 ἀγρῷ
643 1081 812 1139 θύμος“
844 1084 895 1127 ἐκ
925 1083 976 1126 δὲ
1006 1086 1089 1126 τοῦ
1118 1082 1266 1139 λέγειν
1296 1098 1344 1126 τε
1374 1082 1449 1126 καὶ

218 1149 384 1204 ἑτέρων
412 1148 599 1193 ἀκούειν
629 1151 704 1194 καὶ
733 1154 966 1207 θεωρῆσαι
1034 1185 1043 1195 .
1118 1186 1128 1195 .

168 1228 190 1259 5
220 1216 333 1260 uani
364 1218 531 1273 μικρὸν
561 1213 655 1274 ἀεί,
687 1220 821 1274 φασί,
853 1219 1048 1275 φύονται
1078 1219 1255 1276 φρένες.

161 1312 358 1352 Stobaeus
390 1313 528 1364 Eclog.
555 1314 592 1362 2,
615 1315 682 1360 31,
706 1315 757 1353 17
789 1313 990 1353 Wachsm.
1019 1310 1255 1365 Φιλήμονος.
1347 1317 1383 1352 1.
1415 1302 1613 1367 (η”)κουσα

48 1368 167 1408 Laur.
260 1374 376 1408 τοῦτο
410 1365 557 1415 καύτός
595 1367 717 1410 Mein.
755 1370 869 1412 Stob.
900 1371 983 1410 IIII
1011 1383 1171 1411 xxxnn.
1237 1370 1271 1411 si
1307 1367 1460 1409 τούτων
1496 1373 1615 1421 poeta

23 1426 225 1477 -scripsit‚
256 1426 536 1477 ‘philosophos
566 1427 695 1466 dicere
725 1428 922 1467 videtur’.
953 1428 1073 1472 Mein.
1171 1428 1211 1467 2.
1241 1423 1465 1477 αὐτόματος
1496 1428 1615 1470 Mein.

48 1485 88 1522 3.
126 1478 277 1536 θύμος]
307 1479 412 1533 θύμ’
437 1484 556 1523 Mein.
645 1481 789 1536 λέγειν]
822 1486 975 1523 παθεῖν
1003 1485 1171 1524 Usener.
1216 1481 1379 1536 βλέπειν
1409 1484 1611 1523 Wachsm.

45 1535 264 1592 ’κλέγειν
292 1539 340 1578 K.
429 1541 469 1579 4.
500 1538 540 1578 τί
565 1553 645 1579 που
675 1541 839 1591 supplet
869 1542 990 1581 Mein.
1085 1537 1226 1593 λόγους
1257 1541 1302 1581 C.
1324 1541 1370 1580 F.
1394 1540 1612 1582 Hermann.

46 1599 88 1636 et
117 1595 256 1646 quidni
286 1592 430 1647 μόλιςῬ

796 1686 878 1727 104

220 1764 266 1805 τί
291 1765 371 1818 ζῆν
401 1761 568 1819 ὄφελος
597 1756 635 1820 ᾦ
663 1763 724 1819 μή
750 1761 838 1806 ’στι
867 1762 918 1806 τὸ
948 1765 1026 1819 ζῆν
1058 1764 1247 1814 &loevam

219 1833 268 1876 Β.
299 1829 401 1874 ἀλλ’
425 1828 549 1881 οἶνος
577 1824 654 1887 ἦν·
688 1829 840 1882 οὐδεὶς
870 1831 918 1875 δὲ
949 1831 1152 1887 μεθύων,
1183 1827 1241 1873 ἄν
1273 1835 1469 1887 σκοπῇς,

219 1897 270 1949 ὃς
299 1897 402 1955 ου’χὶ
433 1898 597 1950 δοῦλός
627 1900 722 1943 ἐστι
751 1901 833 1942 τοῦ
864 1900 1143 1943 πεπωκέναι·

222 1965 305 2009 ὅσα
334 1965 382 2023 μ’
405 1959 537 2018 οὗτος
564 1965 831 2023 ἠνάγκαζεν,
867 1965 1057 2010 ἐποίουν
1086 1964 1212 2010 ταῦτ’
1238 1966 1341 2023 ἐγώ.

169 2042 190 2076 ὅ
221 2031 245 2077 ὁ
275 2033 472 2090 πονηρὸς
500 2031 624 2086 οἶνος
655 2028 786 2086 οὗτός
817 2034 949 2091 gott„
967 2036 1203 2091 Νικοφῶν.

164 2128 363 2168 Stobaeus
391 2129 530 2169 Floril.
565 2130 637 2181 18,
661 2131 698 2170 6.
722 2131 746 2169 7
787 2128 1012 2181 Φιλήμονος
1048 2130 1098 2169 A.
1163 2130 1323 2170 Stobaei
1353 2130 1426 2169 ecl.
1462 2133 1485 2169 6
1517 2133 1558 2169 et
1589 2132 1611 2169 7

51 2185 262 2236 coniungit
290 2185 438 2236 Trinc.,
476 2187 656 2237 sequitur
687 2188 712 2225 8
751 2191 822 2225 τοῦ
858 2183 985 2225 αὐτοῦ
1014 2187 1064 2226 A.
1095 2182 1359 2240 (Φιλήμονος)
1399 2183 1508 2233 ἅπας
1539 2199 1612 2224 πο-

50 2234 168 2294 νηρὸς
214 2235 322 2289 οἶνος
366 2238 388 2280 ὁ
432 2239 556 2289 πολύς
602 2237 681 2281 ἐστ’
716 2238 792 2282 dec.
843 2243 894 2282 cf.
928 2243 976 2282 fr.
1011 2245 1106 2283 193.
1155 2243 1208 2281 A.
1239 2243 1442 2282 Nauckius
1474 2240 1613 2297 (Mein.

49 2298 87 2337 V
116 2294 291 2351 ccxxxv)
329 2300 382 2338 A.
418 2297 592 2350 πονηρὸς
629 2293 735 2344 οἶνος
771 2292 891 2346 οὗτός
922 2297 1026 2349 ἐστι,
1057 2299 1269 2348 Νικοφῶν.
1311 2301 1359 2338 Β.
1391 2297 1497 2345 ἅπας
1528 2296 1612 2352 (vel

48 2350 202 2407 ἁπλῶς)
232 2352 407 2407 πονηρὸς
438 2349 545 2403 οἶνος
575 2351 597 2394 ὁ
626 2354 751 2402 πολύς
782 2350 860 2394 ἐστ’
883 2351 958 2395 ciel.
1019 2357 1059 2396 5.
1092 2351 1112 2394 ὁ
1143 2353 1319 2405 πονηρὸς
1349 2349 1456 2403 οἶνος
1486 2354 1615 2402 αἴτιός

50 2409 152 2462 ἔστι,
182 2411 384 2462 Νικοφῶν
413 2412 460 2452 F.
476 2412 543 2452 W.
564 2411 758 2452 Schmidt.
790 2412 984 2452 Fleckeis.
1015 2413 1147 2452 annal.
1180 2411 1331 2452 CVHII
1362 2414 1464 2461 376,
1510 2414 1613 2452 conl.

49 2468 279 2508 Anaxandr.
312 2469 385 2517 53,
409 2470 447 2509 3.
509 2469 552 2508 in
591 2469 764 2509 Stobaeo
803 2469 1025 2509 Meinekius
1061 2483 1101 2510 v.
1126 2470 1146 2508 1
1193 2471 1235 2508 et
1263 2482 1302 2508 v.
1323 2470 1348 2508 5
1389 2482 1413 2507 a
1450 2470 1615 2520 reliquis

52 2525 264 2576 separavit.

169 2595 206 2632 1.
244 2593 428 2633 inutilem
467 2605 554 2633 esse
591 2594 716 2633 vitam
758 2594 794 2633 ei
833 2594 901 2643 qui
938 2593 1035 2644 quid
1064 2594 1150 2633 vita
1179 2594 1233 2633 sit
1261 2593 1412 2633 nesciat
1441 2606 1523 2633 non
1551 2594 1616 2633 est

53 2650 254 2690 sententia
282 2650 513 2689 Philemone
549 2649 696 2701 digna3
735 2650 798 2689 sin
827 2652 958 2690 autem
989 2646 1032 2688 τὸ
1061 2649 1132 2700 ζῆν
1163 2663 1251 2690 cum
1282 2649 1433 2689 Cobeto
1465 2650 1613 2689 Mnem.

51 2706 172 2745 VIIII
205 2707 285 2744 114
323 2707 595 2756 interpreteris
630 2702 756 2756 ἡδέως
794 2706 889 2757 ζῆν,
933 2708 1129 2746 luxuriose
1166 2708 1310 2752 vivere,
1349 2706 1537 2746 abhorret
1565 2706 1614 2745 ab

50 2764 107 2803 eis
138 2775 239 2813 quae
269 2766 502 2813 sequuntur.
534 2775 610 2802 scr.
630 2756 663 2816 ᾧ
691 2762 747 2813 μή
775 2758 855 2800 ’στ’
880 2760 949 2801 ἔτι
979 2759 1111 2810 ζῶντ’
1137 2761 1301 2812 εἰδέναι,
1333 2763 1359 2801 i.
1375 2776 1410 2802 e.
1442 2765 1522 2812 qui,
1553 2767 1613 2802 ut-

51 2822 144 2870 pote
175 2820 329 2870 ebrius,
359 2831 399 2859 se
427 2821 551 2860 vivere
579 2831 661 2859 non
690 2821 860 2869 amplius
886 2820 1080 2870 intellegit.
