1864 3204
550 177 756 213 ΑΔΗΛῼΝ
781 177 1049 212 ΔΡΑΜΑΤΩΝ
1507 174 1593 217 399

28 284 250 324 inmunitas
280 283 450 323 daretur.
500 282 778 333 coniungenda
807 284 903 322 sunt
931 281 1053 321 verba
1082 281 1186 321 hunc
1216 281 1258 320 in
1279 280 1462 319 moduzm
1493 275 1594 330 ἡδύς

26 334 68 393 γ’
98 334 120 378 ὁ
158 345 285 380 ποιῶν
323 338 396 391 τὴν
433 335 612 379 ἀτέλειαν
641 337 814 391 Βρομίου
845 337 1026 391 Λεσβίου
1057 336 1258 390 εἰσάγουσι
1287 334 1357 376 τὸν
1386 331 1498 376 οἶνον
1528 334 1590 375 ἐν·

26 392 144 437 θᾶδε.
201 410 276 449 pro
306 394 534 450 εἰσάγουσιν
560 396 729 436 fortasse
759 398 865 443 τοῖς
895 393 1120 447 ἄγουσιν.
1173 396 1231 434 ita
1258 407 1339 434 non
1370 394 1508 433 solum
1530 406 1590 433 co-

26 454 119 494 mici
155 454 379 506 interdum,
424 454 493 494 sed
530 454 652 493 etiam
688 453 817 492 Plato.
874 453 1037 503 Protag.
1069 454 1151 492 313
1172 452 1211 491 d.
1260 452 1358 503 Leg.
1391 452 1435 500 8,
1458 451 1539 490 847
1558 463 1591 490 c.

26 510 200 563 Sophiet.
232 512 358 551 224a.
427 509 597 563 Βρομίου
627 508 820 562 Λεσβίου,
850 512 896 549 ut
924 506 1105 557 ποδαπὸς
1135 505 1156 547 6
1189 506 1361 559 Βρόμιος
1394 509 1488 548 230.
1540 507 1590 547 cf.

29 565 192 621 Μάρων
221 566 371 608 Cratin
399 569 492 608 135.
538 567 635 607 Eur.
666 566 777 619 Cycl.
811 568 908 607 412.

769 678 851 720 277

241 756 320 808 ’ὥς
349 759 442 802 ἔστι
471 761 768 801 κατακεῖσθαι
798 752 886 811 πρὸ
918 756 1108 800 δείπνου
1139 754 1376 812 συμφορά·

260 823 363 870 οὔτε
391 826 477 883 γὰρ
507 824 651 876 ὕπνος
680 826 917 878 δήπουθεν
947 823 1100 868 οὐδέν’
1122 821 1182 867 ἄν
1213 826 1367 880 λάβοι,

258 893 369 938 οὔθ’
390 892 450 938 ἃν
479 895 584 952 λέγῃ
615 910 682 944 τις
711 891 921 949 οὐδαμοῖς
948 894 1175 950 μάθοιμεν
1206 890 1286 936 ἄν·

259 959 283 1006 6
314 965 424 1014 νοῦς
452 963 538 1018 γάρ
569 963 664 1006 ἐστι
694 964 771 1019 τῆς
800 962 1016 1017 τραπέζης
1045 963 1250 1017 πλησίον.

141 1058 374 1098 Athenaeus
406 1059 454 1108 1,
477 1059 530 1098 23
547 1071 568 1098 c
606 1059 871 1096 κατακεῖσθαι
907 1055 952 1095 δὲ
988 1054 1138 1108 λέγεται
1169 1054 1237 1095 καὶ
1267 1055 1593 1108 κατακεκλίσθαι,

26 1110 82 1162 ὥς
112 1111 157 1153 ἕν
185 1114 433 1164 Συμποσίοις
462 1111 656 1164 Ξενοφῶν
685 1112 751 1153 καὶ
784 1111 966 1152 Πλάτων.
990 1111 1143 1162 ’Ἄλεξις
1173 1115 1255 1156 κτλ.
1348 1116 1383 1153 1.
1413 1111 1491 1164 ὅση
1516 1110 1592 1153 ’στὶ

29 1171 76 1213 G.
98 1172 148 1211 A.
171 1171 373 1223 Hirsehig.
393 1171 498 1211 Ann.
520 1173 610 1211 crit.
638 1173 703 1211 16.
754 1172 796 1210 at
824 1172 913 1222 quis
944 1172 1044 1211 sciat
1073 1170 1169 1222 quid
1198 1171 1486 1222 praecesserit?
1525 1173 1593 1212 .3.

29 1225 131 1268 οὔθ’
153 1225 209 1268 ἃν
236 1229 387 1269 Iacobs.
417 1228 524 1269 Add.
552 1228 649 1268 Ath.
682 1225 752 1281 14]
783 1223 874 1266 οὐδ’
896 1224 960 1267 ἂν.

769 1338 853 1381 278

234 1416 371 1462 οὐδέν
401 1416 443 1474 γ’
467 1416 575 1461 ἔοικ’
599 1415 844 1472 ἅνθρωπος
873 1421 984 1475 οἴνῳ
1011 1414 1095 1473 τήν
1125 1416 1288 1473 φύσιν·

231 1485 256 1530 6
286 1487 371 1543 μὲν
400 1486 732 1543 ἅπογηράσκων
763 1483 903 1541 ἀηδής
931 1487 1126 1541 γίνεται,

232 1551 361 1598 οἶνον
391 1555 440 1598 δὲ
470 1553 551 1598 τὸν
580 1553 883 1598 παλαιότατον
913 1555 1245 1610 σπουδάζομεν·

233 1626 281 1666 Β.
315 1620 338 1665 6
367 1623 451 1679 μὲν
481 1622 638 1666 δάκνει
667 1620 777 1678 γάρ,
811 1620 835 1665 6
864 1620 906 1665 δ’
932 1619 1117 1679 ἱλαρούς
1144 1621 1261 1678 ἡμᾶς
1290 1631 1420 1667 ποιεῖ.

142 1717 371 1758 Athenaeus
394 1719 431 1769 2,
450 1718 534 1757 36f
558 1712 731 1767 αλλαχοῦ
760 1713 805 1755 δὲ
835 1712 1069 1756 τούναντίον
1098 1713 1166 1786 (fr.
1187 1714 1263 1772 45)
1292 1715 1420 1768 φησὶν
1440 1715 1592 1766 ’Ἄλεξις

30 1776 112 1814 κτλ.
150 1775 384 1815 Eustathius
409 1776 531 1824 1449,
550 1776 602 1814 23
635 1777 760 1813 κεῖται
789 1771 833 1812 δὲ
861 1770 959 1826 παρ’
981 1769 1094 1828 αὐτῷ
1115 1770 1362 1843 (Ἀθηναίῳ)
1394 1773 1462 1814 καὶ
1487 1771 1592 1814 Ἀλέ

32 1830 138 1880 ξιδος
170 1827 213 1869 τό
252 1833 333 1871 κτλ.
444 1833 482 1874 1.
512 1827 552 1884 γ’
585 1832 676 1870 add.
707 1830 799 1870 VL.
907 1832 1034 1882 magis
1065 1832 1198 1882 placet
1227 1826 1349 1871 οὐδὲν
1377 1828 1452 1884 α’ρ’
1476 1828 1574 1871 ἔοικ’
1581 1863 1591 1873 .

30 1889 71 1928 2.
101 1884 123 1926 6
156 1885 231 1938 μὲν
258 1886 333 1940 γὰρ
362 1889 467 1927 libri.
514 1884 536 1927 6
568 1885 643 1938 μὲν
670 1884 750 1955 γὰρ
765 1883 969 1951 ἀπογηρὰς
990 1889 1132 1928 Elmsl.
1154 1889 1301 1928 Edinb.
1324 1890 1421 1929 Rev.
1438 1889 1474 1926 V
1499 1890 1593 1930 187.

30 1941 111 1984 ἀπὸ
148 1943 198 1997 γή
225 1959 279 1993 ως
316 1945 497 1985 Bothius.
557 1942 579 1983 6
616 1943 691 1998 γὰρ
725 1938 1017 2010 απογηροὶσκων
1054 1946 1165 1985 Pors.
1206 1946 1332 1986 Arist.
1371 1946 1477 1985 Nub.
1510 1947 1592 1986 893

30 2015 71 2053 p.
92 2002 160 2042 34.
255 1998 328 2054 μὲν
355 1998 646 2055 ἆπογηροὶσκων
676 2003 794 2042 Mein.
827 2003 869 2042 in
899 2002 995 2042 Ath.
1083 1999 1105 2041 6
1133 1999 1207 2053 μέν
1236 1999 1275 2054 γ’
1298 1998 1594 2055 ἆπογηρᾶσκων

31 2058 80 2098 Κ.
167 2059 207 2100 4.
238 2059 281 2099 Β.
314 2060 402 2099 add.
434 2059 483 2100 K.
773 2112 858 2156 279

845 2194 1029 2247 πίννας,
1062 2192 1280 2247 κάραβον,

265 2257 482 2316 βολβούς,
513 2262 714 2316 κοχλίας,
746 2260 968 2316 κήρυκας,
1000 2258 1068 2317 ᾤ’,
1100 2258 1379 2316 ἀκροκώλια,

266 2331 483 2371 τοσαῦτα·
513 2327 689 2371 τούτων
718 2327 777 2370 ἄν
806 2331 872 2378 τίς
904 2326 1027 2382 εὕροι
1057 2328 1273 2383 φάρμακα

268 2396 430 2451 ἐρῶντι
460 2395 637 2451 εταίρας
665 2396 795 2451 ἕτερα
825 2394 1155 2452 χρησιμώτερα;

150 2490 382 2530 Athenaeus
412 2491 450 2542 2,
474 2493 558 2530 630
581 2488 730 2538 ’Ἁλεξις
761 2487 989 2540 ἐμφανίζων
1018 2487 1091 2542 τὴν
1120 2494 1201 2529 τῶν
1229 2490 1387 2542 βολβῶν
1415 2487 1517 2542 πρὸς
1546 2505 1593 2529 τα

35 2542 251 2615 ἀφροδίσια
280 2545 458 2596 δύναμιν
487 2546 589 2598 φησί
615 2549 697 2586 κτλ.
787 2548 825 2586 2.
858 2541 916 2585 ὦὰ
946 2547 1048 2587 libri.
1137 2549 1176 2586 3.
1211 2551 1372 2585 τοιαῦτα
1394 2548 1513 2588 Mein.
1530 2548 1591 2587 ed.

36 2605 128 2644 mai.
214 2619 267 2643 αν
303 2617 360 2649 τις
400 2603 554 2644 Comes.
612 2600 776 2642 τουτωνὶ
814 2602 871 2650 τίς
906 2618 960 2643 αν
996 2605 1118 2643 Mein.
1150 2603 1265 2642 Anal.
1295 2600 1394 2647 Ath.
1427 2605 1480 2643 33
1513 2605 1592 2655 (ed.

35 2662 133 2700 min.
164 2658 304 2714 xvm).
335 2660 486 2699 τούτων
516 2659 573 2707 τίς
602 2674 656 2699 αν
682 2655 844 2712 ἀνεύροι
873 2661 1076 2701 Herwerd.
1107 2659 1202 2700 Obs.
1228 2660 1314 2701 crit.
1342 2661 1408 2699 80.
1496 2675 1594 2713 ευρη

36 2718 70 2756 Β
99 2720 142 2757 et
171 2717 201 2757 C
233 2729 334 2757 corr.
422 2718 462 2756 4.
494 2714 598 2768 ἐρῶν
625 2719 667 2757 et
695 2730 838 2768 χατερα
867 2717 1017 2757 Iacobs.
1036 2717 1201 2756 Anthol.
1221 2716 1320 2755 VIII
1343 2718 1437 2759 234.
1503 2719 1594 2758 scri-

36 2774 210 2814 bendum
251 2774 411 2813 videtur
450 2778 631 2812 τοιαῦτα·
670 2769 817 2812 τούτων
851 2771 906 2813 ἅν
943 2788 999 2820 τις
1030 2771 1138 2825 εὕροι
1168 2787 1212 2822 φ.
1238 2769 1411 2826 Ιέρῶντι
1439 2771 1593 2826 γραὸς

40 2828 122 2883 (vel
150 2828 306 2882 γραίας,
337 2830 386 2870 cf.
417 2830 542 2872 Arist.
574 2830 731 2870 Thesm.
766 2827 946 2885 1024)‘'
925 2845 973 2869 ετ.
1006 2845 1084 2882 χρυ
1074 2860 1085 2881 ,
1121 2843 1214 2869 nam
1243 2832 1478 2871 meretricem
1507 2832 1592 2881 pul·
