1890 3190
283 194 344 240 50·
898 197 1220 231 ΑΝΤΙΦΑΝΟΤΣ
1838 182 1861 235 ‚¹

395 299 626 338 Athenaeus
656 300 798 348 4,169
815 299 839 336 d
877 294 1069 349 βατάνιον
1098 295 1138 336 δ’
1170 298 1328 350 εἴρηκεν
1353 293 1593 351 Ἀντιφάνης
1624 296 1668 338 ἐν
1695 293 1840 340 Εὔθυ-

283 353 380 407 δίκῳ
410 357 490 394 κτλ.
547 357 588 394 at
617 356 760 394 Pollux
792 357 956 405 10,107
995 353 1063 394 καὶ
1098 353 1256 406 πατάνη
1295 353 1337 394 δὲ
1373 355 1440 394 καὶ
1477 355 1672 395 πατάνιον
1700 354 1746 396 τὸ
1775 350 1840 396 ἔκ·-

281 410 450 449 πέταλον
478 408 669 449 λοπάδιον
693 442 701 451 .
735 442 744 450 .
774 442 782 450 .
807 410 874 450 καὶ
900 409 1163 460 Ἀντιφάνους
1195 410 1239 450 έν
1268 408 1492 466 Εὐθυδίκῳ
1521 411 1728 459 πολύπους
1755 415 1836 455 κτλ..

284 468 334 506 ef.
365 469 413 505 fr.
439 470 505 506 70.
592 467 824 514 πουλύπους
857 467 1096 520 Schweigh.]
1129 467 1331 515 πολύπους
1361 469 1590 519 utrubique.
1677 468 1841 520 βατανί-

283 522 401 576 οισιν]
422 522 656 575 βατάνοισιν
686 525 722 563 Α
751 525 848 564 Ath.
897 524 1148 563 πατανίοισιν
1178 526 1335 565 Pollux.
1440 521 1588 579 ἑφθός]
1620 523 1750 576 ἑφθὸς
1780 523 1841 565 ἐν·

284 578 535 655 τετμημένοις
567 582 615 620 A.
675 595 727 620 an
758 579 889 620 ἔπειτα
918 579 1146 628 πουλύπους
1172 582 1177 632 Ι
1205 579 1248 620 ἕν
1277 583 1316 633 β.
1346 604 1402 610 ——
1433 579 1740 655 ἕντετμημένοςῖ
1877 603 1890 703 ³

1036 703 1090 744 96
1129 734 1131 737 -

555 780 641 836 ἐγώ
673 781 1006 836 ξενιτευόμενος
1036 781 1388 837 ἐστρατευόμην.
1882 801 1890 849 3

399 865 700 914 Harpocration,
733 864 913 914 Photius,
945 863 1099 914 Suidas,
1132 864 1306 903 Cramer.
1337 865 1486 904 Anecd.
1510 864 1582 904 Ox.
1604 865 1646 904 ΙΙ
1674 856 1843 916 497,10

241 915 246 920 ’
287 921 623 972 ξενιτευομένους·
655 916 744 959 ἀντὶ
773 920 843 958 τοῦ
862 922 1228 988 μισθοφοροῦντας.
1257 919 1496 972 Ἀντιφάνης
1519 916 1740 974 Εὐθυδίκου
1759 924 1840 961 κτλ.
1887 918 1890 950 ἶ

284 991 492 1028 perperam
522 978 687 1017 Photius
717 973 990 1029 άριστοφάνης
1021 973 1196 1019 εὐδίκωι.

1035 1098 1088 1141 97

340 1181 466 1221 πάνυ
497 1176 639 1233 συχνὴ
672 1171 917 1234 σφύραινα.
970 1180 1021 1220 Β.
1052 1178 1245 1231 κέστραν
1276 1176 1490 1220 ἀττικιστὶ
1520 1178 1594 1221 δεῖ
1619 1179 1780 1234 λέγειν.

398 1274 627 1312 Athenaeus
660 1275 698 1324 7,
722 1273 841 1312 323b
883 1270 951 1311 καὶ
993 1271 1034 1310 οἷ
1056 1266 1222 1313 Ἀττικοι
1265 1268 1310 1309 δὲ
1355 1262 1407 1319 ὦς
1450 1270 1514 1310 ἐπὶ
1557 1269 1599 1310 τὸ
1637 1270 1739 1312 πολὺ
1767 1270 1842 1324 τὴν

283 1328 513 1381 σφύραιναν
542 1328 706 1367 καλοῦσι
736 1327 916 1380 κέστραν,
956 1327 1141 1373 σπανίως’
1168 1324 1212 1366 δὲ
1242 1327 1294 1381 τῷ
1324 1333 1396 1377 τῆς
1427 1328 1648 1380 σφυραίνης
1679 1325 1842 1381 ὀνόματι

282 1383 544 1439 ἐχρήσαντο..
564 1383 822 1451 ,Ἀντιφάνης
853 1383 895 1424 έν
916 1380 1139 1438 Εὐθυδίκῳ
1167 1387 1246 1423 κτλ.
1335 1383 1445 1424 πάνυ
1476 1383 1601 1437 συχνὴ
1626 1390 1633 1436 Ι
1659 1396 1728 1436 σφ.
1758 1388 1839 1425 κτλ.

282 1445 467 1483 Dindorf.
499 1446 540 1483 et
568 1444 741 1482 Meinek.
773 1444 815 1482 in
845 1443 988 1482 Athen.
1021 1443 1083 1482 ed.

945 1601 1175 1634 ΕΤΠΛΟΙΑ

389 1684 464 1722 Est
493 1683 614 1722 etiam
643 1694 862 1733 cognomen
891 1681 1059 1720 Veneris
1088 1677 1287 1721 Εὔπλοια.
1338 1681 1511 1721 Pausan.
1538 1682 1576 1729 1,
1596 1682 1632 1731 1,
1650 1682 1689 1720 3.
1728 1682 1839 1722 Prel-

277 1741 350 1779 ler.
384 1741 511 1790 Myth.
543 1736 623 1790 gr.²
652 1739 672 1777 I
703 1740 798 1778 266.
821 1740 860 1780 9.

1033 1815 1087 1857 98

538 1894 656 1950 λύπη
685 1892 771 1949 γὰρ
802 1891 1086 1948 ἀνθρώποισι
1116 1892 1192 1935 καὶ
1221 1891 1271 1935 τὸ
1301 1895 1379 1948 ζῆν
1408 1893 1556 1944 κακῶς

479 1963 482 1966 ’
541 1961 694 2017 ὥσπερ
725 1957 908 2017 πονηροὶ
939 1960 1158 2016 ζωγράφω
1188 1959 1243 2003 τὰ
1272 1959 1483 2016 χρώματα

535 2029 786 2084 πρώτιστον
816 2026 1113 2084 ἀφανίζουσιν
1143 2027 1191 2070 ἐκ
1221 2030 1302 2070 τοῦ
1332 2028 1548 2082 σώματος.

392 2125 587 2164 Stobaeus
616 2125 755 2164 Floril.
779 2125 844 2174 99,
868 2124 920 2162 32
952 2128 1022 2161 τοῦ
1052 2118 1177 2161 αὐτοῦ
1209 2117 1514 2176 (Ἀντιφάνους)
1553 2118 1592 2170 ἐξ
1631 2118 1832 2170 Εὖπλοίας

276 2182 325 2222 A.
403 2180 509 2231 λύπη
539 2178 614 2233 γὰρ
636 2203 689 2209 —
710 2177 872 2231 πονηρὼ
904 2175 1094 2231 ζωγράφω
1124 2179 1247 2229 Toup.
1281 2179 1448 2218 Emend.
1478 2179 1499 2217 I
1521 2176 1620 2231 173]
1652 2176 1835 2230 λυπηρὸν

280 2261 330 2267 —
359 2243 521 2292 πονηρῷ
558 2235 761 2291 ζωγράφῳ.
820 2234 986 2288 πονηροὶ
1021 2231 1217 2287 ζωγράφοι
1257 2235 1433 2275 Grotius
1491 2236 1565 2274 hoc
1603 2236 1733 2275 dicere
1771 2236 1827 2276 vi-

276 2296 410 2335 detur·
457 2298 502 2334 ut
548 2296 662 2345 pravi
703 2295 871 2345 pictores
917 2294 1029 2334 vivos
1069 2295 1110 2331 et
1145 2292 1330 2356 proprios
1367 2292 1518 2331 colores
1555 2305 1712 2333 servare
1749 2305 1831 2332 non

276 2354 448 2402 possint,
489 2353 545 2391 sie
574 2364 791 2391 maerorem
831 2352 872 2389 et
901 2351 1120 2401 egestatem
1150 2349 1323 2399 primum
1361 2349 1541 2388 sanitatis
1580 2349 1732 2390 colores
1769 2362 1832 2389 ex·

278 2410 497 2460 stinguere,
529 2404 669 2448 deinde
699 2409 819 2447 etiam
848 2407 1025 2446 animum
1053 2406 1288 2456 opprimere.

1025 2539 1080 2581 99

391 2624 683 2674 Harpocration
712 2625 753 2662 et
781 2622 948 2661 Photius
985 2619 1132 2669 ξυστίς·
1163 2617 1388 2671 γυναικεῖόν
1417 2633 1452 2658 τι
1484 2617 1637 2671 ε’νὸυμά
1667 2616 1774 2658 ἐστιν
1803 2614 1829 2668 ἡ
1888 2616 1890 2618 ’

277 2678 409 2727 ξυστὶς
439 2676 756 2730 πεποικιλμένον,
787 2675 841 2726 ὡς
873 2676 993 2729 δῆλον
1021 2675 1206 2716 ποιοῦσιν
1236 2673 1347 2713 ἄλλοι
1376 2689 1415 2714 τε
1445 2681 1525 2715 τῶν
1541 2681 1739 2740 κωμικῶν
1766 2673 1832 2714 καὶ
1887 2678 1890 2700 3

271 2733 516 2786 Ἀντιφάνης
547 2734 591 2774 ἐν
619 2732 801 2774 Εὐπλοία
845 2732 1003 2786 ὥσπερ
1048 2732 1256 2782 ξυστίδα
1301 2729 1460 2784 ω’σπερ
1506 2727 1555 2771 τὸ
1594 2731 1831 2778 ποικίλως

275 2789 583 2844 ὑφασμένον.
643 2793 765 2832 verba
793 2792 1034 2842 Antiphanis
1072 2791 1215 2830 desunt
1251 2790 1355 2839 apud
1394 2790 1592 2829 Photium.
1652 2787 1832 2826 ποικίλον

274 2845 474 2900 ημφιεσμέ
456 2863 549 2888 ενον
579 2850 627 2889 A.
677 2846 809 2900 ωσπερ
840 2847 1002 2896 ξυστίδα
1029 2846 1035 2900 Ι
1062 2845 1141 2885 τῶν
1169 2845 1355 2892 ποικίλως
1385 2842 1630 2895 ὖφασμένων
1658 2845 1829 2886 Meinek.
