1864 3204
265 166 351 208 500
892 161 1192 195 ΦΙΛΗΜΟΝΟΣ

884 273 1200 307 ΣΤΡΑΤΙΩΤΗΣ

469 406 528 457 ὥς
558 407 707 463 ἵμερός
737 406 782 462 μ’
807 405 982 462 ὑπῆλθε
1011 409 1070 462 γῇ
1099 422 1146 449 τε
1177 405 1387 462 κούρανῷ

467 476 585 526 λέξαι
615 475 799 530 μολόντι
828 473 1001 526 τοῦψον
1032 471 1090 524 ὦς
1121 473 1359 517 ἐσκεύασα.

470 541 525 598 νὴ
557 542 639 597 τὴν
666 541 862 597 Ἀθηνᾶν
890 539 981 597 ἡδύ
1009 541 1053 596 γ’
1077 541 1169 584 ἔστ’
1192 536 1431 597 εὐημερεῖν

467 611 517 653 ἐν
548 609 737 652 ἅπασιν·
772 610 904 664 ἰχθὺς
935 607 1105 659 ἁπαλὸς
1134 603 1229 659 οἷος
1258 607 1417 664 γέγονέ
1441 624 1539 664 μοι,

470 674 568 721 οἷον
598 676 904 732 παρατέθεικ’,
937 675 992 719 οὐ
1024 677 1460 732 πεφαρμακευμένον

467 753 688 801 τυροῖσιν,
720 743 817 787 οὐδ’
843 743 1026 787 ἄνωθεν
1058 745 1399 800 ἐξανθισμένον,

469 812 566 855 ἀλλ’
589 808 682 864 οἷος
710 805 769 868 ἦν
799 815 900 868 ζῶν,
932 811 1108 862 κώπτὸς
1137 808 1202 854 ὢν
1231 815 1433 861 τοιοῦτος
1460 804 1542 866 ἦν·

471 880 615 931 οὕτως
645 879 823 923 ἁπαλὸν
854 881 1000 923 ἔδωκα
1032 879 1107 922 καὶ
1136 883 1285 935 πρᾷον
1314 878 1367 922 τὸ
1398 882 1490 933 πῦρ

468 947 621 991 ὀπτῶν
651 947 732 991 τὸν
750 944 915 1003 ’ἰχθύν,
948 946 1055 991 οὐδὲ
1086 947 1458 1002 πιστευθήσομαι.

401 1027 442 1056 10
473 1015 628 1072 ὅμοιον
661 1014 842 1071 ἐγένετ’,
875 1015 1001 1071 ὅρνις
1031 1014 1200 1058 ὁπόταν
1231 1012 1410 1071 ἁρπάσῃ

468 1087 550 1127 τοῦ
580 1091 816 1126 καταπιεῖν
845 1084 995 1139 μεῖζόν
1025 1098 1086 1126 τι·
1119 1083 1366 1138 περιτρέχει
1397 1083 1551 1139 κύκλῳ

468 1155 670 1207 τηροῦσα
699 1154 848 1206 τοῦτο,
880 1158 1115 1194 καταπιεῖν
1144 1150 1188 1192 δ’
1211 1149 1508 1204 ἐσπούδακεν,

468 1219 615 1272 ἕτεραι
646 1219 891 1262 διώκουσιν
922 1220 971 1262 δὲ
1002 1218 1182 1274 ταύτην.
1232 1217 1399 1262 ταύτὸν
1429 1213 1502 1274 ἦν.

469 1285 550 1342 τὴν
583 1285 751 1342 ἡδονήν
782 1285 806 1329 ὁ
836 1290 1012 1341 πρῶτος
1042 1285 1193 1329 αὐτῶν
1222 1285 1499 1342 καταμαθών

399 1364 439 1395 15
470 1357 548 1410 τῆς
578 1355 794 1408 λοπάδος,
826 1353 1079 1410 ἀνεπήδησε
1108 1353 1340 1409 κᾶφευγεν
1371 1354 1523 1410 κύκλῳ

471 1419 554 1477 τὴν
584 1421 742 1464 λοπάδ’
767 1424 895 1477 ἔχων,
929 1421 1056 1465 ἄλλοι
1087 1421 1125 1464 δ’
1155 1422 1346 1465 ἐδίωκον
1376 1420 1487 1464 κατὰ
1517 1420 1668 1472 πόδας.

471 1491 575 1544 ἐξῆν
607 1487 855 1542 ὀλολύζειν·
889 1490 936 1532 οἱ
961 1490 1044 1544 μὲν
1074 1488 1284 1545 ἥρπασάν
1313 1505 1356 1532 τι
1385 1490 1494 1544 γάρ,

472 1557 520 1599 οἰ
545 1555 588 1598 δ’
613 1556 763 1612 οὐδέν,
797 1559 844 1600 οἱ
869 1559 919 1601 δὲ
950 1556 1110 1600 πάντα.
1161 1559 1305 1599 καίτοι
1335 1558 1593 1613 παρέλαβον

471 1626 604 1679 ἰχθῦς
633 1627 878 1679 ποταμίους
909 1626 1150 1675 ἐσθίοντας
1178 1624 1402 1679 βόρβορον
1418 1640 1432 1683 ᾗ

406 1702 449 1733 20
480 1694 520 1735 εἰ
549 1691 592 1735 δ’
622 1694 784 1747 ἔλαβον
815 1691 917 1747 ἄρτι
947 1692 1133 1747 σκάρον,
1163 1691 1194 1747 ἢ
1220 1691 1261 1734 ’κ
1291 1694 1370 1748 τῆς
1393 1690 1592 1747 Ἀττικῆς

469 1763 762 1814 γλαυκίσκον,
795 1756 831 1803 (3
862 1763 953 1803 Ζεῦ
983 1762 1142 1815 σῶτερ,
1171 1759 1202 1815 η’
1228 1759 1264 1811 ’ξ
1283 1758 1477 1815 ’Ἁργους
1507 1760 1698 1816 κάπρον,

469 1826 498 1883 ἢ
526 1827 566 1870 ’κ
597 1831 675 1883 τῆς
706 1831 944 1879 Σικυῶνος
972 1831 1049 1883 τῆς
1079 1830 1212 1883 φίλης
1241 1824 1296 1870 ὃν
1324 1835 1417 1877 τοῖς
1445 1831 1570 1876 θεοῖς

472 1896 598 1950 φέρει
630 1897 868 1939 Ποσειδῶν
899 1895 1097 1951 γόγγρον
1129 1896 1189 1946 εἰς
1218 1894 1296 1938 τὸν
1327 1892 1542 1948 οὐρανόν,

471 1962 666 2013 ἅπαντες
696 1964 744 2006 οἶ
769 1961 990 2020 φαγόντες
1021 1962 1221 2018 ἐγένοντ’
1243 1961 1302 2004 ἂν
1332 1965 1446 2006 θεοί.

405 2040 448 2071 25
480 2029 735 2074 ἀθανασίαν
766 2029 954 2087 εὕρηκα·
987 2030 1091 2080 τούς
1120 2028 1206 2086 ἤδη
1237 2032 1454 2085 νεκρούς,

472 2097 580 2141 ὅταν
611 2096 929 2154 ὀσφρανθῶσι,
962 2100 1076 2141 ποιῶ
1106 2101 1187 2153 ζῆν
1216 2096 1366 2143 πάλιν.

419 688 438 718 ι’(

382 2181 605 2220 Athenaeus
638 2183 674 2232 7,
698 2183 818 2221 288d
847 2178 1038 2232 Φιλήμων
1067 2178 1124 2231 δέ,
1155 2184 1224 2231 τῆς
1254 2179 1462 2233 κωμῳδίας
1491 2176 1512 2219 ὁ
1545 2175 1724 2232 ποιητής,
1755 2179 1822 2220 καὶ

269 2233 389 2283 αὐτὸς
420 2233 682 2287 μνημονεύων
713 2244 792 2277 τῶν
821 2236 865 2277 ἐν
894 2237 1074 2277 Σικυῶνι
1105 2235 1310 2289 διαφόρων
1329 2235 1520 2289 γόγγρων,
1550 2240 1691 2277 ποιεῖ
1714 2251 1821 2277 τινα

270 2307 511 2389 ἕαγειρον
549 2292 626 2332 ἐπι
659 2292 808 2389 τέχνΣῃ
848 2300 901 2348 τῇ
929 2293 1119 2389 {avasgi
1158 2292 1644 2390 oguvvggffllessvgffi
1660 2291 1821 2420 λέγέιὲξα

270 2363 732 2458 3232<552212020055ffl
762 2350 1388 2458 εῑῖεῖζτέἷζῖλοξαεὲδῗῖιμοέιως
1404 2404 1478 2445 g.
1458 2365 1592 2484 2233.
1621 2363 1736 2458 33¹⁵,
1766 2421 1822 2454 ως

270 2463 388 2512 δηλοῖ
419 2461 483 2501 καὶ
525 2460 589 2510 ἐξ
616 2460 792 2514 Ἀττικῆς
831 2463 1085 2532 γλαυκίσκον,
1124 2460 1165 2510 ἐξ
1186 2461 1354 2514 ’Ἀργους
1390 2461 1575 2510 καπρον.’
1634 2477 1672 2504 v.
1705 2464 1772 2502 25.
1795 2465 1819 2503 6

271 2521 495 2559 Athenaeus
527 2520 640 2558 290a
670 2516 690 2558 ὁ
721 2519 1000 2570 προειρημέιος
1030 2517 1211 2572 μάγειρος
1241 2521 1320 2557 κτλ.
1398 2522 1432 2558 1.
1464 2515 1570 2558 ὥσθ’
1603 2533 1651 2558 ex
1681 2520 1818 2570 Eurip.

270 2578 373 2615 Med.
393 2577 443 2614 57
466 2576 651 2617 Koenius.
725 2575 791 2615 καὶ
811 2574 966 2631 οὐρανῷ
986 2578 1036 2616 Α.
1117 2578 1156 2615 5.
1177 2570 1280 2627 οἷον]
1303 2580 1443 2614 τοῦτον
1464 2576 1508 2616 Ο.
1547 2578 1652 2614 τοῖον
1673 2576 1819 2627 Toup..

272 2634 375 2682 quod
406 2645 486 2671 non
517 2635 578 2671 est
608 2633 857 2673 comicorum.
908 2647 982 2673 scr.
1016 2626 1164 2671 ὀπτὸν
1192 2628 1467 2683 παρατέθεικ’,
1498 2628 1544 2671 οὐ
1575 2645 1668 2682 πεφ.
1719 2633 1769 2674 cf
1781 2634 1819 2671 7.

270 2690 412 2739 qualis
429 2689 525 2727 mihi
542 2690 690 2728 ementi
704 2691 860 2742 obtigit,
879 2693 992 2729 tenel
1007 2692 1047 2729 et
1062 2690 1284 2728 molliculus
1303 2684 1499 2739 (ἁπαλός),
1518 2685 1675 2742 (talem)
1687 2701 1818 2728 assum

270 2746 448 2794 adposui.
454 2748 466 2766 '
529 2747 566 2784 6.
584 2743 868 2796 ἐξανθισμένον
883 2747 1029 2786 Naber.
1041 2747 1186 2785 Mnem.
1199 2758 1289 2784 nov.
1294 2745 1500 2796 V111410]
1519 2741 1818 2810 ἐξηνθισμένον.

270 2802 318 2842 cs.
343 2802 515 2851 Epicrat.
539 2804 576 2852 6,
587 2805 624 2841 5.
654 2803 831 2843 Pherecr.
858 2805 949 2852 108,
964 2805 1027 2842 16.
1117 2804 1153 2841 7.
1183 2797 1336 2848 κώπτὸς
1357 2801 1510 2852 Dindf.]
1543 2798 1611 2839 καὶ
1631 2795 1747 2847 ὀπτὸς
1770 2802 1818 2840 Α.
