1864 3204
166 232 170 237 .
184 199 266 242 236
853 202 1077 236 ΑΜΦῙΔΟΣ

793 326 839 375 Α
870 327 922 375 Μ
952 326 999 375 Φ
1031 327 1056 376 Ι
1086 328 1129 376 Σ

737 430 959 470 Meinekius
989 431 1008 470 I
1029 405 1111 470 403
1133 445 1190 482 sq.

862 530 1063 564 ΑΘΑΜΑΣ

956 608 975 649 l

388 685 466 730 εἶτ’
500 688 555 730 οὐ
585 689 801 742 γυναικός
832 687 956 730 ἐστιν
987 684 1310 742 εὐνοϊκώτερον

386 758 576 812 γαμετῆς
606 754 779 811 ἑταίρας
811 753 927 797 πολύ
956 770 1005 809 γε
1038 753 1111 796 καὶ
1140 753 1243 810 μάλ’
1277 754 1468 804 εἰκότως.

386 822 413 878 ἡ
446 824 530 878 μὲν
562 822 681 880 νόμῳ
711 821 798 879 γὰρ
829 820 1165 877 καταφρονοῦσ’
1201 822 1334 864 ἔνδον
1363 821 1515 877 μένει,

385 890 412 947 ἡ
443 889 488 933 δ’
522 887 645 933 οἶδεν
675 889 745 933 ὅτι
773 889 803 945 ἢ
833 897 925 940 τοῖς
954 890 1136 945 τρόποις
1166 887 1358 945 ὠνητέος

337 969 357 1000 5
389 957 630 1015 ἅνθρωπός
661 959 785 1002 ἐστιν
814 954 845 1014 ἦ
875 957 987 1011 πρὸς
1016 955 1155 999 ἄλλον
1185 955 1376 999 ἀπιτέον.

299 1055 528 1093 Athenaeus
561 1054 636 1103 13,
660 1052 772 1091 559a
794 1050 941 1102 ’Ἁμφις
973 1049 1015 1089 ἐν
1042 1046 1265 1100 Ἀθάμαντι
1294 1052 1373 1091 κτλ.
1453 1052 1490 1092 3.
1521 1047 1618 1101 μέγα
1649 1063 1742 1101 φρο-

185 1107 298 1150 νοῦσ’
329 1110 534 1149 Herwerd.
557 1109 674 1148 Anal.
697 1109 787 1150 crit.
810 1110 875 1147 31.
964 1110 1003 1147 4.
1035 1101 1096 1145 οἶδ
1103 1103 1112 1119 ’
1135 1104 1197 1146 ὅτι
1225 1105 1313 1156 ἤτοι
1341 1129 1390 1134 -
1414 1103 1571 1157 ὀνητέος
1603 1106 1740 1146 Cobet.

184 1169 236 1207 N.
268 1169 297 1206 1.
329 1169 395 1206 62.
451 1169 492 1205 at
520 1166 619 1205 nihil
648 1165 882 1204 mutandum
914 1166 1082 1205 videtur.
1138 1166 1217 1203 iam
1246 1163 1408 1203 Grotius
1438 1164 1572 1202 docuit
1601 1175 1741 1202 uxores

185 1225 373 1274 superbas
404 1236 488 1262 esse
518 1224 652 1273 legum
681 1222 835 1272 fiducia,
869 1235 969 1272 quae
1001 1221 1150 1260 dimitti
1179 1223 1314 1260 vetent
1343 1221 1421 1259 nisi
1451 1220 1541 1258 dote
1570 1219 1739 1260 reddita.

185 1283 306 1320 etiam
346 1274 516 1330 ὠνητέος
554 1279 791 1318 rectissime:
830 1280 875 1316 ut
915 1290 1052 1317 servus
1088 1279 1278 1328 argento,
1321 1277 1376 1315 sio
1412 1278 1564 1314 amator
1603 1278 1743 1315 emitur

184 1351 341 1376 morum
362 1337 559 1386 animique
589 1335 770 1375 candore.
823 1336 877 1374 sic
906 1335 1096 1382 beneficiis
1125 1346 1245 1373 emere
1270 1333 1440 1383 aliquem
1467 1333 1597 1371 Plaut.
1630 1333 1741 1371 Asin.

188 1397 204 1432 1
249 1397 266 1431 1
308 1395 375 1432 57.

214 1424 223 1442 '
276 1424 285 1444 ²
896 1445 1031 1479 ΑΚΚῼ

306 1518 435 1558 Schol.
467 1518 571 1556 Plat.
603 1517 683 1555 353
714 1516 842 1554 Bekk.
884 1511 1046 1568 (Ἀκκώ)
1075 1510 1127 1565 ἣν
1156 1511 1282 1561 οὕτως
1313 1509 1445 1564 εὐήθη
1476 1510 1657 1564 λέγουσιν
1686 1508 1742 1558 ὥς

190 1572 270 1614 ἀπὸ
301 1576 370 1613 τοῦ
401 1574 513 1613 ἱστοῦ
543 1569 752 1623 θοίμάτιον
781 1569 1055 1621 καθελομένην
1083 1567 1269 1621 ἡμίεργον
1298 1566 1592 1621 ἆμφιέσασθαι,
1622 1567 1681 1615 εἴς
1702 1582 1742 1607 τε

186 1630 227 1671 τὸ
261 1631 484 1682 κάτοπτρον
512 1627 738 1680 βλέπουσαν
766 1626 864 1680 πρὸς
894 1625 970 1677 τὴν
998 1622 1095 1679 παρ’
1133 1623 1259 1678 αὐτῆς
1296 1624 1466 1676 ἔμφασιν
1496 1622 1741 1679 (imayinem)

189 1719 225 1728 ..
245 1685 324 1735 ,ὡς
366 1685 474 1740 ἑτέρᾳ
511 1687 746 1738 προσλαλεῖν
783 1684 954 1736 γυναικί.
1012 1681 1203 1735 μέμνηται
1240 1681 1384 1733 ταύτης
1410 1679 1635 1734 ’Έρμιππος
1676 1679 1742 1733 (7)

187 1743 253 1783 καὶ
277 1743 423 1795 ’Ἀμφις
461 1741 513 1782 ἐν
552 1747 609 1796 τῷ
640 1739 879 1795 ὁμωνύμῳ
908 1737 1061 1791 αὐτῆς
1091 1736 1316 1792 δράματι.
1367 1740 1419 1779 cf.
1450 1739 1608 1778 Ruhnk.
1638 1738 1739 1776 Tim.

191 1804 256 1841 18.
280 1804 347 1840 19.
391 1800 559 1840 Meinek.
592 1800 611 1838 Ι
632 1799 727 1838 404.
752 1799 789 1837 5.
835 1799 1059 1849 fragmenta.
1087 1810 1168 1837 non
1198 1798 1442 1836 manserunt.

831 1921 1106 1954 ΑΛΕΙΠΤΡΙΑ

299 1995 442 2033 Pollux
464 1996 500 2043 7,
525 1995 575 2032 17
607 1989 836 2043 ἆλείπτριαν
865 1988 1071 2041 εἰρήκασιν
1101 1989 1142 2027 οἶ
1156 1985 1267 2038 μέσοι
1289 1986 1458 2038 κωμικοί
1471 2017 1479 2026 .
1500 2018 1508 2026 .
1528 1984 1743 2037 .”Αμφιδος

187 2048 230 2089 δὲ
261 2049 327 2089 καὶ
356 2050 486 2100 δρᾶμα
517 2047 623 2087 ἔστιν
649 2045 878 2100 Ἀλείπτρια.
926 2048 1043 2086 etiam
1075 2046 1263 2084 Alexidis.
1294 2045 1464 2083 Meinek.
1485 2043 1504 2082 I
1526 2045 1621 2082 393.
1644 2043 1741 2081 405.

189 2109 411 2160 fragmenta
439 2119 521 2146 non
551 2107 722 2145 exstant.

847 2191 1089 2226 ΑΛΚΜΕΩΝ

301 2267 360 2305 De
390 2266 518 2305 forma
547 2265 720 2303 nominis
750 2264 800 2302 of.
833 2262 971 2302 Elmsl.
994 2261 1131 2310 Eurip.
1154 2259 1296 2298 Bacch.
1321 2259 1401 2297 337
1433 2271 1470 2308 p.
1494 2258 1560 2296 58.
1600 2256 1738 2295 Roehl.

189 2324 277 2362 Ind.
300 2323 344 2364 C.
365 2323 398 2361 Ι.
426 2321 642 2360 Kirohhoff.
663 2320 695 2358 I.
719 2320 801 2360 Ait.
822 2320 903 2357 433
935 2319 1008 2358 eol.
1030 2330 1080 2355 111
1109 2319 1149 2356 et
1168 2329 1267 2366 quae
1288 2316 1337 2354 ad
1356 2314 1574 2364 Antiphan.
1599 2314 1692 2362 191,
1716 2314 1740 2351 9
1813 2342 1815 2344 .

189 2380 481 2419 adnotavimus.
536 2377 699 2415 dubium
730 2378 790 2415 est
827 2378 960 2414 utrum
998 2373 1241 2424 significetur
1276 2370 1508 2420 Amphiarai
1545 2369 1651 2408 filius
1691 2381 1743 2407 an

188 2436 447 2486 philosophus
468 2434 763 2485 Pythagoreus,
784 2433 831 2470 de
853 2445 928 2482 quo
949 2432 1149 2480 Diogenes
1169 2430 1215 2467 L.
1238 2430 1276 2477 8,
1300 2429 1367 2466 83.
1411 2426 1583 2467 Meinek.
1605 2425 1625 2463 I
1645 2425 1742 2463 423.

189 2493 365 2531 111567.
427 2491 719 2542 Pythagoreum
757 2489 878 2527 etiam
916 2488 1109 2527 Isocrates
1149 2498 1237 2524 cum
1277 2483 1526 2532 Parmenide,
1568 2482 1740 2531 MelissQ

193 2548 452 2600 Empedocle,
483 2546 631 2597 Gorgia
660 2546 938 2585 commemorat
970 2543 1035 2592 15,
1058 2543 1152 2581 268.

463 2709 707 2767 περιθέτην
955 2653 982 2694 Δ

306 2792 493 2849 (κόμην),
525 2790 578 2840 ὦς
610 2791 654 2832 ἐν
674 2789 867 2843 ’Ἄμφιδος
895 2786 1118 2841 Ἀλκμέωνι.
1149 2788 1289 2827 Pollux
1313 2788 1378 2835 10,
1403 2787 1496 2825 170.

307 2854 366 2891 Cf.
398 2853 601 2903 praeterea
630 2851 679 2888 fr.
712 2850 776 2888 50.
