1864 3204
205 215 289 257 362
865 215 1114 254 ΑΛΕΞΙΔΟΣ

318 319 366 361 Β.
385 315 625 361 Ἄπολλον.
676 320 729 361 Α.
762 313 932 358 οὐκοῦν
961 315 1011 358 τό
1040 317 1177 371 μέσον
1208 318 1332 359 ἔστω.
1381 320 1431 359 Β.
1463 318 1648 375 δηλαδή.

320 388 372 426 A.
405 383 536 426 τοῦθ’
558 383 707 440 ἔτερος
736 382 883 433 οὐδεὶς
912 386 1002 425 τῶν
1033 382 1286 439 ὁμοτέχνων
1315 399 1402 439 μου
1431 393 1553 428 ποιεῖ
1579 413 1634 419 -

321 454 371 493 Β.
405 450 486 493 οὐκ
517 450 654 507 οἴομ’,
685 449 783 494 οὐδ’
808 450 906 494 ἄλλ’
931 449 1068 494 οὐδὲν
1097 446 1164 493 ὦν
1194 450 1252 494 σύ
1284 453 1372 493 νῦν
1402 460 1554 503 ποιεῖς,

318 524 370 561 A.
405 518 488 574 ἐγώ
520 518 563 561 δ’
587 519 693 575 ἐρῶ·
725 526 869 561 τοῖσιν
897 516 983 574 γάρ
1014 518 1295 575 ἑστιωμένοις

248 596 290 626 10
319 582 411 629 τὸν,
429 585 589 641 καιρὸν
618 585 867 641 ἀποδίδωμι
897 589 973 642 τῆς
1003 586 1303 641 συγκράσεως.

319 658 366 698 Β.
398 655 455 697 σὺ
486 653 598 710 πρὸς
627 657 750 698 θεῶν
817 689 826 698 .
901 690 909 697 .
978 657 1146 704 ἔθυσας
1174 653 1254 697 τὸν
1285 657 1460 710 ἔριφον,

319 722 377 778 μή
411 722 542 765 κόπτ’
566 720 650 778 ἔμ’,
682 720 795 764 ἄλλα
825 723 878 764 τὰ
911 723 1030 776 κρέα.
1090 723 1264 776 παῖδες,
1298 725 1532 778 παράγετε.

318 794 372 835 A.
405 790 624 833 ὀπτάνιον
654 792 796 842 ἔστιν;
857 793 906 833 Β.
939 791 1043 834 ἔστι.
1102 795 1156 833 A.
1189 791 1264 833 καὶ
1295 790 1474 847 κάπνην
1504 794 1614 847 ἔχει;

318 861 368 900 Β.
403 857 625 913 δηλονότι.
689 861 742 900 A.
774 857 833 913 μή
863 873 939 912 μοι
970 858 1131 912 δῆλον·
1166 857 1263 900 ἀλλ’
1289 860 1377 913 ἔχει
1405 861 1607 915 κάπνην;

250 935 289 965 15
320 929 370 968 Β.
403 927 502 980 ἔχει.
564 931 615 969 A.
650 927 807 980 κακόν,
841 926 882 967 εἰ
908 926 1156 980 τύφουσαν.
1219 929 1268 968 Β.
1301 924 1462 969 άπολεῐ
1487 925 1533 982 μ’
1556 926 1727 972 οὑτοσί.
1817 955 1822 960 ·

319 1019 545 1059 Athenaeus
578 1022 621 1070 9,
644 1021 725 1059 386
743 1034 766 1059 a
797 1017 863 1058 καὶ
899 1017 972 1071 γὰρ
1004 1017 1154 1066 ’Ἀλεξις
1196 1017 1238 1057 ἐν
1269 1019 1494 1071 Παννυχίδι
1531 1020 1758 1073 περιθεὶς

204 1075 421 1130 μαγείρῳ
453 1074 535 1116 τὸν
563 1075 709 1128 λόγον
738 1075 839 1127 φησί
865 1078 1269 1127 κτλ.1,χαιρεοις
1290 1074 1365 1115 αἰεὶ
1384 1077 1434 1116 Α.
1467 1076 1618 1127 χαίρειν
1636 1075 1759 1130 λέγεις

205 1133 326 1171 Mein.
351 1134 581 1172 Ana1.Ath.
605 1135 699 1172 353.
789 1134 827 1172 3.
860 1131 930 1176 σύ;
960 1128 1138 1179 ποδαπὸς
1170 1133 1290 1172 Dobr.
1314 1134 1566 1173 A1ist.P1ut
1587 1135 1641 1174 48
1661 1149 1701 1185 p.
1712 1135 1755 1187 5]

207 1186 376 1227 δέσποτα
408 1195 492 1236 πῶς
522 1191 572 1229 Α.
625 1189 664 1228 τί
691 1187 813 1241 λέγεις
844 1185 908 1239 σύ,
939 1186 1134 1232 δέσποθᾝ
1167 1186 1297 1227 οὑτοσὶ
1329 1188 1544 1240 ἄνθρωπος
1573 1187 1647 1232 οὐκ,
1677 1193 1758 1230 κτλ.
1816 1202 1819 1204 ’

207 1245 361 1286 Iacobs.
394 1247 498 1285 Add.
531 1248 624 1285 Ath.
657 1248 752 1286 205.
841 1247 879 1287 4
900 1243 1033 1312 Νάνθρ
1063 1245 1204 1297 Dobr.]
1236 1243 1359 1297 &Qvfip
1382 1247 1431 1285 A.
1522 1249 1558 1286 6.
1593 1248 1635 1285 Β.
1665 1248 1757 1287 add.

206 1302 326 1341 Mein.
350 1303 412 1342 ed.
436 1304 528 1341 mai.
620 1305 658 1342 7.
688 1305 780 1352 post
809 1305 918 1341 ποιεῖ
941 1314 1029 1341 cum
1060 1302 1211 1342 Cobeto
1241 1304 1292 1342 N.
1323 1304 1349 1344 1.
1375 1303 1441 1341 34.
1458 1305 1482 1341 5
1514 1305 1672 1354 signum
1700 1305 1759 1343 in-

205 1362 407 1408 taz-ruptae
449 1360 639 1398 orationis
681 1360 807 1409 posui.
915 1360 952 1397 9.
993 1355 1067 1410 ἕγώ
1099 1355 1142 1397 δὲ
1172 1364 1337 1410 πρωτ.ος
1377 1362 1457 1406 τοῖς
1487 1356 1562 1412 (sic
1590 1362 1647 1408 A,
1677 1373 1759 1400 non

205 1412 347 1468 τοῖσιν)
369 1412 443 1466 γὰρ
464 1416 704 1455 κτλ.001301;.
744 1416 994 1455 scribendum
1015 1413 1211 1454 videtur’
1193 1413 1268 1466 εγὼ
1289 1412 1344 1454 δ’·
1367 1413 1556 1466 ε’ρωτων
1579 1419 1658 1463 τοῖς
1679 1431 1756 1468 γαρ
1822 1414 1832 1422 ’

205 1469 299 1521 ἕστ.,
339 1474 440 1511 conl.
474 1486 509 1511 v.
544 1475 581 1513 1.
616 1474 652 1510 2.
685 1473 722 1511 5.
813 1467 966 1510 11.οὐ
996 1469 1093 1522 πρὸς
1123 1474 1237 1510 θεων
1243 1469 1325 1536 ἔμ’
1348 1470 1524 1522 ἔθυσας,
1560 1469 1658 1512 ἀλλὰ
1687 1470 1758 1512 τὸν

205 1525 343 1581 ἔριφον
379 1528 515 1567 Cobet.
567 1531 608 1567 at
643 1531 732 1595 tum,
768 1529 979 1568 dicendum
1009 1531 1094 1568 erat
1123 1526 1170 1567 οὐ
1202 1543 1256 1578 μα
1287 1526 1378 1575 τοὺς
1409 1524 1546 1575 θεούς.
1596 1543 1672 1569 scr.
1704 1528 1754 1568 σύ

203 1582 302 1631 πρὸς
332 1583 443 1623 θεῶν
472 1581 528 1634 δ’,
560 1583 669 1623 ἐπεί
694 1581 732 1636 γ7
757 1582 904 1630 ἔθυσας
935 1582 1006 1623 τὸν
1035 1583 1185 1635 ἔριφον,
1215 1584 1269 1636 μὴ
1299 1581 1411 1624 κόπτ’
1436 1580 1496 1635 ἔμ’
1520 1587 1603 1624 κτλ.
1692 1587 1756 1625 12.

209 1637 324 1678 κόπτ’
349 1638 410 1691 ἔμ’
444 1639 599 1693 Dindf.]
639 1639 761 1679 κόπτε
802 1656 848 1690 με
885 1641 932 1680 Α.
1022 1642 1143 1680 verba
1172 1642 1332 1692 παῖδες,
1363 1639 1558 1692 παράγετε
1587 1642 1757 1682 fortasse

204 1711 397 1747 personae
429 1700 467 1735 A
498 1701 603 1737 sunt.
702 1700 766 1736 13.
809 1693 1001 1736 ὀπτάνιόν
1032 1695 1272 1751 Schweigh]
1303 1697 1442 1743 παῖδες
1470 1695 1680 1738 ὀπτάνειον
1706 1699 1757 1740 A.

207 1755 272 1793 14.
306 1754 349 1791 Β.
382 1757 472 1793 ante
502 1750 588 1792 ἀλλ’
621 1755 695 1793 del.
726 1755 774 1792 K.
866 1756 929 1793 15.
963 1755 1006 1795 Β,
1038 1752 1112 1803 ἔχει
1142 1756 1193 1794 A.
1226 1755 1269 1795 C.
1301 1753 1429 1807 Kook]
1467 1753 1556 1806 ἔχει.
1617 1756 1758 1795 deinde

203 1811 376 1850 fortasse
406 1808 603 1861 κάπνην
633 1810 861 1886 τύφουσαν·

319 1869 355 1906 2.
388 1865 606 1918 κατωτέρω,
638 1868 685 1908 ε1.
709 1880 742 1906 e.
775 1870 938 1918 ψυχρῶς
970 1863 1235 1916 ὠπτημέτοις’
1266 1868 1385 1909 Mein.
1418 1868 1517 1906 conl.
1549 1868 1694 1909 Eubul.
1719 1869 1757 1907 7.

205 1926 242 1961 6.
271 1921 480 1974 Ἄπολλον,
518 1920 761 1975 αποτρόπαιε
799 1921 994 1974 δηλονότι.
1084 1926 1120 1962 9.
1152 1926 1424 1973 interroyando
1455 1925 1667 1974 unicuique
1698 1937 1756 1963 ee-

203 1981 384 2018 nantium
416 1993 456 2019 se
480 1983 701 2029 permittere
731 1981 928 2030 gloriatur
958 1983 1003 2019 ut
1033 1980 1221 2019 definiant
1248 1981 1326 2030 ipsi
1345 1993 1422 2030 quo
1444 1983 1755 2030 temperamento

204 2037 311 2074 cibos
342 2037 485 2076 habere
516 2038 653 2087 velint,
684 2035 942 2093 θερμότερον
954 2050 1005 2075 an
1034 2034 1162 2086 μέσως
1193 2050 1243 2074 an
1272 2034 1486 2087 κατωτέρω,
1566 2038 1630 2074 12.
1653 2037 1754 2077 Poll.

206 2094 354 2142 6,119
386 2091 530 2139 λάλος
578 2107 656 2132 κο
671 2107 804 2132 πτων
834 2091 880 2130 τὰ
911 2107 1005 2131 ωτα.
1058 2093 1232 2142 Alciphr.
1266 2094 1303 2142 2,
1327 2095 1364 2141 3,
1389 2095 1411 2131 7
1444 2091 1512 2131 ἴνα
1540 2085 1594 2142 μὴ
1623 2087 1757 2130 κόπτω

203 2159 246 2186 σε
277 2144 434 2201 (Mein).
486 2150 699 2200 Hegesipp.
735 2153 777 2197 1,
801 2151 824 2188 3
855 2146 1008 2202 (001)..)
1042 2149 1171 2198 Sosip.
1205 2150 1258 2188 20
1287 2145 1356 2202 (H.
1387 2149 1499 2199 Iac..)
1558 2149 1755 2199 Anaxipp.

209 2208 244 2253 1,
270 2206 336 2244 23.
387 2208 448 2244 est
478 2207 697 2252 obtundere,
728 2218 897 2245 enecare.
933 2212 937 2216 '

947 2303 1027 2345 174

475 2381 625 2438 κύκλῳ
657 2383 807 2436 δεήσει
825 2380 1113 2438 ,περιτρέχειν
1142 2397 1196 2437 με
1226 2380 1301 2424 καὶ
1330 2383 1457 2436 βοᾶν,

473 2448 528 2492 ἄν
557 2465 638 2492 του
670 2451 853 2504 δέωμαι.
907 2450 1094 2492 δεῖπνον
1124 2448 1317 2503 αἰτήσεις
1346 2464 1400 2503 με
1431 2445 1488 2490 σύ

471 2516 557 2573 ἤδη
588 2518 854 2572 παρελθών·
889 2515 974 2559 οὐκ
1005 2518 1118 2571 ἔχων
1149 2517 1196 2558 δὲ
1227 2518 1437 2570 τυγχάνω

477 2583 561 2627 οὐκ
592 2582 710 2639 ὄξος,
743 2582 825 2626 οὐκ
855 2582 1046 2640 ἄνηθον,
1080 2582 1164 2626 οὐκ
1195 2581 1428 2639 ὀρίγανον,

425 2662 445 2693 5
476 2649 532 2694 ού
562 2656 712 2706 θρῖον,
745 2649 826 2693 οὐκ
859 2653 1026 2706 ἔλαιον,
1059 2649 1142 2694 οὐκ
1173 2649 1456 2705 ἀμυγδάλας,

474 2715 529 2761 οὐ
560 2720 798 2772 σκόροδον,
831 2717 885 2760 οὐ
915 2721 1107 2772 σίραιον,
1138 2716 1237 2772 οὐχὶ
1266 2716 1459 2772 γήθυον,

475 2785 530 2829 οὐ
560 2788 748 2840 βολβόν,
781 2785 835 2828 οὐ
865 2788 977 2840 πῦρ,
1010 2784 1065 2827 οὐ
1095 2782 1302 2840 κύμινον,
1335 2783 1416 2840 οὐχ
1447 2783 1576 2838 ἅλας,

475 2852 557 2896 οὐκ
589 2852 693 2912 φ’όν,
725 2853 779 2896 ού
810 2853 922 2907 ξύλ’,
955 2850 1009 2894 οὐ
1039 2853 1235 2908 σκαφην,
1268 2851 1322 2894 οὐ
1352 2852 1563 2906 τήγανον,
