1864 3204
196 200 279 242 326
848 200 1100 240 ΑΛΕΞΙΔΟΣ

876 304 1084 356 ΘΗΒΑΙοΙ

949 382 1004 424 90

370 461 495 501 ἔστιν
525 459 574 502 δὲ
605 458 806 510 ποδαπὸς
835 458 885 502 τὸ
916 460 1046 515 γένος
1075 455 1228 511 οὗτος;
1278 464 1328 504 Β.
1362 461 1588 512 πλούσιος.

371 527 560 577 τούτους
590 527 638 569 δὲ
669 526 833 578 πάντες
863 529 1004 581 φασὶν
1036 526 1382 582 εὐγενεστάτους

368 591 506 637 εἶναι·
539 596 732 650 πένητας
762 594 804 637 δ’
829 594 1100 650 εὐπάτριδας
1131 594 1279 646 οὐδεὶς
1308 594 1405 652 ὁρᾷ.

314 689 541 728 Athenaeus
572 690 753 739 4‚159d
784 687 1076 740 Χρύσιππος..
1096 689 1335 729 ,νεανίσκον
1364 689 1467 740 φησί
1496 704 1580 729 τινα
1610 688 1654 729 ἐκ
1683 696 1752 743 τῆς

192 743 346 792 Ἰωνίας
376 742 532 794 σφόδρα
562 743 756 784 πλούσιον
785 743 1027 797 ἐπιδημῆσαι
1060 749 1145 792 ταῖς
1163 742 1406 797 Ἀθήναις..
1426 745 1754 798 .πυνθανομε’νου

199 800 242 841 δέ
271 816 375 849 τινος
406 798 534 840 αὐτοῦ
562 800 743 849 ποδαπός
775 800 894 853 ἐστιν,
933 798 1228 872 ἀποκρίνασθαι
1263 801 1322 842 ότι
1353 801 1550 850 πλούσιος.
1599 802 1752 855 μήποτε

200 859 269 898 τοῦ
306 854 433 897 αυτοῦ
470 857 708 909 μνημονεύει
745 856 813 897 καὶ
845 857 994 907 ’Ἀλεξις
1033 857 1076 898 ἐν
1119 858 1308 911 Θηβαίοις
1346 857 1468 912 λέγων
1507 874 1631 908 ουτως
1670 864 1752 903 κτλ.

198 917 390 955 Plautus
421 915 534 966 Capt.
555 917 592 964 2,
608 917 647 966 2,
659 917 710 954 27
740 929 814 965 quo
841 917 886 955 de
912 929 1049 966 ywere
1078 919 1212 956 natust
1240 918 1298 956 illi
1325 918 1590 957 Philocrates?
1639 919 1753 970 Poly-

190 975 344 1023 plusio:
375 973 475 1021 quod
499 984 624 1022 glenus
652 973 743 1012 ι’ῑίἱεέ
771 985 896 1012 unum
916 974 1066 1022 pollens
1095 977 1208 1021 atque
1227 974 1599 1014 honoratissimum?
1630 975 1751 1015 Mein.

200 1053 251 1057 —
282 1042 446 1080 prorsus
477 1029 533 1068 sic
563 1029 621 1077 A,
650 1029 729 1069 nisi
757 1030 862 1080 quod
895 1031 918 1068 3
950 1024 1045 1068 οὐδὲ
1074 1023 1132 1076 εἷς
1161 1025 1266 1082 ὁρᾶι.
1374 1031 1413 1070 2.
1443 1029 1596 1078 πάντας
1626 1031 1673 1071 G.
1702 1031 1752 1071 A.

199 1086 397 1136 Hirsehig.
429 1085 535 1124 Ann.
569 1086 652 1124 crit.
678 1087 749 1135 11,
787 1086 899 1124 nulla
927 1087 1177 1127 necessitate.
1274 1088 1311 1126 3,
1352 1078 1591 1139 εὐπατρίδας
1620 1084 1751 1135 οὐδεὶς

199 1141 284 1195 ἐρεῖ
307 1142 550 1181 Heimsoeth.
583 1142 735 1182 Comm.
766 1143 851 1182 crit.
883 1155 994 1182 xnn.

806 1264 1142 1299 ΘΗΤΕΤΟΝΤΕΣ

953 1331 1005 1374 91

471 1409 604 1464 ὅρκος
633 1409 815 1465 βέβαιός
845 1408 970 1453 ἐστιν
1000 1410 1058 1453 dlv
1089 1412 1237 1453 νεύσω
1267 1412 1424 1465 μόνον.

311 1494 504 1532 stobaeus
534 1493 672 1532 Floril.
706 1494 771 1543 27,
796 1494 820 1531 3
847 1488 1039 1540 Ἀλέξιδος
1072 1491 1114 1532 ἐκ
1146 1492 1403 1544 Θητευόντων
1432 1496 1480 1532 Α.

874 1615 1069 1649 ΘΡΑΣΩΝ

311 1697 494 1735 Fortasse
526 1698 706 1736 Thra-son
733 1692 754 1734 ὁ
782 1692 977 1747 Ἐρχιεύς,
1017 1697 1293 1736 Thebanorum
1323 1695 1513 1747 πρόξενος
1544 1693 1751 1750 (Dinarch.

202 1755 236 1800 1,
259 1755 326 1792 38.
366 1754 549 1848 Αοέοἱιίιι.
583 1750 755 1806 3‚138)
800 1754 958 1792 fabulae
1004 1767 1148 1793 nomen
1187 1754 1317 1793 dedit:
1360 1754 1437 1792 nisi
1474 1754 1577 1793 forte
1616 1753 1753 1794 fictum

198 1822 343 1848 nomen
374 1823 414 1848 es
440 1839 449 1848 .

913 1944 996 1984 σοῦ
1028 1940 1071 1983 δ’
1097 1941 1182 1996 ἐγώ
1216 1942 1483 1996 λαλιστέραν

473 2008 702 2052 οὐπώποτ’
725 2005 850 2052 εἶδον
879 2007 984 2051 οὕτε
1013 2009 1267 2064 κερκώπην,
1298 2008 1454 2064 γύναι,

470 2075 524 2118 οὐ
554 2078 722 2128 κίτταν,
755 2075 838 2119 οὐκ
869 2074 1043 2131 ἀηδόν’,
1077 2075 1177 2119 οὔτε
1207 2076 1408 2131 τρυγόν’,
1441 2077 1496 2119 οὐ

469 2145 655 2198 τέττιγα.

315 2228 543 2267 Athenaeus
574 2224 934 2274 4,1331ο”Αλεξις
966 2224 1009 2264 ἐν
1040 2224 1226 2278 Θράσωνί
1252 2238 1350 2277 φησι
1379 2229 1460 2266 κτλ.
1519 2228 1752 2267 Eustathius

202 2285 332 2334 1282,
353 2285 409 2323 40
445 2280 589 2334 ὁμοίως
625 2279 668 2321 δὲ
706 2281 772 2321 καὶ
810 2297 835 2333 η
873 2281 1055 2354 κερκώπη
1094 2285 1194 2352 ζῷον
1222 2279 1324 2333 αὐτὴ
1355 2281 1490 2334 όμοιον
1520 2281 1658 2336 τέττιγι
1686 2282 1753 2323 καὶ

198 2339 376 2393 τρνγονίῳ
408 2337 584 2393 (τιγονίῳ
606 2339 722 2380 Mein.
724 2338 759 2390 ),
790 2337 882 2389 περὶ
914 2333 976 2379 ων
997 2336 1144 2390 δηλοῐ““
1127 2353 1148 2378 ο
1169 2338 1340 2390 κωμικὸς
1353 2337 1506 2388 ’Ἁλεξις
1525 2339 1650 2379 εἰπών
1668 2343 1748 2382 κτλ.

198 2398 389 2436 Libanius
420 2397 477 2435 IV
509 2398 589 2436 143
629 2395 818 2447 τρυγόνος
848 2393 1076 2446 λαλιστέρα,
1114 2395 1265 2447 κίττης,
1303 2392 1497 2447 ἀηδόνος,
1526 2395 1747 2466 κερκώπης.

201 2455 240 2492 1.
271 2451 514 2520 λαληστέραν
543 2454 579 2491 Α
607 2452 700 2491 Ath.
790 2455 827 2491 3.
858 2448 1013 2503 αηδόνα
1043 2456 1084 2492 et
1113 2451 1286 2518 τρυγόνα
1316 2454 1371 2502 Α,
1403 2453 1509 2491 idem
1539 2451 1630 2492 οὔτε
1660 2467 1748 2506 τρυ·

198 2505 309 2559 γόνα.
408 2506 480 2548 οὐκ
509 2503 672 2560 ἀηδόν’]
713 2505 759 2547 οὐ
790 2505 959 2559 χελιδόν’
964 2536 991 2574 ,
1014 2506 1089 2548 οὐ.
1137 2509 1186 2560 ,Ι
1213 2504 1261 2548 οὐ
1299 2504 1454 2561 τρυγόν’
1485 2505 1533 2547 οὗ
1563 2523 1594 2548 τ.
1625 2510 1746 2549 Mein.

201 2561 648 2605 Ana1.Ath.61.01}
679 2564 830 2616 κίτταν,
867 2562 939 2604 οὐκ
969 2558 1127 2616 ἀηδόν’,
1158 2561 1205 2604 οὐ
1236 2563 1429 2616 χελιδόνα,
1455 2562 1462 2618 Ι
1488 2561 1535 2604 οὐ
1566 2562 1747 2617 τρυγόν’,

199 2618 245 2660 οὐ
278 2636 309 2661 τ.
341 2621 477 2661 Cobet.
508 2623 557 2661 N.
588 2623 616 2660 1.
649 2623 714 2661 33.
781 2622 894 2661 ‘nam
932 2619 1006 2672 τὴν
1043 2620 1213 2672 κωτίλην
1242 2619 1422 2672 χελιδόνα
1451 2623 1494 2661 in
1522 2622 1596 2662 hoc
1624 2635 1748 2673 grege

200 2679 334 2718 avium
363 2679 586 2729 loquacium
618 2679 802 2718 omittere
839 2691 918 2717 non
955 2679 1114 2728 potuit!
1169 2679 1215 2717 de
1246 2676 1335 2717 οὔτε
1361 2701 1406 2706 -
1431 2674 1477 2716 οὔ
1500 2701 1553 2707 -—
1574 2676 1664 2718 οὔτε
1693 2679 1746 2718 cf.

199 2735 376 2785 exempla
411 2736 461 2774 ab
499 2735 688 2774 Elmsleio
720 2735 821 2774 Med.
856 2736 962 2774 1316
994 2737 1034 2774 et
1063 2735 1207 2774 Naber.
1238 2736 1383 2793 Mnem.
1414 2748 1505 2774 nov.
1537 2734 1635 2773 VIII
1666 2736 1746 2775 256

199 2794 405 2843 congesta,
436 2792 617 2842 inprimis
647 2791 822 2841 Epicrat.
846 2793 883 2830 6.

315 2849 466 2889 Aelian.
499 2849 551 2887 H.
582 2861 645 2888 311.
680 2849 829 2896 12,10
866 2845 1052 2899 τρυγόνος
1091 2846 1312 2899 λαλίστερον
1341 2845 1490 2899 ε’λεγον·
1528 2842 1554 2896 ἦ
1585 2845 1660 2899 γάρ
1691 2860 1748 2885 τοι
