1864 3204
29 0 202 147 Γῆς
220 0 224 4 ·

17 197 20 213 1

362 196 692 232 ΦῙΑΛΗΦΟΡΟΣ
726 213 768 218 -
799 192 1007 229 ΔΔΗΛΩΝ
1034 190 1297 226 ΔΡΑΜΑΤΩΝ
1529 187 1609 231 159

797 296 853 339 53

275 378 403 422 οὔτοι
435 376 484 421 τὸ
513 375 653 433 γῆράς
684 376 827 430 ἐστιν,
860 372 919 424 ὥς
949 377 1055 426 οἴει,
1087 371 1248 427 πάτερ,

275 450 367 490 τῶν
397 447 601 503 φορτίων
630 446 856 500 μέγιστον,
889 440 989 484 ἀλλ’
1014 440 1064 492 ὃς
1094 438 1151 484 ἂν
1183 441 1299 495 φέρῃ

276 514 552 570 ἀγνωμόνως
582 508 712 566 αὔθ’,
744 504 877 561 οὗτός
909 509 1032 552 ἐστιν
1063 513 1222 559 αἴτιος·

276 581 377 627 οὐδ’
401 580 617 637 εὐκόλως,
651 582 796 623 ἐνίοτε
827 580 1042 634 κοιμίζειν
1072 584 1196 620 ποιεῖ

224 662 245 693 5
275 649 632 707 μεταλαμβάνων
661 644 845 700 ἐπιδέξι’
869 645 1011 689 αὐτοῦ
1040 644 1120 688 τὸν
1150 644 1322 701 τρόπον

275 719 424 776 λύπην
454 718 496 761 τ’
520 716 731 774 α’φαιριὸν
761 714 935 772 ἡδονήν
965 729 1013 757 τε
1042 715 1326 767 προστιθείς,

278 787 428 845 λύπην
457 787 507 831 δὲ
538 789 698 841 ποιῶν,
730 788 814 827 εἴτι
845 784 1082 834 δυσκόλως
1112 784 1215 838 ἔχει.

7 876 19 930 ¹5
158 883 355 924 Stobaeus
385 882 523 922 Floril.
549 883 644 930 117,
662 883 685 919 2
713 876 1023 931 Ἀναξανδρίδου
1054 878 1103 918 Α.
1193 879 1231 916 2.
1244 873 1459 946 φορτίων]
1490 889 1612 926 φρον-

7 939 163 1011 ῑτίδων
191 940 241 980 A.
346 941 384 978 4.
417 935 531 991 οὐδ’]
572 935 626 976 α“ν
664 933 708 976 δ’·
743 939 884 977 Arsen.
924 948 1148 987 perperam.
1209 930 1257 973 οὐ
1287 932 1488 980 δυσκόλως
1521 929 1612 987 (pro

7 994 126 1039 ἶ’.ν8,ι·
154 994 267 1051 leet.)
298 997 344 1039 B.
398 992 466 1034 ὅδ’
495 996 615 1036 Gesn
676 993 868 1045 κοιμίζειν
904 997 1016 1032 ποιεῖ
1046 990 1201 1044 Trine]
1240 990 1414 1042 κομίζειν
1449 993 1544 1028 ποεῖ
1564 991 1612 1029 A.

7 1029 135 1096 i*eum
163 1055 347 1095 Iacobsio
379 1054 484 1094 Add.
516 1053 610 1092 Ath.
647 1054 698 1092 31
739 1052 993 1092 scribendum
1031 1047 1082 1088 σὺ
1113 1046 1149 1087 δ’
1174 1043 1345 1095 εὐκόλως
1378 1045 1512 1100 ἔνεγκε
1544 1043 1613 1100 (cf.

7 1090 229 1192 ὲΜθιιειιᾶ.
264 1112 343 1150 547
377 1107 535 1165 Mein.)‚
567 1104 628 1161 μὴ
657 1109 826 1160 μεῖζον
854 1107 988 1147 ποίει
1029 1103 1092 1162 (τὸ
1122 1102 1318 1159 φορτίον).
1410 1106 1449 1144 6.
1482 1102 1618 1171 λύπην

43 1183 64 1208 τ
114 1166 250 1221 Voss]
282 1167 428 1217 λύπην.
528 1169 565 1206 7.
596 1162 745 1219 λύπην]
776 1170 932 1215 κοῦφον
961 1165 1088 1204 Dobr.
1119 1164 1214 1205 fort.
1245 1162 1376 1216 λήθῃ
1407 1175 1455 1200 τε
1486 1161 1611 1200 παύ-

8 1239 14 1274 ς
43 1240 120 1265 ων.
166 1224 208 1265 εἴ
233 1238 270 1263 τι
299 1224 444 1276 Gaisf.]
476 1223 518 1263 εἴ
545 1238 614 1271 τις.

1026 1352 1199 1411 ἡδονὴν
1230 1355 1342 1409 ἔχει,

277 1425 389 1470 ὅταν
418 1442 485 1478 τις
515 1423 627 1482 εὕρῃ
659 1423 821 1468 καινὸν
853 1423 1096 1480 ἐνθύμημά
1126 1438 1191 1478 τι,

277 1496 449 1552 δηλοῦν
479 1493 667 1537 ἅπασιν·
700 1495 750 1536 οἱ
775 1492 820 1535 δ’
842 1492 1071 1535 ἑαυτοῖσιν
1102 1490 1239 1546 σοφοὶ

277 1566 460 1618 πρῶτον
491 1564 575 1619 μὲν
606 1562 690 1605 ούκ
723 1564 877 1617 ἔχουσι
906 1563 985 1616 τῆς
1015 1561 1171 1616 τέχνης
1203 1559 1382 1614 κριτήν,

233 1643 252 1673 5
284 1630 379 1675 εἶτα
410 1633 718 1687 φθονοῦνται’
752 1628 834 1686 χρή
866 1626 953 1685 γάρ
986 1630 1049 1679 εἰς
1078 1626 1216 1683 ὄχλον
1246 1627 1405 1683 φέρειν

276 1698 451 1743 ἅπανθ’
475 1695 547 1742 36'
571 1698 629 1742 ἅν
659 1715 725 1750 τις
755 1696 984 1752 καινότητ’
1009 1699 1126 1752 ἔχειν
1157 1699 1283 1753 δοκῇ.

6 1547 15 1697 -v-n-—r-
7 1424 15 1535 —r-wae-
8 1400 15 1415 ,-
8 1363 14 1388 ηε
8 1345 12 1352 ..
7 1314 13 1330 ψ
8 1299 10 1302 -

156 1796 386 1835 Athenaeus
418 1795 456 1846 5,
480 1795 561 1833 222
580 1795 606 1833 b
637 1791 738 1832 κατὰ
770 1785 844 1845 γαρ
875 1786 943 1831 τὸν
973 1789 1272 1846 κωμῳδιοποιὸν
1298 1786 1615 1842 Ἀναξανδρίδην

45 1855 125 1892 κτλ.
215 1855 252 1894 3.
283 1849 321 1889 δ’
345 1849 548 1890 ἑαυτοῖσιν
578 1849 770 1903 Porson.]
804 1848 848 1888 δὲ
877 1846 1060 1888 αὐτοῖσιν
1093 1850 1140 1889 Α.
1230 1851 1268 1887 6.
1299 1846 1459 1887 ἅπαντα
1489 1849 1536 1890 Α.
1562 1876 1565 1880 1

45 1906 106 1949 ὅσ’
127 1907 184 1948 ἄν
214 1907 293 1963 τις]
325 1923 400 1950 scr.
432 1906 556 1947 ὅταν
586 1922 640 1948 τι.

281 2075 401 2127 ὅστις
431 2075 596 2132 λόγους
624 2075 1016 2130 παρακαταθήκην
1045 2072 1132 2130 γὰρ
1163 2073 1316 2129 λαβών

281 2144 470 2198 ἐξεῖπεν,
503 2143 661 2194 ἄδικός
692 2145 816 2186 ἐστιν
846 2140 874 2199 ἢ
905 2140 1104 2198 ἀκρατής
1134 2141 1270 2197 ἄγαν

279 2210 302 2258 ὁ
332 2213 416 2269 μὲν
447 2213 521 2256 διὰ
552 2213 733 2268 κέρδος,
765 2211 941 2263 ἄδικος·
973 2209 997 2254 ὁ
1028 2212 1078 2254 δὲ
1109 2210 1275 2253 τούτου
1306 2213 1430 2266 δίχα,

281 2280 496 2336 ἀκρατής·
531 2284 638 2331 ἴσως
669 2280 723 2323 δέ
747 2280 795 2336 γ’
819 2281 934 2323 εἰσὶν
964 2277 1213 2335 ἀμφότεροι
1245 2281 1389 2322 κακοί.

163 2377 358 2416 Stobaeus
396 2377 534 2415 Floril.
573 2377 648 2426 41,
686 2377 709 2414 2
752 2370 1063 2426 Ἀναξανδρίδου
1095 2374 1142 2413 Α.
1196 2374 1393 2413 Maximus
1435 2375 1508 2423 93,
1539 2374 1618 2412 154

49 2434 282 2474 ‘Alexandri
303 2434 352 2472 al.
374 2433 709 2472 Anaxandridae’.
774 2435 810 2470 1.
841 2428 1194 2483 παρακαταθήκην
1214 2426 1287 2481 γὰρ
1308 2431 1460 2470 Porson
1482 2430 1620 2469 Tracta

50 2489 152 2543 249]
183 2489 258 2542 γὰρ
288 2488 653 2541 παρακαταθήκην.
705 2487 781 2541 γὰρ
802 2503 879 2529 οιιι.
902 2490 1008 2527 Max.
1097 2490 1136 2527 4.
1169 2485 1286 2541 ἴσως]
1310 2486 1397 2525 ἴσον
1420 2510 1469 2514 -
1494 2485 1620 2525 κακόν

50 2548 200 2599 Reisig.
233 2547 408 2587 Coniect.
441 2549 507 2586 36.

166 2605 215 2643 de
245 2605 345 2644 crasi
375 2618 416 2643 v.
440 2605 463 2642 2
496 2604 547 2643 cf.
579 2604 730 2654 Krueg.
762 2602 831 2642 Gr.
854 2617 915 2654 gr.
947 2603 987 2641 II
1022 2603 1085 2653 14,
1108 2604 1146 2650 8,
1175 2605 1209 2641 1.
1249 2602 1437 2641 Kuehner
1468 2600 1537 2640 Gr.
1559 2614 1620 2651 gr.

17 2667 23 2703 ς
51 2662 118 2712 52,
141 2663 180 2701 4.

807 2714 862 2756 56

257 2793 450 2850 χαλεπή,
483 2794 597 2847 λέγω
628 2805 725 2848 σοι,
760 2793 834 2836 καὶ
864 2793 1139 2847 προσάντης,
1172 2785 1207 2833 ὦ
1238 2792 1415 2844 τέκνον,

257 2861 361 2912 ὁδός
392 2860 528 2915 ἐστιν,
561 2858 620 2911 ὥς
648 2860 728 2903 τὸν
757 2859 912 2918 πατέρ’
937 2861 1157 2904 ἀπελθεῖν
1190 2859 1345 2903 οἴκαδε

6 2263 17 2323 ¹2³-

6 2326 23 2408 ἓ,
