1890 3190
297 195 347 236 18
909 195 1231 229 ΑΝΤΙΦΑΝΟΤΣ

406 299 635 338 Athenaeus
656 301 695 349 9,
710 299 829 337 402d
847 295 954 350 παρὰ
971 294 1218 347 Ἀντιφάνει.
1238 295 1302 337 ,ἐν
1318 294 1519 352 Ἀκεστρίᾳ
1539 300 1619 338 κτλ.
1662 301 1700 338 1.
1722 295 1841 350 κρέας

294 352 435 407 Mein]
468 353 562 405 κρέα
593 355 641 404 Α,
689 355 817 404 ‘quod
859 367 939 394 non
985 355 1130 394 dieitur
1173 355 1314 393 ultima
1356 355 1584 449 producga'.
1634 355 1685 394 cf.
1720 355 1845 394 Arist.

292 412 410 462 Vesp.
432 413 527 451 363.
559 412 649 450 Pac.
674 412 768 450 192.
793 412 913 450 1282.
945 411 1021 451 Av.
1045 412 1167 450 1583.
1197 412 1296 450 Ran.
1319 412 1414 450 553.
1484 412 1530 450 Β.
1561 410 1708 462 τίνος;]
1740 423 1847 476 τινος

293 469 343 507 Α.
394 468 445 507 cf.
477 481 575 517 quae
605 467 656 506 ad
685 467 810 506 Arist.
840 467 945 506 Nub.
969 469 1050 506 214
1086 468 1375 509 adnotavimus.
1433 467 1601 507 fortasse
1629 465 1724 506 οτου
1755 467 1847 507 sori-

294 526 386 574 psit.
478 525 517 562 2.
558 518 618 570 οἷς
649 521 728 592 ἔνι’]
771 538 828 562 ων
856 520 909 562 ‹322›
938 517 964 577 ᾗ
994 524 1197 565 Herwerd.
1230 523 1341 566 Stud
1371 524 1458 563 crit.
1489 525 1555 574 82,
1582 525 1627 574 3,
1667 526 1774 564 recte
1802 525 1849 563 ut

294 581 469 619 videtur.
574 582 614 619 4.
652 575 777 618 ταῦθ’
815 580 964 620 Iaeobs.
1006 581 1140 619 Addit.
1176 579 1275 631 211]
1316 572 1439 618 ταύτα
1475 583 1525 620 A.
1613 575 1675 632 δ’]
1717 577 1760 618 δὲ
1798 581 1848 619 A.
1881 598 1886 604 ·

294 635 476 687 αἰγιδίων
504 637 628 676 Dobr.
650 637 819 678 Advers.
840 637 881 675 II
903 636 1003 687 323]
1037 635 1198 687 αἰγείων
1228 638 1279 675 Α
1339 639 1379 676 6.
1411 632 1530 684 φαῦλ’
1555 635 1607 688 Β]
1640 638 1778 686 φαῦλα
1798 637 1848 675 A.

294 694 388 733 fort.
425 691 471 731 τὰ
518 695 680 742 φαῦλα
724 690 929 742 φαύλως
969 689 1013 745 (i.
1045 707 1078 732 e.
1121 690 1286 746 ῥαδίως)
1324 689 1522 743 ἀνέχομαι.
1585 693 1637 732 cf.
1669 706 1769 743 quae
1798 692 1848 731 ad

292 750 421 789 Arist.
451 751 527 800 Eq.
551 751 632 788 213
663 750 953 790 adnotavimus.

410 819 499 846 cum
528 820 564 846 v.
587 807 610 844 2
642 806 866 845 Meinekius
897 808 1099 856 comparat
1128 806 1253 845 Arist.
1286 806 1361 845 Av.
1394 807 1487 846 806.
1549 806 1651 845 addo
1682 805 1848 856 Antiph.

295 865 395 913 226,
419 865 458 902 2.
499 863 622 902 Thuc.
645 864 690 911 8,
713 863 752 902 4.
791 864 830 911 8,
853 864 919 910 86,
943 863 979 901 5.
1029 863 1136 912 quod
1166 862 1386 901 Meinekius
1416 876 1453 903 v.
1473 863 1499 900 4
1529 862 1572 901 in
1601 862 1720 901 Anal.
1751 863 1848 902 Ath.

297 921 377 959 174
407 920 598 969 proponit
627 918 786 971 αἰγίων,
826 919 923 958 mihi
959 921 1064 958 certe
1101 919 1283 972 ignotum
1322 921 1404 969 est;
1450 919 1576 958 Attici
1613 931 1768 969 semper
1803 921 1850 958 ut

292 977 481 1016 videntur
508 974 694 1026 αἰγίὸιον.
735 976 914 1014 Phereer.
945 977 1008 1014 25.
1054 976 1198 1016 Eubul.
1223 977 1326 1014 105.
1365 977 1633 1014 extremorum
1660 988 1850 1015 versuum

294 1033 535 1071 sententiam
566 1034 622 1071 sic
651 1033 846 1082 expressit
864 1032 1066 1071 Iacobsius
1088 1033 1255 1080 ‘propter
1274 1034 1410 1071 usum’
1433 1032 1639 1081 (fructum)
1660 1032 1720 1071 ‘ex
1739 1033 1850 1071 adad-

293 1091 456 1128 tioribus
470 1090 701 1139 capiewdwm
715 1090 808 1129 haee
821 1090 914 1128 vilia
935 1102 1032 1138 quae
1051 1090 1133 1128 dixi
1153 1089 1412 1127 lubentissime
1432 1089 1621 1127 comedere
1639 1089 1847 1128 sustmebo’

293 1143 451 1198 (scribit
480 1146 588 1184 enim
617 1140 721 1197 ἅγαν
749 1141 967 1214 ἀνέξομαι).
1028 1145 1218 1184 Andocid.
1254 1149 1295 1195 1,
1319 1146 1371 1183 92
1403 1143 1604 1195 Κηφίσιος
1617 1155 1849 1212 πριαμενος

296 1199 410 1251 ὠνὴν
448 1200 491 1240 ἐκ
522 1206 593 1240 τοῦ
623 1201 815 1252 δημοσίου
845 1199 914 1248 τὰς
946 1199 989 1240 ἐκ
1010 1201 1153 1250 ταύτης
1187 1196 1630 1252 ἐπικαρπίας...οὐ
1660 1198 1850 1252 κατέβαλε

294 1265 340 1313 τῇ
371 1255 493 1297 πόλει.
525 1259 633 1298 Plat.
661 1259 760 1309 Leg.
785 1259 848 1309 12,
872 1259 951 1297 955
971 1259 995 1297 (1
1034 1251 1106 1309 τὴν
1137 1255 1309 1296 ἐπέτειον
1325 1255 1590 1323 ἐπικαρπίαν.
1641 1258 1848 1297 Demosth.

295 1318 360 1365 27,
384 1317 438 1354 50
468 1313 539 1366 τὴν
568 1311 730 1354 οὐσίαν.
779 1313 841 1354 ,ἐκ
872 1319 955 1353 τῶν
985 1312 1234 1365 ἐπικαρπιῶν
1264 1309 1446 1368 διῴκηκε.
1484 1315 1551 1353 ·.of
1582 1314 1680 1353 ibid.
1712 1314 1778 1354 64.

1044 1425 1098 1467 21

1037 1506 1117 1559 τῆς
1145 1505 1289 1554 οἰκίας
1317 1502 1368 1545 τὸ
1396 1504 1590 1558 κλισίον,

429 1573 456 1616 ὃ
485 1571 707 1629 πρότερον
740 1569 879 1628 [ποτ’]
911 1566 971 1627 ἦν
1001 1579 1095 1622 τοῖς
1125 1571 1170 1623 ἐξ
1201 1571 1344 1626 ἀγροῦ
1374 1572 1509 1626 βουσὶ
1539 1570 1739 1626 σταθμὸς

427 1639 502 1683 καὶ
532 1648 625 1691 τοῖς
655 1638 796 1695 ὄνοις,
827 1642 1073 1695 πεποίηκεν
1105 1638 1412 1695 ἐργαστήριον.

407 1735 549 1775 Pollux
579 1735 722 1783 4,125
755 1731 799 1772 τὸ
829 1731 871 1772 δὲ
900 1733 1051 1772 κλίσιον
1078 1729 1153 1785 (sic
1182 1729 1406 1786 Bekkerus)
1440 1730 1483 1771 ἐν
1511 1731 1696 1786 κωμῳδία
1724 1731 1851 1783 παροῖ-

294 1806 419 1831 κειται
455 1805 561 1842 παρα
600 1789 674 1841 τὴν
710 1790 854 1840 οἰκίαν,
893 1802 1215 1857 παραπετασματι
1245 1787 1502 1840 δηλούμενον.
1565 1787 1632 1827 καὶ
1665 1787 1745 1828 ἔστι
1777 1786 1851 1839 μὲν

295 1846 473 1900 σταθμὸς
493 1845 732 1899 υποζυγίων,
762 1845 828 1885 καὶ
857 1846 905 1884 αἱ
928 1843 1053 1898 θύραι
1082 1842 1207 1885 αὐτοῦ
1233 1845 1387 1896 μείζους
1410 1844 1583 1895 δοκοῦσι,
1613 1844 1851 1897 καλούμεναι

295 1905 509 1955 κλισιάδες,
547 1903 645 1956 πρὸς
684 1901 725 1943 τὸ
762 1901 827 1942 καὶ
867 1902 934 1950 τὰς
971 1900 1125 1954 αμοῖξας
1163 1901 1406 1942 εἰσελαύνειν
1442 1900 1508 1940 καὶ
1539 1900 1583 1940 τὰ
1614 1901 1849 1954 σκευοφόρα

296 1961 339 2001 ἐν
369 1959 413 2001 δὲ
441 1958 703 2011 Ἀντιφανους
730 1957 935 2013 Ἀκεστρία
956 1957 1060 1998 καὶε
1045 1958 1299 2029 ἐργαστήριον
1317 1957 1497 2024 γέγονεν’
1529 1956 1627 2009 φησὶ
1648 1963 1750 2010 γοῦν
1769 1961 1848 1998 κτλ.

295 2020 459 2059 vocibus
489 2016 532 2056 τὸ
561 2017 715 2056 κλίσιον
743 2018 774 2055 F
797 2018 1020 2067 praemittit
1040 2014 1076 2054 εἰ
1092 2014 1168 2068 γὰρ
1189 2012 1244 2054 δι’
1269 2011 1542 2071 ἐργαστήριον
1543 2014 1682 2062 οἰκίας.
1730 2017 1850 2055 ‘unde

293 2089 491 2115 nonnemo
520 2075 577 2124 ήν
604 2088 679 2126 γαρ
710 2088 746 2112 τι
775 2069 1029 2124 ἐργαστήριον
1058 2073 1126 2123 τῆς
1156 2072 1303 2120 οἰκίας;
1336 2073 1381 2111 Β.
1404 2069 1495 2124 [οὐκ
1515 2071 1569 2121 ἠν
1596 2087 1650 2123 μα
1673 2069 1741 2110 τὸν
1763 2068 1850 2120 Δί’,

293 2127 379 2171 αλλ’
399 2129 512 2186 ὁρας]
537 2129 578 2170 τὸ
602 2132 680 2170 κλ.’
702 2131 873 2170 Bekker.
945 2131 982 2169 2.
1013 2127 1204 2181 πρότερόν
1233 2125 1343 2181 ποτ’]
1374 2127 1470 2180 πρίν
1497 2125 1585 2166 ποτ’
1620 2129 1849 2177 Salmasius,

294 2184 484 2241 πρότερον
515 2188 684 2227 Bekker.
1044 2241 1100 2282 22

410 2337 638 2376 Athenaeus
672 2336 735 2385 13,
758 2335 838 2374 586
859 2348 881 2373 a
909 2332 1147 2385 μνημονεύει
1177 2329 1216 2371 δ’
1249 2329 1373 2384 αὐτῆς
1403 2329 1631 2386 (Σινώπης)
1659 2326 1847 2383 Ἀντιφοὶ-

410 2391 501 2433 ..ἐν
526 2389 743 2444 Ἀκεστρία.
1046 2444 1101 2487 23

412 2512 638 2568 Athenaeus
661 2530 697 2578 7,
721 2529 802 2567 304
819 2541 854 2579 a,
884 2530 1096 2593 postquam
1125 2527 1173 2567 fr.
1199 2527 1277 2564 129
1308 2526 1456 2575 attulit,
1487 2525 1543 2564 ita
1571 2526 1723 2575 pergit:
1755 2523 1846 2564 τού-

299 2601 376 2624 των
407 2590 486 2624 τῶν
515 2583 707 2635 ἰαμβείων
737 2583 821 2623 ἔνια
852 2582 958 2622 ἔστιν
987 2577 1117 2635 εὑρεῖν
1145 2580 1212 2621 καὶ
1241 2579 1285 2620 ἐν
1311 2578 1526 2634 Ἀκεστρία.

878 2705 1266 2740 ΑΚΘΝΤΙΖΟΜΕΝΗ

409 2786 769 2868 Ἀκοῖντιζόμενος
814 2791 874 2827 est
917 2787 1100 2838 Dionysii
1137 2789 1179 2825 et
1217 2787 1263 2833 Q.
1294 2786 1447 2825 Naevii.
1499 2786 1546 2825 Ο.
1585 2785 1701 2824 Ribb.
1734 2759 1845 2824 Coni.

298 2848 413 2886 Rom.
443 2847 492 2884 fr.
543 2859 583 2895 p.
607 2847 645 2887 5.
