<?xml version="1.0" encoding="UTF-8"?>
<!DOCTYPE html PUBLIC "-//W3C//DTD XHTML 1.0 Transitional//EN"
    "http://www.w3.org/TR/xhtml1/DTD/xhtml1-transitional.dtd">
<html xmlns="http://www.w3.org/1999/xhtml" xml:lang="en" lang="en">
 <head>
  <title>
</title>
<meta http-equiv="Content-Type" content="text/html;charset=utf-8" />
  <meta name='ocr-system' content='tesseract 3.04.00' />
  <meta name='ocr-capabilities' content='ocr_page ocr_carea ocr_par ocr_line ocrx_word'/>
</head>
<body>
  <div class='ocr_page' id='page_1' title='image "./comicorumatticor02kockuoft_0497.png"; bbox 0 0 1864 3204; ppageno 0'>
   <div class='ocr_carea' id='block_1_1' title="bbox 498 205 1627 251">
    <p class='ocr_par' dir='ltr' id='par_1_1' title="bbox 498 205 1627 251">
     <span class='ocr_line' id='line_1_1' title="bbox 498 205 1627 251; baseline 0.01 -11"><span class='ocrx_word' id='word_1_1' title='bbox 498 205 691 241; x_wconf 73' lang='lat' dir='ltr'>Molxoz</span> <span class='ocrx_word' id='word_1_2' title='bbox 715 224 759 232; x_wconf 88' lang='lat'><em>-</em></span> <span class='ocrx_word' id='word_1_3' title='bbox 784 207 1202 242; x_wconf 70' lang='lat' dir='ltr'><strong><em>nArxPA&#39;nAz‘rflz</em></strong></span> <span class='ocrx_word' id='word_1_4' title='bbox 1544 207 1627 251; x_wconf 88' lang='lat'><strong><em>491</em></strong></span> 
     </span>
    </p>
   </div>
   <div class='ocr_carea' id='block_1_2' title="bbox 0 0 314 308">
    <p class='ocr_par' dir='ltr' id='par_1_2' title="bbox 0 0 314 308">
     <span class='ocr_line' id='line_1_2' title="bbox 0 0 314 308; baseline 0 2896"><span class='ocrx_word' id='word_1_5' title='bbox 0 0 314 308; x_wconf 95' lang='lat' dir='ltr'><strong><em> </em></strong></span> 
     </span>
    </p>
   </div>
   <div class='ocr_carea' id='block_1_3' title="bbox 3 305 1630 423">
    <p class='ocr_par' dir='ltr' id='par_1_3' title="bbox 3 305 1630 423">
     <span class='ocr_line' id='line_1_3' title="bbox 121 305 1630 363; baseline 0 -12"><span class='ocrx_word' id='word_1_6' title='bbox 121 327 123 331; x_wconf 58' lang='lat'><strong><em>⁴</em></strong></span> <span class='ocrx_word' id='word_1_7' title='bbox 178 309 349 351; x_wconf 70' lang='lat' dir='ltr'><strong><em>nokker.</em></strong></span> <span class='ocrx_word' id='word_1_8' title='bbox 370 310 522 351; x_wconf 75' lang='lat' dir='ltr'><strong>Anecd.</strong></span> <span class='ocrx_word' id='word_1_9' title='bbox 545 311 641 361; x_wconf 84' lang='lat'><strong><em>436,</em></strong></span> <span class='ocrx_word' id='word_1_10' title='bbox 659 312 684 351; x_wconf 88' lang='grc'>6</span> <span class='ocrx_word' id='word_1_11' title='bbox 714 313 754 351; x_wconf 74' lang='lat' dir='ltr'><strong><em>et</em></strong></span> <span class='ocrx_word' id='word_1_12' title='bbox 785 310 929 352; x_wconf 76' lang='lat' dir='ltr'><strong>Suidas</strong></span> <span class='ocrx_word' id='word_1_13' title='bbox 958 306 1295 363; x_wconf 74' lang='grc' dir='ltr'><strong><em>ἀποστοματίζειν.</em></strong></span> <span class='ocrx_word' id='word_1_14' title='bbox 1342 307 1398 359; x_wconf 77' lang='grc' dir='ltr'><strong><em>ὥς</em></strong></span> <span class='ocrx_word' id='word_1_15' title='bbox 1428 305 1556 363; x_wconf 79' lang='grc' dir='ltr'><strong><em>ἡμεῖς,</em></strong></span> <span class='ocrx_word' id='word_1_16' title='bbox 1587 309 1630 351; x_wconf 86' lang='grc' dir='ltr'><strong><em>τὸ</em></strong></span> 
     </span>
     <span class='ocr_line' id='line_1_4' title="bbox 3 361 1629 423; baseline 0.002 -17"><span class='ocrx_word' id='word_1_17' title='bbox 3 366 5 369; x_wconf 78' lang='grc'><strong>’</strong></span> <span class='ocrx_word' id='word_1_18' title='bbox 63 362 120 420; x_wconf 61' lang='grc' dir='ltr'><strong><em>μὴ</em></strong></span> <span class='ocrx_word' id='word_1_19' title='bbox 148 362 216 406; x_wconf 74' lang='grc' dir='ltr'><strong><em>διὰ</em></strong></span> <span class='ocrx_word' id='word_1_20' title='bbox 244 365 498 420; x_wconf 75' lang='grc' dir='ltr'><strong><em>γραμμάτων,</em></strong></span> <span class='ocrx_word' id='word_1_21' title='bbox 528 361 615 407; x_wconf 74' lang='grc' dir='ltr'><strong><em>ἀλλ’</em></strong></span> <span class='ocrx_word' id='word_1_22' title='bbox 636 364 716 407; x_wconf 78' lang='grc' dir='ltr'><strong><em>ἀπὸ</em></strong></span> <span class='ocrx_word' id='word_1_23' title='bbox 747 364 916 420; x_wconf 85' lang='grc' dir='ltr'><strong><em>μνήμης.</em></strong></span> <span class='ocrx_word' id='word_1_24' title='bbox 947 364 1021 423; x_wconf 84' lang='grc' dir='ltr'><strong><em>(μὴ</em></strong></span> <span class='ocrx_word' id='word_1_25' title='bbox 1053 369 1144 410; x_wconf 76' lang='lat' dir='ltr'><strong>add.</strong></span> <span class='ocrx_word' id='word_1_26' title='bbox 1177 368 1309 421; x_wconf 82' lang='lat' dir='ltr'><strong>Suid.)</strong></span> <span class='ocrx_word' id='word_1_27' title='bbox 1332 365 1526 420; x_wconf 82' lang='grc' dir='ltr'><strong><em>Φιλήμων</em></strong></span> <span class='ocrx_word' id='word_1_28' title='bbox 1547 369 1629 409; x_wconf 87' lang='grc' dir='ltr'><strong><em>Νε-</em></strong></span> 
     </span>
    </p>
   </div>
   <div class='ocr_carea' id='block_1_4' title="bbox 64 419 935 515">
    <p class='ocr_par' dir='ltr' id='par_1_4' title="bbox 64 419 935 515">
     <span class='ocr_line' id='line_1_5' title="bbox 64 419 362 476; baseline -0.011 -12"><span class='ocrx_word' id='word_1_29' title='bbox 64 419 249 476; x_wconf 68' lang='grc' dir='ltr'><strong><em>μομένοις</em></strong></span> <span class='ocrx_word' id='word_1_30' title='bbox 277 426 362 463; x_wconf 72' lang='grc' dir='ltr'><strong><em>κτλ.</em></strong></span> 
     </span>
     <span class='ocr_line' id='line_1_6' title="bbox 767 479 935 515; baseline -0.006 -1"><span class='ocrx_word' id='word_1_31' title='bbox 767 479 935 515; x_wconf 82' lang='grc' dir='ltr'>ΝΟΘΟΣ</span> 
     </span>
    </p>
   </div>
   <div class='ocr_carea' id='block_1_5' title="bbox 21 548 1627 703">
    <p class='ocr_par' dir='ltr' id='par_1_5' title="bbox 21 548 1627 703">
     <span class='ocr_line' id='line_1_7' title="bbox 179 548 1627 592; baseline 0.001 -4"><span class='ocrx_word' id='word_1_32' title='bbox 179 548 333 589; x_wconf 70' lang='lat' dir='ltr'><strong><em>,Nothus</em></strong></span> <span class='ocrx_word' id='word_1_33' title='bbox 361 549 523 590; x_wconf 75' lang='lat' dir='ltr'><strong>Nicasio</strong></span> <span class='ocrx_word' id='word_1_34' title='bbox 559 550 695 590; x_wconf 76' lang='lat' dir='ltr'><strong>fabula</strong></span> <span class='ocrx_word' id='word_1_35' title='bbox 724 550 806 590; x_wconf 71' lang='lat' dir='ltr'><strong>fuit,</strong></span> <span class='ocrx_word' id='word_1_36' title='bbox 833 550 994 591; x_wconf 82' lang='lat' dir='ltr'><strong>Caecilii</strong></span> <span class='ocrx_word' id='word_1_37' title='bbox 1026 550 1158 590; x_wconf 75' lang='lat' dir='ltr'><strong><em>Statii.</em></strong></span> <span class='ocrx_word' id='word_1_38' title='bbox 1211 551 1258 592; x_wconf 96' lang='grc' dir='ltr'><strong><em>Ο.</em></strong></span> <span class='ocrx_word' id='word_1_39' title='bbox 1291 551 1481 591; x_wconf 77' lang='lat' dir='ltr'>Ribbeck.</span> <span class='ocrx_word' id='word_1_40' title='bbox 1514 551 1627 591; x_wconf 88' lang='lat' dir='ltr'><strong>Com.</strong></span> 
     </span>
     <span class='ocr_line' id='line_1_8' title="bbox 21 603 875 703; baseline 0.002 -58"><span class='ocrx_word' id='word_1_41' title='bbox 21 650 26 655; x_wconf 49' lang='grc'>,</span> <span class='ocrx_word' id='word_1_42' title='bbox 67 603 183 646; x_wconf 76' lang='lat' dir='ltr'><strong>Rom.</strong></span> <span class='ocrx_word' id='word_1_43' title='bbox 214 603 288 645; x_wconf 83' lang='lat' dir='ltr'><strong>fr.²</strong></span> <span class='ocrx_word' id='word_1_44' title='bbox 319 606 387 646; x_wconf 84' lang='lat'><strong><em>55.</em></strong></span> <span class='ocrx_word' id='word_1_45' title='bbox 817 660 875 703; x_wconf 75' lang='lat'><strong><em>49</em></strong></span> 
     </span>
    </p>
   </div>
   <div class='ocr_carea' id='block_1_6' title="bbox 63 739 1628 961">
    <p class='ocr_par' dir='ltr' id='par_1_6' title="bbox 63 739 1628 961">
     <span class='ocr_line' id='line_1_9' title="bbox 178 739 1628 797; baseline 0 -15"><span class='ocrx_word' id='word_1_46' title='bbox 178 741 416 782; x_wconf 76' lang='lat' dir='ltr'><strong>Eustathius</strong></span> <span class='ocrx_word' id='word_1_47' title='bbox 447 743 549 793; x_wconf 85' lang='lat'>880,</span> <span class='ocrx_word' id='word_1_48' title='bbox 573 744 628 783; x_wconf 89' lang='lat'><strong><em>30</em></strong></span> <span class='ocrx_word' id='word_1_49' title='bbox 664 741 806 791; x_wconf 80' lang='grc' dir='ltr'><strong><em>Αἴλιος</em></strong></span> <span class='ocrx_word' id='word_1_50' title='bbox 840 739 1054 790; x_wconf 87' lang='grc' dir='ltr'><strong><em>Διονύσιος</em></strong></span> <span class='ocrx_word' id='word_1_51' title='bbox 1094 742 1194 797; x_wconf 80' lang='grc' dir='ltr'><strong><em>λέγει</em></strong></span> <span class='ocrx_word' id='word_1_52' title='bbox 1226 740 1286 784; x_wconf 89' lang='grc' dir='ltr'><strong><em>ότι</em></strong></span> <span class='ocrx_word' id='word_1_53' title='bbox 1317 742 1514 795; x_wconf 81' lang='grc' dir='ltr'><strong><em>Φιλήμων</em></strong></span> <span class='ocrx_word' id='word_1_54' title='bbox 1543 741 1628 783; x_wconf 81' lang='grc' dir='ltr'><strong><em>ε’πι-</em></strong></span> 
     </span>
     <span class='ocr_line' id='line_1_10' title="bbox 63 793 1626 869; baseline 0.003 -32"><span class='ocrx_word' id='word_1_55' title='bbox 63 793 234 838; x_wconf 71' lang='grc' dir='ltr'><strong><em>σκώπτει</em></strong></span> <span class='ocrx_word' id='word_1_56' title='bbox 270 797 314 838; x_wconf 86' lang='grc' dir='ltr'><strong><em>τὸ</em></strong></span> <span class='ocrx_word' id='word_1_57' title='bbox 350 794 447 850; x_wconf 81' lang='grc' dir='ltr'><strong><em>ὄνομ</em></strong></span> <span class='ocrx_word' id='word_1_58' title='bbox 451 814 477 838; x_wconf 89' lang='grc' dir='ltr'><strong><em>α</em></strong></span> <span class='ocrx_word' id='word_1_59' title='bbox 515 796 739 867; x_wconf 86' lang='grc' dir='ltr'><strong><em>(βουνὸς)</em></strong></span> <span class='ocrx_word' id='word_1_60' title='bbox 785 796 840 847; x_wconf 82' lang='grc' dir='ltr'><strong><em>ὦς</em></strong></span> <span class='ocrx_word' id='word_1_61' title='bbox 877 796 1104 869; x_wconf 79' lang='grc' dir='ltr'><strong><em>βάρβαρον·</em></strong></span> <span class='ocrx_word' id='word_1_62' title='bbox 1148 799 1275 851; x_wconf 85' lang='grc' dir='ltr'><strong><em>λόφον</em></strong></span> <span class='ocrx_word' id='word_1_63' title='bbox 1309 799 1385 853; x_wconf 75' lang='grc' dir='ltr'><strong><em>γὰρ</em></strong></span> <span class='ocrx_word' id='word_1_64' title='bbox 1423 803 1626 841; x_wconf 86' lang='grc' dir='ltr'><strong><em>καλοῦσιν.</em></strong></span> 
     </span>
     <span class='ocr_line' id='line_1_11' title="bbox 63 851 1628 911; baseline 0.002 -16"><span class='ocrx_word' id='word_1_65' title='bbox 63 851 186 905; x_wconf 69' lang='grc' dir='ltr'><strong><em>ἕτεροι</em></strong></span> <span class='ocrx_word' id='word_1_66' title='bbox 214 852 259 895; x_wconf 81' lang='grc' dir='ltr'><strong><em>δὲ</em></strong></span> <span class='ocrx_word' id='word_1_67' title='bbox 289 851 352 895; x_wconf 78' lang='grc' dir='ltr'><strong><em>ὅτι</em></strong></span> <span class='ocrx_word' id='word_1_68' title='bbox 382 854 573 908; x_wconf 87' lang='grc' dir='ltr'><strong><em>βουνὸν</em></strong></span> <span class='ocrx_word' id='word_1_69' title='bbox 602 854 795 908; x_wconf 80' lang='grc' dir='ltr'><strong><em>Φιλήμων</em></strong></span> <span class='ocrx_word' id='word_1_70' title='bbox 825 854 870 897; x_wconf 74' lang='grc' dir='ltr'><strong><em>ἐν</em></strong></span> <span class='ocrx_word' id='word_1_71' title='bbox 890 856 1022 911; x_wconf 81' lang='grc' dir='ltr'><strong><em>Νόθω</em></strong></span> <span class='ocrx_word' id='word_1_72' title='bbox 1052 853 1107 906; x_wconf 82' lang='grc' dir='ltr'><strong><em>ὥς</em></strong></span> <span class='ocrx_word' id='word_1_73' title='bbox 1138 855 1317 910; x_wconf 81' lang='grc' dir='ltr'><strong><em>σύνηθες</em></strong></span> <span class='ocrx_word' id='word_1_74' title='bbox 1348 857 1527 910; x_wconf 82' lang='grc' dir='ltr'><strong><em>τίθησιν,</em></strong></span> <span class='ocrx_word' id='word_1_75' title='bbox 1557 856 1628 898; x_wconf 87' lang='grc' dir='ltr'><strong><em>αλ-</em></strong></span> 
     </span>
     <span class='ocr_line' id='line_1_12' title="bbox 63 908 1025 961; baseline 0.001 -9"><span class='ocrx_word' id='word_1_76' title='bbox 63 913 156 952; x_wconf 60' lang='lat' dir='ltr'><strong><em>noos</em></strong></span> <span class='ocrx_word' id='word_1_77' title='bbox 186 908 231 951; x_wconf 79' lang='grc' dir='ltr'><strong><em>δὲ</em></strong></span> <span class='ocrx_word' id='word_1_78' title='bbox 260 909 315 960; x_wconf 81' lang='grc' dir='ltr'><strong><em>ὦς</em></strong></span> <span class='ocrx_word' id='word_1_79' title='bbox 347 910 509 961; x_wconf 79' lang='grc' dir='ltr'><strong><em>ξενικὸν</em></strong></span> <span class='ocrx_word' id='word_1_80' title='bbox 539 910 791 954; x_wconf 78' lang='grc' dir='ltr'><strong><em>ἐπισκώπτει.</em></strong></span> <span class='ocrx_word' id='word_1_81' title='bbox 846 915 895 954; x_wconf 88' lang='lat' dir='ltr'><strong><em>cf.</em></strong></span> <span class='ocrx_word' id='word_1_82' title='bbox 931 916 1025 954; x_wconf 86' lang='grc'><strong>142.</strong></span> 
     </span>
    </p>
   </div>
   <div class='ocr_carea' id='block_1_7' title="bbox 817 1025 874 1068">
    <p class='ocr_par' dir='ltr' id='par_1_7' title="bbox 817 1025 874 1068">
     <span class='ocr_line' id='line_1_13' title="bbox 817 1025 874 1068; baseline 0 0"><span class='ocrx_word' id='word_1_83' title='bbox 817 1025 874 1068; x_wconf 84' lang='grc'><strong><em>50</em></strong></span> 
     </span>
    </p>
   </div>
   <div class='ocr_carea' id='block_1_8' title="bbox 335 1083 552 1138">
    <p class='ocr_par' dir='ltr' id='par_1_8' title="bbox 335 1083 552 1138">
     <span class='ocr_line' id='line_1_14' title="bbox 335 1083 552 1138; baseline 0.005 -15"><span class='ocrx_word' id='word_1_84' title='bbox 335 1083 552 1138; x_wconf 83' lang='grc' dir='ltr'><strong><em>πανοικίᾳ</em></strong></span> 
     </span>
    </p>
   </div>
   <div class='ocr_carea' id='block_1_9' title="bbox 64 1157 1623 1272">
    <p class='ocr_par' dir='ltr' id='par_1_9' title="bbox 64 1157 1623 1272">
     <span class='ocr_line' id='line_1_15' title="bbox 176 1157 1623 1219; baseline 0.002 -18"><span class='ocrx_word' id='word_1_85' title='bbox 176 1157 267 1201; x_wconf 74' lang='grc' dir='ltr'><strong><em>ἀντὶ</em></strong></span> <span class='ocrx_word' id='word_1_86' title='bbox 297 1163 370 1202; x_wconf 81' lang='grc' dir='ltr'><strong><em>τοῦ</em></strong></span> <span class='ocrx_word' id='word_1_87' title='bbox 399 1163 574 1203; x_wconf 83' lang='grc' dir='ltr'><strong><em>πανοικί.</em></strong></span> <span class='ocrx_word' id='word_1_88' title='bbox 624 1160 817 1216; x_wconf 82' lang='grc' dir='ltr'><strong><em>Φιλήμων</em></strong></span> <span class='ocrx_word' id='word_1_89' title='bbox 847 1161 990 1219; x_wconf 80' lang='grc' dir='ltr'><strong>Νόθῳ.</strong></span> <span class='ocrx_word' id='word_1_90' title='bbox 1041 1166 1212 1205; x_wconf 85' lang='lat' dir='ltr'><strong>Bekker.</strong></span> <span class='ocrx_word' id='word_1_91' title='bbox 1244 1166 1396 1206; x_wconf 85' lang='lat' dir='ltr'><strong>Anecd.</strong></span> <span class='ocrx_word' id='word_1_92' title='bbox 1435 1168 1533 1216; x_wconf 82' lang='lat'>112,</span> <span class='ocrx_word' id='word_1_93' title='bbox 1561 1166 1623 1205; x_wconf 90' lang='lat'><strong><em>15.</em></strong></span> 
     </span>
     <span class='ocr_line' id='line_1_16' title="bbox 64 1219 624 1272; baseline 0.004 -13"><span class='ocrx_word' id='word_1_94' title='bbox 64 1219 117 1259; x_wconf 81' lang='lat' dir='ltr'><strong><em>cf.</em></strong></span> <span class='ocrx_word' id='word_1_95' title='bbox 149 1219 321 1260; x_wconf 86' lang='lat' dir='ltr'><strong>Lobeck.</strong></span> <span class='ocrx_word' id='word_1_96' title='bbox 353 1220 507 1272; x_wconf 87' lang='lat' dir='ltr'><strong>Phryn.</strong></span> <span class='ocrx_word' id='word_1_97' title='bbox 530 1222 624 1261; x_wconf 86' lang='lat'><strong><em>514.</em></strong></span> 
     </span>
    </p>
   </div>
   <div class='ocr_carea' id='block_1_10' title="bbox 179 1276 910 1368">
    <p class='ocr_par' dir='ltr' id='par_1_10' title="bbox 179 1276 910 1368">
     <span class='ocr_line' id='line_1_17' title="bbox 179 1276 910 1368; baseline 0.003 -52"><span class='ocrx_word' id='word_1_98' title='bbox 179 1276 392 1317; x_wconf 81' lang='lat' dir='ltr'><strong>Praeterea</strong></span> <span class='ocrx_word' id='word_1_99' title='bbox 421 1278 470 1317; x_wconf 85' lang='lat' dir='ltr'><strong><em>cf.</em></strong></span> <span class='ocrx_word' id='word_1_100' title='bbox 497 1279 590 1318; x_wconf 89' lang='lat'>183.</span> <span class='ocrx_word' id='word_1_101' title='bbox 777 1333 811 1366; x_wconf 77' lang='lat' dir='ltr'>N</span> <span class='ocrx_word' id='word_1_102' title='bbox 827 1334 863 1368; x_wconf 66' lang='grc' dir='ltr'><strong>Τ</strong></span> <span class='ocrx_word' id='word_1_103' title='bbox 880 1332 910 1348; x_wconf 50' lang='lat'><strong><em>‚⁴</em></strong></span> 
     </span>
    </p>
   </div>
   <div class='ocr_carea' id='block_1_11' title="bbox 821 1401 875 1444">
    <p class='ocr_par' dir='ltr' id='par_1_11' title="bbox 821 1401 875 1444">
     <span class='ocr_line' id='line_1_18' title="bbox 821 1401 875 1444; baseline -0.019 0"><span class='ocrx_word' id='word_1_104' title='bbox 821 1401 875 1444; x_wconf 81' lang='lat'><strong><em>51</em></strong></span> 
     </span>
    </p>
   </div>
   <div class='ocr_carea' id='block_1_12' title="bbox 266 1466 1422 1526">
    <p class='ocr_par' dir='ltr' id='par_1_12' title="bbox 266 1466 1422 1526">
     <span class='ocr_line' id='line_1_19' title="bbox 266 1466 1422 1526; baseline 0.001 -16"><span class='ocrx_word' id='word_1_105' title='bbox 266 1466 316 1510; x_wconf 88' lang='grc' dir='ltr'><strong><em>τὸ</em></strong></span> <span class='ocrx_word' id='word_1_106' title='bbox 345 1470 518 1511; x_wconf 83' lang='grc' dir='ltr'><strong><em>κανοῦν</em></strong></span> <span class='ocrx_word' id='word_1_107' title='bbox 549 1467 593 1511; x_wconf 81' lang='grc' dir='ltr'><strong><em>δ’</em></strong></span> <span class='ocrx_word' id='word_1_108' title='bbox 616 1467 640 1511; x_wconf 86' lang='grc' dir='ltr'>ὁ</span> <span class='ocrx_word' id='word_1_109' title='bbox 673 1476 779 1520; x_wconf 79' lang='grc' dir='ltr'><strong><em>παῖς</em></strong></span> <span class='ocrx_word' id='word_1_110' title='bbox 809 1471 1001 1526; x_wconf 80' lang='grc' dir='ltr'><strong><em>περίεισι</em></strong></span> <span class='ocrx_word' id='word_1_111' title='bbox 1031 1469 1264 1525; x_wconf 80' lang='grc' dir='ltr'><strong><em>τηνάλλως</em></strong></span> <span class='ocrx_word' id='word_1_112' title='bbox 1294 1471 1422 1525; x_wconf 84' lang='grc' dir='ltr'><strong><em>ἔχων.</em></strong></span> 
     </span>
    </p>
   </div>
   <div class='ocr_carea' id='block_1_13' title="bbox 175 1556 1627 1615">
    <p class='ocr_par' dir='ltr' id='par_1_13' title="bbox 175 1556 1627 1615">
     <span class='ocr_line' id='line_1_20' title="bbox 175 1556 1627 1615; baseline 0.002 -14"><span class='ocrx_word' id='word_1_113' title='bbox 175 1562 344 1603; x_wconf 81' lang='lat' dir='ltr'><strong>Photius</strong></span> <span class='ocrx_word' id='word_1_114' title='bbox 374 1565 416 1603; x_wconf 76' lang='lat' dir='ltr'><strong><em>et</em></strong></span> <span class='ocrx_word' id='word_1_115' title='bbox 447 1563 591 1602; x_wconf 80' lang='lat' dir='ltr'><strong>Suidas</strong></span> <span class='ocrx_word' id='word_1_116' title='bbox 622 1561 842 1614; x_wconf 79' lang='grc' dir='ltr'><strong><em>τηνοὶλλως·</em></strong></span> <span class='ocrx_word' id='word_1_117' title='bbox 875 1560 1081 1615; x_wconf 77' lang='grc' dir='ltr'><strong><em>μάτην...</em></strong></span> <span class='ocrx_word' id='word_1_118' title='bbox 1100 1559 1122 1603; x_wconf 85' lang='grc' dir='ltr'>ὁ</span> <span class='ocrx_word' id='word_1_119' title='bbox 1155 1556 1350 1615; x_wconf 81' lang='grc' dir='ltr'><strong><em>Φιλήμών</em></strong></span> <span class='ocrx_word' id='word_1_120' title='bbox 1382 1563 1519 1603; x_wconf 80' lang='grc' dir='ltr'><strong><em>Νυκτί</em></strong></span> <span class='ocrx_word' id='word_1_121' title='bbox 1545 1566 1627 1604; x_wconf 82' lang='grc' dir='ltr'><strong><em>κτλ.</em></strong></span> 
     </span>
    </p>
   </div>
   <div class='ocr_carea' id='block_1_14' title="bbox 334 1673 871 1784">
    <p class='ocr_par' dir='ltr' id='par_1_14' title="bbox 334 1673 871 1784">
     <span class='ocr_line' id='line_1_21' title="bbox 815 1673 871 1717; baseline -0.018 0"><span class='ocrx_word' id='word_1_122' title='bbox 815 1673 871 1717; x_wconf 86' lang='grc'><strong><em>52</em></strong></span> 
     </span>
     <span class='ocr_line' id='line_1_22' title="bbox 334 1729 527 1784; baseline 0 -13"><span class='ocrx_word' id='word_1_123' title='bbox 334 1729 527 1784; x_wconf 79' lang='grc' dir='ltr'><strong><em>νησίγδα</em></strong></span> 
     </span>
    </p>
   </div>
   <div class='ocr_carea' id='block_1_15' title="bbox 65 1807 1626 1976">
    <p class='ocr_par' dir='ltr' id='par_1_15' title="bbox 65 1807 1626 1976">
     <span class='ocr_line' id='line_1_23' title="bbox 176 1807 1626 1865; baseline 0.003 -16"><span class='ocrx_word' id='word_1_124' title='bbox 176 1808 221 1850; x_wconf 81' lang='grc' dir='ltr'><strong><em>ἐν</em></strong></span> <span class='ocrx_word' id='word_1_125' title='bbox 251 1810 376 1851; x_wconf 84' lang='grc' dir='ltr'><strong><em>νυκτί.</em></strong></span> <span class='ocrx_word' id='word_1_126' title='bbox 406 1807 647 1850; x_wconf 73' lang='grc' dir='ltr'><strong><em>ἀποδιδόασι</em></strong></span> <span class='ocrx_word' id='word_1_127' title='bbox 676 1822 924 1864; x_wconf 89' lang='grc' dir='ltr'><strong><em>μασηματιον</em></strong></span> <span class='ocrx_word' id='word_1_128' title='bbox 952 1811 1080 1854; x_wconf 88' lang='grc' dir='ltr'><strong><em>ποιόν.</em></strong></span> <span class='ocrx_word' id='word_1_129' title='bbox 1111 1814 1351 1865; x_wconf 83' lang='lat' dir='ltr'><strong>Hesychius.</strong></span> <span class='ocrx_word' id='word_1_130' title='bbox 1416 1815 1465 1853; x_wconf 78' lang='lat' dir='ltr'><strong><em>ad</em></strong></span> <span class='ocrx_word' id='word_1_131' title='bbox 1496 1815 1626 1854; x_wconf 81' lang='lat' dir='ltr'><strong>Phile-</strong></span> 
     </span>
     <span class='ocr_line' id='line_1_24' title="bbox 65 1862 1626 1923; baseline 0.002 -16"><span class='ocrx_word' id='word_1_132' title='bbox 65 1868 194 1908; x_wconf 80' lang='lat' dir='ltr'><strong>monis</strong></span> <span class='ocrx_word' id='word_1_133' title='bbox 226 1862 370 1907; x_wconf 81' lang='grc' dir='ltr'><strong><em>Νύκτα</em></strong></span> <span class='ocrx_word' id='word_1_134' title='bbox 398 1869 597 1908; x_wconf 75' lang='lat' dir='ltr'><strong>referebat</strong></span> <span class='ocrx_word' id='word_1_135' title='bbox 626 1870 750 1910; x_wconf 89' lang='lat' dir='ltr'><strong>Dobr.</strong></span> <span class='ocrx_word' id='word_1_136' title='bbox 773 1870 1056 1912; x_wconf 84' lang='lat' dir='ltr'><strong>Adv.11581.</strong></span> <span class='ocrx_word' id='word_1_137' title='bbox 1145 1870 1331 1923; x_wconf 86' lang='grc' dir='ltr'><strong><em>νησίγδαι</em></strong></span> <span class='ocrx_word' id='word_1_138' title='bbox 1363 1871 1626 1913; x_wconf 79' lang='lat' dir='ltr'><strong>phavorinus.</strong></span> 
     </span>
     <span class='ocr_line' id='line_1_25' title="bbox 65 1924 1065 1976; baseline 0.001 -12"><span class='ocrx_word' id='word_1_139' title='bbox 65 1924 262 1975; x_wconf 88' lang='lat' dir='ltr'><strong>Oedipum</strong></span> <span class='ocrx_word' id='word_1_140' title='bbox 294 1937 408 1964; x_wconf 87' lang='lat' dir='ltr'>suum</span> <span class='ocrx_word' id='word_1_141' title='bbox 440 1928 652 1976; x_wconf 72' lang='lat' dir='ltr'><strong>exspectat.</strong></span> <span class='ocrx_word' id='word_1_142' title='bbox 1063 1962 1065 1965; x_wconf 13' lang='grc' dir='ltr'><em>Α</em></span> 
     </span>
    </p>
   </div>
   <div class='ocr_carea' id='block_1_16' title="bbox 177 2049 1053 2160">
    <p class='ocr_par' dir='ltr' id='par_1_16' title="bbox 177 2049 1053 2160">
     <span class='ocr_line' id='line_1_26' title="bbox 636 2049 1053 2085; baseline 0.002 -2"><span class='ocrx_word' id='word_1_143' title='bbox 636 2049 1053 2085; x_wconf 79' lang='grc' dir='ltr'><strong>ΠΑΓΚΡΑΤΙΑΣΤΗΣ</strong></span> 
     </span>
     <span class='ocr_line' id='line_1_27' title="bbox 177 2118 784 2160; baseline 0 -2"><span class='ocrx_word' id='word_1_144' title='bbox 177 2118 236 2158; x_wconf 86' lang='lat' dir='ltr'><strong><em>Cf.</em></strong></span> <span class='ocrx_word' id='word_1_145' title='bbox 268 2119 563 2159; x_wconf 74' lang='lat' dir='ltr'><strong><em>Pwncratiastes</em></strong></span> <span class='ocrx_word' id='word_1_146' title='bbox 591 2118 784 2160; x_wconf 83' lang='lat' dir='ltr'><strong>Alexidis.</strong></span> 
     </span>
    </p>
   </div>
   <div class='ocr_carea' id='block_1_17' title="bbox 815 2197 871 2240">
    <p class='ocr_par' dir='ltr' id='par_1_17' title="bbox 815 2197 871 2240">
     <span class='ocr_line' id='line_1_28' title="bbox 815 2197 871 2240; baseline 0 0"><span class='ocrx_word' id='word_1_147' title='bbox 815 2197 871 2240; x_wconf 89' lang='lat'><strong><em>53</em></strong></span> 
     </span>
    </p>
   </div>
   <div class='ocr_carea' id='block_1_18' title="bbox 284 2271 1424 2603">
    <p class='ocr_par' dir='ltr' id='par_1_18' title="bbox 332 2271 1424 2535">
     <span class='ocr_line' id='line_1_29' title="bbox 332 2271 1424 2330; baseline 0.004 -14"><span class='ocrx_word' id='word_1_148' title='bbox 332 2271 501 2317; x_wconf 83' lang='grc' dir='ltr'><strong><em>καύτόν</em></strong></span> <span class='ocrx_word' id='word_1_149' title='bbox 530 2290 573 2317; x_wconf 84' lang='grc' dir='ltr'><strong><em>τι</em></strong></span> <span class='ocrx_word' id='word_1_150' title='bbox 603 2273 840 2330; x_wconf 79' lang='grc' dir='ltr'><strong><em>πράττειν·</em></strong></span> <span class='ocrx_word' id='word_1_151' title='bbox 874 2274 929 2318; x_wconf 87' lang='grc' dir='ltr'><strong><em>ού</em></strong></span> <span class='ocrx_word' id='word_1_152' title='bbox 958 2273 1101 2330; x_wconf 88' lang='grc' dir='ltr'><strong><em>μόνον</em></strong></span> <span class='ocrx_word' id='word_1_153' title='bbox 1130 2275 1208 2327; x_wconf 81' lang='grc' dir='ltr'><strong><em>τὰς</em></strong></span> <span class='ocrx_word' id='word_1_154' title='bbox 1239 2277 1424 2328; x_wconf 76' lang='grc' dir='ltr'><strong><em>ἐλπίδας</em></strong></span> 
     </span>
     <span class='ocr_line' id='line_1_30' title="bbox 334 2341 1365 2399; baseline 0.004 -15"><span class='ocrx_word' id='word_1_155' title='bbox 334 2342 408 2385; x_wconf 80' lang='grc' dir='ltr'><strong><em>ἐπὶ</em></strong></span> <span class='ocrx_word' id='word_1_156' title='bbox 438 2345 495 2398; x_wconf 85' lang='grc' dir='ltr'><strong><em>τῇ</em></strong></span> <span class='ocrx_word' id='word_1_157' title='bbox 524 2341 635 2398; x_wconf 83' lang='grc' dir='ltr'><strong><em>τύχῃ</em></strong></span> <span class='ocrx_word' id='word_1_158' title='bbox 667 2342 773 2398; x_wconf 82' lang='grc' dir='ltr'><strong><em>χρή,</em></strong></span> <span class='ocrx_word' id='word_1_159' title='bbox 806 2344 1004 2399; x_wconf 80' lang='grc' dir='ltr'><strong><em>παιδίον,</em></strong></span> <span class='ocrx_word' id='word_1_160' title='bbox 1035 2343 1215 2394; x_wconf 83' lang='grc' dir='ltr'><strong><em>πάντως</em></strong></span> <span class='ocrx_word' id='word_1_161' title='bbox 1245 2346 1365 2399; x_wconf 81' lang='grc' dir='ltr'><strong><em>ἔχειν</em></strong></span> 
     </span>
     <span class='ocr_line' id='line_1_31' title="bbox 333 2403 1328 2468; baseline 0.003 -17"><span class='ocrx_word' id='word_1_162' title='bbox 333 2403 400 2452; x_wconf 80' lang='grc' dir='ltr'><strong><em>ὦν</em></strong></span> <span class='ocrx_word' id='word_1_163' title='bbox 428 2411 645 2464; x_wconf 81' lang='grc' dir='ltr'><strong><em>βούλεταί</em></strong></span> <span class='ocrx_word' id='word_1_164' title='bbox 670 2426 760 2464; x_wconf 82' lang='grc' dir='ltr'><strong><em>τις,</em></strong></span> <span class='ocrx_word' id='word_1_165' title='bbox 792 2409 906 2454; x_wconf 76' lang='grc' dir='ltr'><strong><em>ἀλλὰ</em></strong></span> <span class='ocrx_word' id='word_1_166' title='bbox 936 2409 1103 2454; x_wconf 83' lang='grc' dir='ltr'><strong><em>καύτὸν</em></strong></span> <span class='ocrx_word' id='word_1_167' title='bbox 1133 2414 1186 2468; x_wconf 79' lang='grc' dir='ltr'><strong><em>τῇ</em></strong></span> <span class='ocrx_word' id='word_1_168' title='bbox 1215 2411 1328 2468; x_wconf 84' lang='grc' dir='ltr'><strong><em>τύχῃ</em></strong></span> 
     </span>
     <span class='ocr_line' id='line_1_32' title="bbox 335 2477 1287 2560; baseline 0.003 -41"><span class='ocrx_word' id='word_1_169' title='bbox 335 2478 757 2533; x_wconf 78' lang='grc' dir='ltr'><strong><em>συλλαμβάνεσθαι·</em></strong></span> <span class='ocrx_word' id='word_1_170' title='bbox 790 2477 903 2535; x_wconf 77' lang='grc' dir='ltr'><strong><em>ῥᾷον</em></strong></span> <span class='ocrx_word' id='word_1_171' title='bbox 932 2477 960 2535; x_wconf 82' lang='grc' dir='ltr'><em>ἡ</em></span> <span class='ocrx_word' id='word_1_172' title='bbox 992 2481 1103 2560; x_wconf 82' lang='grc' dir='ltr'><strong><em>τύχη</em></strong></span> <span class='ocrx_word' id='word_1_173' title='bbox 1135 2487 1287 2535; x_wconf 84' lang='grc' dir='ltr'><strong><em>πονεῖ,</em></strong></span> 
     </span>
    </p>

    <p class='ocr_par' dir='ltr' id='par_1_19' title="bbox 284 2542 1337 2603">
     <span class='ocr_line' id='line_1_33' title="bbox 284 2542 1337 2603; baseline 0.005 -18"><span class='ocrx_word' id='word_1_174' title='bbox 284 2554 304 2584; x_wconf 84' lang='grc'><strong>5</strong></span> <span class='ocrx_word' id='word_1_175' title='bbox 337 2542 420 2587; x_wconf 82' lang='grc' dir='ltr'><strong><em>ἐαν</em></strong></span> <span class='ocrx_word' id='word_1_176' title='bbox 449 2544 556 2600; x_wconf 79' lang='grc' dir='ltr'><strong><em>μεθ’</em></strong></span> <span class='ocrx_word' id='word_1_177' title='bbox 579 2545 735 2600; x_wconf 81' lang='grc' dir='ltr'><strong><em>ἑτέρου</em></strong></span> <span class='ocrx_word' id='word_1_178' title='bbox 764 2548 920 2601; x_wconf 85' lang='grc' dir='ltr'><strong><em>τοῦτο,</em></strong></span> <span class='ocrx_word' id='word_1_179' title='bbox 952 2546 1012 2603; x_wconf 81' lang='grc' dir='ltr'><strong><em>μὴ</em></strong></span> <span class='ocrx_word' id='word_1_180' title='bbox 1043 2546 1182 2603; x_wconf 88' lang='grc' dir='ltr'><strong><em>μόνη,</em></strong></span> <span class='ocrx_word' id='word_1_181' title='bbox 1214 2551 1337 2603; x_wconf 83' lang='grc' dir='ltr'><strong><em>ποιῇ.</em></strong></span> 
     </span>
    </p>
   </div>
   <div class='ocr_carea' id='block_1_19' title="bbox 61 2636 1626 2921">
    <p class='ocr_par' dir='ltr' id='par_1_20' title="bbox 61 2636 1626 2921">
     <span class='ocr_line' id='line_1_34' title="bbox 177 2636 1624 2712; baseline 0.001 -35"><span class='ocrx_word' id='word_1_182' title='bbox 177 2639 373 2678; x_wconf 75' lang='lat' dir='ltr'><strong>Stobaeus</strong></span> <span class='ocrx_word' id='word_1_183' title='bbox 402 2638 488 2678; x_wconf 83' lang='lat' dir='ltr'><strong><em>Ecl.</em></strong></span> <span class='ocrx_word' id='word_1_184' title='bbox 523 2640 569 2687; x_wconf 83' lang='lat'><strong><em>2,</em></strong></span> <span class='ocrx_word' id='word_1_185' title='bbox 591 2638 717 2690; x_wconf 85' lang='grc'>8(7),</span> <span class='ocrx_word' id='word_1_186' title='bbox 741 2641 765 2679; x_wconf 87' lang='grc'>6</span> <span class='ocrx_word' id='word_1_187' title='bbox 796 2640 997 2680; x_wconf 82' lang='lat' dir='ltr'><strong>Wachsm.</strong></span> <span class='ocrx_word' id='word_1_188' title='bbox 1038 2636 1263 2691; x_wconf 80' lang='grc' dir='ltr'><strong><em>Φιλήμονος</em></strong></span> <span class='ocrx_word' id='word_1_189' title='bbox 1298 2642 1624 2712; x_wconf 63' lang='grc' dir='ltr'><strong><em>Παγκρατιαστῇ</em></strong></span> 
     </span>
     <span class='ocr_line' id='line_1_35' title="bbox 71 2682 1626 2761; baseline 0.001 -27"><span class='ocrx_word' id='word_1_190' title='bbox 71 2698 106 2734; x_wconf 93' lang='lat'><strong><em>1.</em></strong></span> <span class='ocrx_word' id='word_1_191' title='bbox 139 2691 286 2734; x_wconf 80' lang='grc' dir='ltr'><strong><em>καύτόν</em></strong></span> <span class='ocrx_word' id='word_1_192' title='bbox 317 2692 451 2761; x_wconf 72' lang='lat' dir='ltr'>Grot]</span> <span class='ocrx_word' id='word_1_193' title='bbox 481 2693 548 2734; x_wconf 81' lang='grc' dir='ltr'><strong><em>καὶ</em></strong></span> <span class='ocrx_word' id='word_1_194' title='bbox 578 2693 649 2733; x_wconf 88' lang='grc' dir='ltr'><strong><em>τόν</em></strong></span> <span class='ocrx_word' id='word_1_195' title='bbox 677 2695 765 2739; x_wconf 74' lang='lat' dir='ltr'><strong>Par.</strong></span> <span class='ocrx_word' id='word_1_196' title='bbox 816 2693 921 2750; x_wconf 55' lang='lat' dir='ltr'><strong><em>(uhi</em></strong></span> <span class='ocrx_word' id='word_1_197' title='bbox 950 2694 1019 2736; x_wconf 90' lang='grc' dir='ltr'><strong><em>τόν</em></strong></span> <span class='ocrx_word' id='word_1_198' title='bbox 1048 2698 1169 2737; x_wconf 77' lang='lat' dir='ltr'><strong>Farn.</strong></span> <span class='ocrx_word' id='word_1_199' title='bbox 1258 2694 1399 2751; x_wconf 84' lang='grc' dir='ltr'><strong><em>μόνον]</em></strong></span> <span class='ocrx_word' id='word_1_200' title='bbox 1438 2695 1512 2746; x_wconf 86' lang='grc' dir='ltr'><strong><em>μὲν</em></strong></span> <span class='ocrx_word' id='word_1_201' title='bbox 1549 2682 1626 2738; x_wconf 84' lang='grc' dir='ltr'><strong><em>ουν</em></strong></span> 
     </span>
     <span class='ocr_line' id='line_1_36' title="bbox 63 2747 1621 2807; baseline 0.003 -17"><span class='ocrx_word' id='word_1_202' title='bbox 63 2752 184 2790; x_wconf 87' lang='lat' dir='ltr'><strong>Mein.</strong></span> <span class='ocrx_word' id='word_1_203' title='bbox 265 2753 303 2791; x_wconf 86' lang='lat'><strong>2</strong></span> <span class='ocrx_word' id='word_1_204' title='bbox 335 2747 407 2802; x_wconf 82' lang='grc' dir='ltr'><strong><em>χρή</em></strong></span> <span class='ocrx_word' id='word_1_205' title='bbox 437 2752 528 2791; x_wconf 79' lang='lat' dir='ltr'><strong>add.</strong></span> <span class='ocrx_word' id='word_1_206' title='bbox 551 2751 665 2791; x_wconf 76' lang='lat' dir='ltr'><strong>Grot.</strong></span> <span class='ocrx_word' id='word_1_207' title='bbox 732 2750 897 2792; x_wconf 72' lang='grc' dir='ltr'><strong><em>πάντων</em></strong></span> <span class='ocrx_word' id='word_1_208' title='bbox 926 2755 1020 2794; x_wconf 87' lang='lat' dir='ltr'><strong>olim</strong></span> <span class='ocrx_word' id='word_1_209' title='bbox 1042 2754 1162 2793; x_wconf 82' lang='lat' dir='ltr'><strong>Mein.</strong></span> <span class='ocrx_word' id='word_1_210' title='bbox 1236 2755 1274 2794; x_wconf 90' lang='lat'><strong><em>3.</em></strong></span> <span class='ocrx_word' id='word_1_211' title='bbox 1308 2753 1406 2807; x_wconf 83' lang='grc' dir='ltr'><strong><em>τύχη</em></strong></span> <span class='ocrx_word' id='word_1_212' title='bbox 1437 2754 1621 2806; x_wconf 81' lang='lat' dir='ltr'><strong>Grotius]</strong></span> 
     </span>
     <span class='ocr_line' id='line_1_37' title="bbox 62 2804 1623 2862; baseline 0.003 -16"><span class='ocrx_word' id='word_1_213' title='bbox 62 2812 174 2861; x_wconf 77' lang='grc' dir='ltr'><em>ψυχῇ</em></span> <span class='ocrx_word' id='word_1_214' title='bbox 203 2808 320 2847; x_wconf 80' lang='lat' dir='ltr'><strong>Farn.</strong></span> <span class='ocrx_word' id='word_1_215' title='bbox 350 2808 440 2847; x_wconf 82' lang='lat' dir='ltr'><strong>Par.</strong></span> <span class='ocrx_word' id='word_1_216' title='bbox 528 2806 717 2859; x_wconf 82' lang='grc' dir='ltr'><strong><em>βούλεταί</em></strong></span> <span class='ocrx_word' id='word_1_217' title='bbox 749 2823 827 2860; x_wconf 87' lang='grc' dir='ltr'><strong><em>τις,</em></strong></span> <span class='ocrx_word' id='word_1_218' title='bbox 870 2805 966 2849; x_wconf 81' lang='grc' dir='ltr'><strong><em>α’λλά</em></strong></span> <span class='ocrx_word' id='word_1_219' title='bbox 1006 2804 1153 2848; x_wconf 79' lang='grc' dir='ltr'><strong><em>καύτὸν</em></strong></span> <span class='ocrx_word' id='word_1_220' title='bbox 1176 2833 1228 2838; x_wconf 88' lang='grc'><strong>-</strong></span> <span class='ocrx_word' id='word_1_221' title='bbox 1249 2810 1623 2862; x_wconf 78' lang='grc' dir='ltr'><strong><em>συλλαμβάνεσθαι·</em></strong></span> 
     </span>
     <span class='ocr_line' id='line_1_38' title="bbox 61 2862 1624 2921; baseline 0.003 -20"><span class='ocrx_word' id='word_1_222' title='bbox 61 2862 164 2917; x_wconf 76' lang='grc' dir='ltr'><strong><em>ῥᾷον</em></strong></span> <span class='ocrx_word' id='word_1_223' title='bbox 195 2864 400 2904; x_wconf 86' lang='lat' dir='ltr'><strong><em>Herwerd.</em></strong></span> <span class='ocrx_word' id='word_1_224' title='bbox 434 2865 537 2905; x_wconf 82' lang='lat' dir='ltr'><strong>Nov.</strong></span> <span class='ocrx_word' id='word_1_225' title='bbox 570 2865 658 2904; x_wconf 78' lang='lat' dir='ltr'><strong>add.</strong></span> <span class='ocrx_word' id='word_1_226' title='bbox 690 2867 777 2906; x_wconf 83' lang='lat' dir='ltr'><strong>crit.</strong></span> <span class='ocrx_word' id='word_1_227' title='bbox 805 2868 873 2908; x_wconf 81' lang='lat'><strong><em>37.</em></strong></span> <span class='ocrx_word' id='word_1_228' title='bbox 924 2868 1069 2907; x_wconf 84' lang='lat' dir='ltr'><strong>Mnem.</strong></span> <span class='ocrx_word' id='word_1_229' title='bbox 1101 2879 1192 2907; x_wconf 84' lang='lat' dir='ltr'><strong>nov.</strong></span> <span class='ocrx_word' id='word_1_230' title='bbox 1226 2867 1283 2906; x_wconf 93' lang='lat' dir='ltr'><strong><em>VI</em></strong></span> <span class='ocrx_word' id='word_1_231' title='bbox 1316 2864 1389 2921; x_wconf 75' lang='lat'><strong><em>73]</em></strong></span> <span class='ocrx_word' id='word_1_232' title='bbox 1442 2866 1624 2920; x_wconf 81' lang='grc' dir='ltr'><strong><em>βουλεται</em></strong></span> 
     </span>
    </p>
   </div>
  </div>
 </body>
</html>
