1890 3190
290 176 370 218 146
716 163 721 169 ’
875 173 1262 212 ΑΝΑΞΑΝΔΡῙΔΟΤ

488 275 669 319 θύννου
697 275 752 318 τά
780 274 820 317 τ’
853 274 970 317 ἄλλα
1000 273 1202 331 βρώματ’
1235 274 1281 326 ἐξ,
1313 271 1455 329 ὑγρᾶς
1483 272 1612 328 ἁλός,

496 341 673 399 Νηρεὺς
703 332 904 385 κατοικεῖ
929 343 1062 385 τόνδε
1092 343 1239 384 πάντα
1269 341 1348 384 τὸν
1377 341 1532 384 τόπον.

404 427 630 466 Athenaeus
672 427 716 476 7,
747 426 866 464 2950
907 421 1218 476 Ἀναξανδρίδης
1258 421 1590 476 (ἅναξανδρείδης
1622 421 1677 478 Α)
1715 423 1764 463 Ν
1782 411 1829 493 ιζ

288 485 369 522 κτλ.
450 484 487 521 2.
517 477 719 533 ἆμυμονος
739 479 885 534 Dobr.]
907 477 1107 532 ἀκύμονος
1127 483 1176 521 Α.
1253 484 1292 521 4.
1323 485 1494 519 κατοικω
1521 480 1668 520 Nabar.
1693 481 1778 521 Mn·

287 552 379 580 nov.
401 538 500 578 VIII
529 540 584 578 54
615 539 699 577 sine
721 539 803 577 ulla
831 539 1079 578 necessitate.
1136 538 1233 589 quid
1254 539 1308 578 sit
1326 533 1534 583 πολυτελὲς
1554 529 1700 588 τμητὸν
1727 551 1752 589 y

288 608 361 634 κου
397 592 612 643 πρόσωπον
648 607 764 634 nemo
801 595 915 634 facile
952 595 1176 644 exputabit.
1253 594 1502 634 scribendum
1540 595 1601 632 est
1636 589 1724 632 ὑπ
1734 585 1830 635 ιτ,’·’

287 649 417 703 εὑρὼν
445 646 795 716 πουλύποδας,
833 649 1027 700 τιλτόν,
1062 648 1160 703 μέγα
1189 653 1247 702 γλ.
1280 664 1347 701 πρ.
1378 653 1418 689 et
1446 650 1579 700 paullo
1608 652 1703 700 posi:
1729 663 1777 688 τα
1826 665 1837 692 ⁴,

285 706 386 747 ἄλλα
422 706 583 760 βρωτὰ
621 702 703 755 τάξ
738 704 827 759 ὑγρ.
865 703 927 746 ἆλ.
986 708 1036 746 cf
1074 708 1172 746 Eur.
1211 707 1351 758 Suppl.
1394 707 1514 745 1110.
1573 705 1672 746 Xon.
1701 704 1746 745 L
1769 699 1833 757 vs

286 767 384 816 reip.
418 766 457 814 5,
480 767 504 804 3
535 767 575 804 et
604 765 652 804 de
682 766 800 816 τιλτῷ
827 764 931 803 Plat.
953 777 1054 803 eom.
1080 765 1171 804 193.
1221 764 1395 803 Nicostr.
1428 764 1466 813 5,
1489 763 1527 805 5
1558 762 1667 802 iocus
1694 763 1775 814 pe*
1808 761 1828 795 ιῖ

288 835 336 861 ex
367 822 518 872 duplici
547 821 719 860 nominis
749 821 870 860 Nerei
901 820 1205 871 significatione.

1076 930 1097 971 1

557 987 812 1042 γογγυσμός
1044 930 1071 972 3

400 1066 486 1108 ἀντὶ
519 1074 590 1108 τοῦ
620 1071 899 1120 τονθορυσμοῦ
930 1066 1034 1122 (cod.
1065 1065 1305 1120 θορυσμοῦ).
1360 1063 1670 1118 Ἀναξανδρίδης
1699 1067 1746 1105 Ν

289 1128 454 1168 Bekker.
485 1127 636 1166 Aneod.
667 1127 734 1176 87,
757 1127 796 1164 5.
1810 1123 1846 1139 ·-

400 1184 612 1222 Praeterea
641 1183 690 1221 cf.
721 1182 914 1221 Anaxilae
943 1182 994 1224 fr.
1026 1182 1092 1221 23.

942 1304 1198 1338 ΝΗΡΗΙΔΕΣ

1042 1381 1098 1424 32

964 1458 1042 1509 δὸς
1071 1458 1126 1515 δὴ
1155 1457 1234 1501 τὸν
1263 1459 1344 1514 χόα
1820 1512 1823 1513 ⁷

559 1527 682 1584 αὐτῷ
713 1527 794 1581 σύ,
827 1531 984 1583 Κῶμε,
1016 1527 1093 1570 καὶ
1122 1526 1171 1569 τὸ
1202 1529 1400 1582 κυμβίον
1429 1527 1598 1583 φέρων.
1779 1529 1842 1572 νζ

563 1595 813 1651 Εὐριπίδης
841 1611 907 1645 τις
935 1595 1130 1651 τήμερον
1160 1594 1409 1649 γενήσεται.
1809 1636 1818 1649 ,.

399 1681 629 1720 Athenaeus
648 1681 713 1726 11,
733 1679 814 1718 482
833 1679 889 1717 od
908 1674 1148 1729 μνημονεύει
1165 1672 1431 1731 (Εὐριπίδου)
1452 1674 1518 1715 καὶ
1535 1651 1834 1731 Ἀναξανδρίδζ

287 1737 492 1789 Νηρηίσιν
510 1739 590 1775 κτλ.
681 1738 718 1776 1.
751 1731 809 1785 χό’
841 1735 892 1774 A.
981 1737 1019 1774 2.
1042 1733 1116 1784 σύ,
1147 1735 1266 1785 Κῶμε
1288 1733 1414 1784 (servi
1433 1746 1582 1772 nomen
1603 1731 1684 1783 est)
1706 1733 1801 1772 Me
1798 1751 1815 1755 ·

287 1792 469 1846 σύγκωμε
499 1795 547 1833 A.
605 1788 717 1845 αὐτῷ
747 1789 903 1842 φέρων,
943 1788 1144 1843 σύγκωμε,
1185 1788 1252 1828 καὶ
1283 1787 1325 1828 τὸ
1356 1789 1527 1841 κυμβίον
1555 1789 1702 1841 Bergk.
1731 1784 1795 1835 R.
1794 1798 1835 1849 5'

287 1853 372 1890 Att.
404 1851 457 1890 85
487 1853 574 1889 not.
663 1851 703 1888 3.
736 1846 912 1914 τήμερον
933 1848 1069 1886 Dindf.
1075 1848 1091 1899 ]
1123 1840 1829 1898 σήμερον.

400 1907 546 1946 Athen.
570 1908 635 1954 11,
657 1906 739 1944 482
757 1918 777 1944 c
806 1901 855 1943 οὐ
877 1899 946 1943 τὸν
965 1902 1150 1956 τραγικὸν
1178 1901 1282 1954 λέγει
1312 1897 1620 1970 (Εὐριπίδην
1639 1899 1742 1950 ’Έφι
1784 1894 1790 1899 ’

288 1959 422 2017 9.16)
451 1957 642 2014 ποιητήν,
682 1958 779 2000 ἄλλα
817 1975 905 1999 τινα
943 1957 1154 2012 ὁμώνυμον
1191 1956 1321 2013 αυτῷ,
1364 1957 1453 2009 ἤτοι
1483 1957 1671 2006 φίλοινόν
1699 1954 1802 1998 τινὰ
1825 1997 1828 2000 ,

286 2019 417 2059 αἰτίαν
448 2015 636 2073 (famam)
668 2016 807 2068 ε’χοντα
838 2014 885 2055 οὐ
916 2014 1114 2068 χρηστήν,
1145 2031 1201 2063 ως
1231 2025 1358 2065 φησιν
1384 2010 1583 2066 Ἀντίοχος
1614 2011 1635 2053 ὁ
1665 2006 1836 2054 ’Aac‘

287 2070 406 2127 δρεῦς
437 2074 480 2114 ἐν
510 2080 563 2129 τῷ
593 2073 681 2126 περὶ
711 2079 791 2113 τῶν
821 2071 862 2111 ἐν
893 2088 939 2127 τη
967 2071 1065 2126 μέσῃ
1094 2071 1278 2126 κωμῳδία
1308 2068 1631 2125 κωμῳδουμένων
1657 2084 1796 2123 ποιητ

292 2146 450 2172 versum
472 2135 496 2171 3
517 2131 686 2171 fortasse
705 2131 822 2170 alteri
841 2143 1032 2180 personae
1054 2130 1310 2168 tribuendum
1331 2141 1415 2167 esse
1435 2129 1514 2167 iam
1534 2128 1756 2167 Meinekins
1783 2123 1840 2168 12².

287 2190 446 2229 notavit
474 2190 518 2228 in
547 2189 610 2227 ed.
642 2189 734 2226 mai.

933 2252 1200 2286 ΟΔΤΣΣΕΤΣ

1040 2331 1095 2372 33

493 2412 584 2453 τῶν
615 2410 866 2464 ζωγράφων
895 2409 979 2464 μὲν
1008 2405 1035 2464 ἡ
1068 2406 1180 2464 καλὴ
1211 2409 1472 2463 χειρουργία

475 2478 545 2534 ,ἐν
575 2485 667 2528 τοῖς
696 2477 847 2528 πίναξι
878 2477 1133 2532 κρεμαμένη
1163 2473 1459 2529 θαυμάζεται,

492 2544 603 2600 αὕτη
634 2545 683 2588 δὲ
713 2547 886 2600 σεμνῶς
917 2544 967 2587 ἐκ
998 2544 1195 2593 λοπάδος
1223 2539 1462 2597 ἁρπάζεται

491 2611 578 2655 από
607 2616 690 2655 τοῦ
721 2612 920 2666 ταγήνου
949 2609 988 2653 τ’
1022 2609 1192 2660 εὐθέως
1221 2609 1493 2665 αφανίζεται.

438 2690 459 2721 5
491 2680 565 2723 ἐπὶ
594 2681 695 2722 τίνα
725 2677 770 2721 δ’
798 2672 883 2721 (ὁδ’
916 2677 1058 2734 ἄλλην
1088 2678 1270 2733 τέχνην,
1301 2693 1335 2719 ω
1367 2676 1528 2732 χρηστὲ
1559 2677 1642 2730 σύ,

491 2763 545 2790 τα
577 2747 772 2802 στόματα
801 2741 893 2789 τῶν
923 2744 1155 2800 νεωτέρων
1185 2743 1442 2799 κατακάετ’,
1473 2742 1504 2799 ἦ

493 2813 696 2870 ωθισμός
727 2813 820 2857 ἐστι
850 2814 1090 2856 δακτύλων
1119 2813 1358 2877 τοιουτοσὶ
