1864 3204
417 210 606 246 mAPIOI
630 210 846 245 ΣΔΤΤΡοι
870 227 915 235 -
938 208 1277 245 mmmmm·
1538 206 1620 250 461

689 313 979 350 ΚΟΝῙΣΔΑΟΣ

170 395 203 436 Ι.
225 409 260 436 ο.
293 396 461 436 daemon
492 395 714 436 Conisalus.
765 394 897 435 schol.
928 394 1053 435 Arist.
1083 394 1146 446 Ly
1148 408 1179 435 s.
1212 394 1293 434 982
1340 392 1496 445 δαίμων
1538 405 1624 446 πρι·

57 450 224 503 αποίδης
254 446 275 492 ὁ
309 450 538 500 Κονίσαλος.
569 452 703 493 Strab.
730 452 801 501 13,
825 453 906 492 588
939 447 1163 506 (Πρίαπος)
1193 448 1296 491 ἔοικε
1327 453 1409 498 τοῖς
1437 446 1626 496 Ἀττικοῖς

48 506 228 565 Ὀρθάνῃ
256 507 325 550 καὶ
355 506 560 564 Κονισάλῳ
591 506 659 548 καὶ
693 505 850 560 Τύχωνι
881 506 948 548 καὶ
977 510 1058 556 τοῖς
1089 503 1292 556 τοιούτοις.
1324 509 1373 548 cf.
1397 507 1500 548 Plat.
1522 516 1622 548 com.

0 614 4 619 ,
55 568 151 618 174,
175 569 226 608 13
258 568 300 607 et
327 580 429 618 quae
459 567 508 607 ad
537 567 623 607 eius
650 563 859 619 Ὀρθάνην
888 566 1182 606 adnotavimus.

807 675 865 719 20

598 756 780 808 πατάξω
810 753 851 798 τ’
877 759 978 799 ἴσον
1009 758 1090 814 ἴσῳ
1121 757 1352 812 ποτηρίοις

327 826 538 881 μεγάλοις
568 823 752 868 ἅπασαν
781 821 866 879 τὴν
896 821 1120 878 ἀλήθειαν
1152 822 1338 880 φράσαι.

169 921 399 960 Athenaeus
433 922 496 969 10,
519 919 633 959 430f
660 917 751 958 ἴσον
780 917 852 973 ἴσῳ
882 915 926 958 δὲ
960 919 1157 970 Τιμοκλῆς
1189 916 1233 957 ἐν
1266 915 1468 972 Κονισάλῳ
1495 917 1622 970 (κονι-

54 975 162 1032 σάδῳ
180 978 236 1028 Α)
256 978 338 1016 κτλ.
396 974 609 1025 παταξάτω
632 990 690 1023 τις
710 959 848 1016 Dindt‘z
879 976 1013 1016 nescio
1046 989 1125 1027 qua
1155 976 1204 1014 de
1235 989 1366 1016 causa.
1405 988 1623 1025 numquam

54 1018 212 1075 ored‘am
249 1031 467 1073 πατάσσειν
503 1034 606 1073 idem
648 1046 733 1073 esse
771 1045 888 1083 posse
925 1046 973 1072 ao
1006 1032 1242 1083 permovere.
1304 1045 1466 1083 prorsus
1506 1032 1626 1071 aliter

54 1091 323 1134 Eubu1.138.
374 1104 448 1134 scr.
480 1088 682 1141 μαλάξω
712 1084 855 1142 (αὐτὸν
884 1086 1002 1143 ὥστε)
1033 1088 1195 1142 φράσαι,

764 1213 910 1249 ΛΗΘΗ

807 1292 861 1334 21

257 1372 368 1428 μετὰ
399 1374 564 1415 τοῦτον
593 1370 713 1428 αὐτῷ
752 1369 1004 1427 Τηλέμαχος
1034 1369 1387 1426 συνετύγχανεν.

259 1439 335 1484 καὶ
364 1442 529 1484 τοῦτον
559 1439 877 1495 ἀσπασάμενος
906 1436 1047 1494 ἡδέως
1076 1436 1200 1481 πάνυ

260 1510 411 1552 ἔπειτα
442 1513 454 1532 ³
465 1508 637 1565 χρῆσόν
666 1523 742 1563 μοι
772 1506 854 1561 σύ,
886 1508 1022 1562 φησί,
1053 1505 1132 1558 τὰς
1161 1509 1327 1561 χύτρας

259 1575 311 1620 ἐν
341 1571 464 1620 αἷσιν
494 1573 606 1633 ἤψες
634 1574 741 1626 τοὺς
771 1575 1004 1630 κυάμους.’
1057 1573 1131 1617 καὶ
1162 1574 1303 1617 ταῦτά
1332 1590 1380 1617 τε

208 1655 228 1686 5
260 1648 410 1702 εἴρητο
441 1644 515 1688 καὶ
546 1644 768 1703 παριόντα
801 1644 1054 1687 Φείδιππον
1083 1642 1208 1686 πάνυ

258 1710 340 1757 τόν
374 1715 652 1771 Χαιρεφίλου
682 1713 927 1769 πόρρωθεν
958 1709 1136 1754 ἀπιδών
1166 1709 1246 1753 τὸν
1277 1709 1427 1767 παχύν

260 1780 506 1836 ἐπόππυσζ
538 1778 619 1824 εἶτ’
643 1779 854 1825 ἐκέλευσε
885 1780 1077 1836 πέμπειν
1107 1778 1351 1834 σαργάνας.

171 1877 398 1917 Athenaeus
429 1878 475 1926 9,
498 1877 580 1917 407
599 1876 624 1916 d
659 1877 911 1927 Τιμοκλῆς..
931 1871 1006 1914 ,ἐν
1044 1871 1214 1926 δράματι
1245 1871 1374 1928 Λήθῃ
1412 1872 1515 1925 φησί
1541 1876 1624 1913 κτλ.

55 1936 97 1973 4.
128 1927 241 1972 αἷσιν
268 1927 375 1985 ἦψες
406 1930 539 1987 (ἕψεις
571 1934 612 1973 in
643 1929 756 1987 Ath.)
786 1928 924 1984 Mein]
965 1945 990 1969 α
995 1925 1031 1978 ἴς
1062 1935 1254 1982 συνῆψας
1286 1932 1334 1970 A.
1424 1933 1462 1971 5.
1494 1929 1626 1982 εἴρητο

57 1989 187 2042 Pers}
225 1988 377 2043 εἴρηται
406 1992 456 2031 A.
544 1988 771 2029 Φείδιππον
799 1986 934 2041 Pors]
973 1987 1171 2038 φίλιππον
1198 1988 1249 2029 A.
1337 1985 1466 2041 πάνυ]
1503 1986 1626 2027 πάλιν

58 2047 181 2088 Mein.
231 2045 344 2087 πάνυ
373 2047 695 2098 coniungendam
726 2059 816 2087 cum
847 2043 1075 2099 πόρρωθεν.
1111 2068 1162 2074 -
1193 2045 1243 2085 ef.
1275 2045 1432 2084 Alexid.
1465 2046 1504 2084 6.
1528 2046 1625 2085 218.

58 2106 244 2145 extrema'
262 2117 343 2145 non
373 2105 500 2157 magis
530 2104 722 2155 intellego
754 2115 874 2154 quam
904 2103 953 2142 fr.
990 2103 1054 2154 14,
1076 2103 1117 2141 4.

687 2226 997 2262 ΜΑΡΑΘΩΝῙΟῙ

293 2383 402 2428 ὅσον
432 2384 482 2427 τὸ
511 2383 678 2442 μεταξὺ
711 2382 821 2439 μετά
855 2385 1066 2438 κορίσκης
1096 2381 1126 2438 ἢ
1155 2381 1266 2438 μετὰ

292 2451 571 2509 χαμαιτύπης
600 2450 686 2509 τὴν
716 2450 860 2495 νύκτα
892 2452 1159 2507 κοιμᾶσθαι,
1189 2451 1342 2506 βαβαί.

293 2517 320 2576 ἡ
352 2517 617 2576 στιφρότης,
649 2518 699 2562 τὸ
730 2521 907 2575 χρῶμα,
939 2520 1139 2574 πνεῦμα,
1171 2519 1406 2574 δαίμονες,

294 2588 344 2630 τὸ
374 2586 433 2645 μὴ
465 2585 629 2644 σφόδρ’
655 2584 770 2630 εἶναι
800 2585 940 2630 πάνθ’
962 2586 1138 2642 ἕτοιμα,
1170 2587 1269 2629 δεῖν
1300 2585 1352 2629 δέ
1377 2602 1419 2629 τι

242 2666 262 2697 5
295 2653 544 2710 ἀγωνιᾶσαι
574 2654 650 2698 καὶ
680 2654 964 2711 ῥαπισθῆναί
990 2670 1036 2698 τε
1067 2655 1142 2697 καὶ

295 2721 468 2779 πληγάς
499 2725 657 2779 λαβεῖν
686 2720 903 2767 ἁπαλαῖσι
933 2724 1102 2779 χερσίν.
1153 2725 1204 2765 Β.
1234 2718 1323 2778 ἡδύ
1352 2737 1403 2777 γε

295 2789 350 2847 νὴ
382 2789 463 2834 τὸν
492 2792 583 2834 Δία
612 2787 693 2834 τὸν
721 2791 946 2848 μέγιστον.

178 2876 405 2915 Athenaeus
437 2876 509 2926 13,
532 2874 647 2915 570f
681 2870 709 2926 ἢ
737 2871 906 2926 ἥδιστόν
937 2870 1022 2913 ἐστι’
1049 2884 1132 2925 σοι,
1165 2868 1221 2920 ὥς
1252 2869 1297 2912 ἕν
1327 2872 1625 2926 Μαραθωνίοις
