1864 3204
526 186 811 221 ΒοτὝΑΛιΩΝ
836 204 878 210 —
906 186 1213 221 nnererz
1572 183 1657 226 469

298 285 472 346 γυμνὰς
504 285 662 342 ἐφεξῆς
690 284 729 329 τ’
754 284 827 329 ἐπὶ
859 287 1000 342 κε’ρως
1029 286 1317 345 τεταγμένας·

294 351 362 401 ῶν
393 358 515 400 ἔστιν
547 353 847 410 ἐκλεξάμενον
876 348 908 412 ᾗ
937 370 1002 405 τις
1031 353 1210 411 ἥδεται,

296 427 456 481 λεπτῇ,
487 424 671 480 παχείᾳ,
703 422 983 479 στρογγύλῃ,
1015 424 1187 480 μακρᾷ,
1221 423 1377 480 ῥικνῇ,

294 493 396 551 νέᾳ,
429 493 621 548 παλαιᾷ,
652 491 912 547 μεσοκόπῳ,
945 491 1211 548 πεπαιτέρᾳ,

226 571 267 605 10
296 559 355 618 μή
389 562 583 616 κλίμακα
615 558 898 614 στησάμενον
928 559 1130 615 εἰσβῆναι
1162 558 1335 616 λάθρᾳ,

295 629 406 686 μηδὲ
438 626 501 672 δι’
525 624 636 684 ὀπῆς
667 623 874 670 κάτωθεν
906 628 1109 670 εἰσδῦναι
1140 629 1319 683 στέγης,

294 695 401 754 μηδ’
425 697 477 740 έν
506 692 744 752 ἀχύροισιν
775 696 1088 751 εἰσενεχθῆναι
1119 695 1262 751 τέχνῃ.

297 764 430 808 αὐταὶ
459 764 688 820 βιάζονται
717 762 804 819 γὰρ
836 764 1092 807 εἰσέλκουσί
1118 778 1188 818 τε,

295 831 402 883 τούς
430 832 514 888 μὲν
543 831 759 888 γέροντας
789 830 924 882 ὄντας
954 831 1306 887 ἐπικαλούμεναι

223 910 265 943 15
296 902 530 957 πατρίδια,
562 898 667 951 τούς
697 898 739 942 δ’
763 898 993 956 ἀπφάρια,
1025 899 1132 949 τούς
1161 900 1420 955 νεωτέρους.

295 969 370 1012 καὶ
399 966 535 1012 τῶνδ’
561 967 754 1024 ἑκάστην
785 970 908 1012 ἔστιν
938 965 1101 1023 ἀδεῶς,
1135 962 1347 1022 εὐτελῶς,

291 1036 403 1093 μεθ’
424 1035 611 1093 ἡμέραν,
643 1032 757 1091 πρὸς
787 1035 996 1091 ἑσπέραν,
1031 1031 1202 1086 πάντας
1231 1035 1448 1091 τρόπους·

291 1102 344 1157 ἃς
374 1104 419 1148 δ’
442 1102 541 1148 οὔτ’
565 1106 681 1148 ἰδεῖν
711 1102 803 1151 ἔστ’
826 1102 933 1147 οὗθ’
958 1099 1119 1159 ὁρῶντ’
1144 1104 1259 1147 ἰδεῖν
1290 1107 1469 1159 σαφῶς,

292 1172 362 1217 ἀεὶ
394 1173 443 1217 δὲ
474 1174 821 1228 τετρεμαίνοντα
853 1170 928 1215 καὶ
959 1171 1266 1228 φοβούμενον,

220 1251 266 1283 20
296 1242 478 1285 δεδιότα
510 1240 561 1284 έν
591 1243 645 1297 τῇ
676 1239 790 1296 χειρὶ
821 1237 904 1296 τὴν
934 1237 1086 1295 ψυχήν
1117 1241 1295 1295 ἔχοντα·

289 1308 345 1361 ἃς
374 1313 470 1361 πῶς
499 1307 618 1363 ποτ’,
649 1301 685 1351 ῶ
717 1308 933 1352 δέσποινα
964 1310 1126 1351 ποντία
1156 1306 1333 1363 Κύπρι,

290 1380 438 1434 βινεῖν
469 1377 712 1432 δύνανται,
743 1379 834 1420 τῶν
865 1376 1189 1433 Δρακοντείων
1221 1376 1374 1431 νόμων

290 1445 460 1490 ὁπόταν
490 1444 818 1502 ἀναμνησθῶσι
849 1444 1254 1500 προσκινούμενοι;

121 1548 123 1551 “
198 1541 428 1581 Athenaeus
451 1542 641 1591 13,569a
670 1537 829 1594 ἐπιτιμᾷ
860 1535 902 1577 δὲ
931 1537 998 1577 καὶ
1020 1536 1221 1589 Ξέναρχος
1253 1536 1297 1577 ἐν
1317 1536 1543 1592 Πεντάθλῳ
1574 1542 1654 1585 τοῖς

95 1629 104 1638 .
122 1628 132 1638 .
152 1628 161 1638 .
179 1595 446 1637 ἐσπουδακόσι
475 1594 565 1649 περὶ
597 1594 666 1644 τὰς
702 1595 1020 1647 μεγαλομίσθους
1051 1593 1208 1647 ἑταίρας
1239 1594 1305 1634 καὶ
1336 1593 1403 1642 τὰς
1435 1593 1650 1643 ἐλευθέρας

86 1660 166 1695 τῶν
201 1659 410 1707 γυναικῶν
447 1652 558 1693 ταυτὶ
589 1651 713 1704 λέγων
743 1655 825 1692 κτλ.
887 1666 925 1694 v.
949 1655 972 1692 9
1004 1652 1190 1692 Eustath.
1224 1653 1326 1701 883,
1350 1654 1403 1692 36
1435 1657 1573 1704 χρῆσις
1605 1650 1650 1691 δὲ

84 1716 156 1764 τῆς
194 1709 332 1760 λέξεως
372 1708 416 1750 ἐν
453 1715 505 1764 τῷ
545 1713 627 1750 κτλ.
688 1725 724 1750 ν.
755 1711 920 1749 13—15
960 1709 1143 1751 Eustath.
1177 1710 1279 1760 886,
1303 1710 1356 1748 34
1394 1703 1481 1748 οἷον
1518 1703 1652 1760 αὗται,

85 1766 214 1822 ἤγουν
244 1769 291 1808 αἱ
317 1766 532 1819 ἕταιρίδες,
571 1765 775 1820 βιάζονται
806 1766 1127 1805 εἰσελθοῦσαι
1157 1763 1251 1813 τοὺς
1281 1762 1356 1817 μὲν
1376 1788 1430 1794 -
1451 1764 1651 1818 πατρίδια,

85 1823 187 1877 ὅπερ
209 1823 288 1865 ἐστὶ
311 1823 492 1877 πατέρων
514 1821 796 1876 ὖποκορισμός,
829 1820 918 1869 τοὺς
947 1817 986 1860 δ’
1004 1845 1050 1850 -
1076 1820 1302 1873 νεωτέρους.
1359 1823 1463 1862 idem
1485 1823 1581 1872 565,
1596 1825 1650 1862 24

87 1881 130 1923 ἐκ
162 1888 233 1922 τοῦ
262 1877 380 1933 ἅπφα
407 1881 558 1933 γίνεται
587 1880 653 1920 καὶ
685 1879 725 1919 τὸ
755 1878 924 1930 ὀίπφιον,
955 1875 1205 1931 ὑποκόρισμα
1236 1876 1283 1918 ὂν
1314 1876 1523 1931 ἐρωμένης.
1613 1883 1652 1920 3.

86 1936 190 1979 ὅπου
220 1937 432 1990 παρουσῶν
465 1939 584 1978 Mein.
617 1940 658 1977 in
690 1939 783 1977 Ath.
854 1935 1070 1987 μειρακίων
1101 1937 1144 1976 C.
1212 1938 1251 1976 5.
1285 1938 1571 1988 ειληθερουσας
1602 1939 1649 1976 Α.

86 1992 216 2047 στέρν’
249 1992 576 2047 ἀπημφιεσμένας
608 1995 823 2046 Tyrwhitt.
856 1994 983 2044 Toup.
1017 2006 1084 2032 1111
1114 1991 1217 2044 419]
1252 2003 1422 2044 στερμνα
1461 1989 1495 2031 τ’
1524 1986 1650 2044 ἠμφμ

86 2051 254 2105 εσμένας
275 2054 325 2092 A.
386 2054 423 2092 6.
457 2050 648 2103 ἕπικέρως
669 2051 723 2103 V]
758 2049 970 2102 ἐπικαιρως
992 2051 1040 2092 Α.
1112 2052 1150 2089 7.
1181 2044 1209 2104 ᾗ
1239 2048 1314 2103 τις]
1346 2060 1432 2101 ητισ
1462 2050 1510 2092 Α,
1590 2052 1650 2090 10.

85 2109 255 2162 κλίμακα
287 2108 535 2160 στησάμενον
566 2105 705 2162 Mein]
743 2122 811 2146 και
840 2122 894 2157 μα
923 2105 1212 2158 καιτησάμενον
1243 2108 1290 2147 Α.
1374 2110 1439 2147 11.
1470 2106 1653 2145 εἰσδῦναι

86 2166 229 2218 Dobr.]
265 2164 428 2205 ἕκδυναι
456 2166 507 2205 A.
551 2163 833 2215 ἐκδυναστείης
865 2163 910 2203 C.
1002 2166 1067 2203 13.
1104 2158 1222 2202 admi
1262 2162 1405 2214 Dobr.]
1449 2156 1569 2202 αὗται
1602 2166 1650 2203 Α.

89 2226 154 2264 15.
184 2222 393 2275 δαπφαρια
426 2224 472 2262 A.
550 2224 613 2262 16.
647 2219 821 2271 ἑκάστην
850 2217 1100 2273 Daleeamp.]
1132 2218 1299 2258 ἕκαστον
1330 2221 1377 2260 A.
1461 2222 1528 2259 17.
1565 2217 1649 2270 τρό-

85 2289 207 2327 πους·
235 2278 241 2333 j
267 2277 316 2327 ὁίς
347 2277 397 2332 Ρ]
439 2289 660 2331 τροπουσας
693 2280 740 2318 A.
832 2279 895 2316 18.
929 2274 996 2322 τὰς
1026 2273 1064 2313 δ’
1098 2277 1248 2316 Iacobs.
1337 2273 1481 2328 ὁρῶντ’
1506 2272 1651 2327 ἀθρεῖν

83 2341 222 2386 σαφῶς
254 2337 402 2375 Nauck.
424 2336 570 2375 Philol.
594 2335 651 2374 VI
671 2336 767 2374 420.
837 2332 1012 2372 ουτιδειν
1042 2329 1122 2371 ἔστ’
1138 2329 1454 2384 οὐθορῶντιδειν
1475 2335 1522 2372 Α.
1588 2336 1649 2373 19.

86 2391 165 2432 αιέὶ
194 2394 244 2432 A.
316 2391 612 2444 τετρεμαίνοντα
633 2389 731 2444 VL]
763 2387 1042 2442 τετραμένοντα
1064 2390 1113 2431 A.
1181 2390 1247 2428 20.
1279 2390 1386 2428 delet
1416 2390 1538 2428 Mein.
1607 2387 1652 2428 ἕν

86 2447 185 2501 χειρὶ
214 2446 287 2500 τὴν
318 2447 457 2500 ψυχὴν
486 2446 637 2498 ἔχοντα,
669 2446 826 2487 δεδιότα
857 2447 993 2486 Dindf.
1067 2443 1227 2498 ψυχὴν]
1259 2459 1335 2485 scr.
1356 2443 1545 2496 ψωλὴν.
1598 2448 1647 2485 cf.

85 2507 210 2548 Arist.
240 2507 316 2546 Av.
346 2508 440 2546 560.
490 2505 596 2546 Nub.
632 2506 728 2544 734.
779 2507 871 2554 post
907 2517 944 2543 v.
975 2504 1030 2542 20
1068 2515 1205 2542 versus
1245 2502 1391 2541 excidit
1422 2503 1513 2541 talis
1544 2503 1644 2542 fere:

86 2561 231 2610 ταύτας
270 2557 459 2601 διώκουσ’
490 2556 706 2600 ἀναπεσεῖν
743 2556 982 2610 ἱκνούμενοι.
1073 2561 1140 2599 23.
1182 2557 1536 2609 προσκινούμενοι,
1567 2572 1647 2598 non

85 2632 115 2658 π
163 2629 292 2670 σκυν.,
323 2620 371 2659 A.

116 2632 161 2672 ρο
202 2678 240 2716 3.
271 2676 372 2715 nihil
402 2675 582 2726 sequitur
611 2686 688 2724 quo
718 2670 819 2712 ὅπου
848 2673 1059 2721 referatur,
1091 2673 1159 2712 sed
1190 2684 1349 2723 prorsus
1379 2674 1533 2710 mutata
1563 2685 1648 2711 ora-

86 2734 194 2772 tione
224 2746 263 2773 v.
294 2733 346 2771 18
384 2728 434 2778 ιῖς
472 2727 509 2770 δ’
541 2727 625 2769 οὔτ’
657 2729 757 2769 ἰδεῖν
787 2731 868 2769 κτλ.
958 2732 995 2769 6.
1028 2730 1147 2768 etiam
1179 2729 1324 2767 Eubul.
1358 2730 1423 2778 67,
1446 2729 1486 2767 4.
1580 2731 1645 2769 11.

87 2787 224 2841 στέγης
261 2789 410 2839 pendet
446 2801 470 2828 a
508 2787 705 2826 κάτωθεν.
767 2787 913 2826 frustra
951 2790 1089 2836 στενῆς
1122 2786 1239 2824 Mein.
1273 2785 1390 2823 Anal.
1421 2784 1517 2824 Ath.
1550 2784 1644 2833 357,

88 2846 326 2898 ‘angustam
371 2845 493 2884 cellae
538 2844 815 2884 subterraneae
860 2842 1095 2882 fonestram’
1137 2842 1214 2881 diei
1244 2842 1487 2881 existimans.
1580 2843 1645 2881 12.
