1864 3204
373 185 788 221 ΠΑΡΑΚΑΤΑΘΗΚΗ
813 203 858 210 —·
883 184 1119 219 ΣΩΤΑΔΟΤ
1145 185 1290 219 ΕΓΚΛ.
1525 183 1607 226 447

576 287 783 323 ΑΔΗΛΩΝ
807 287 1071 322 ΔΡΑΜΔΤΩΝ

811 366 837 409 8

345 443 370 488 ὀ
399 443 546 501 πατὴρ
578 442 603 488 ὁ
631 445 796 501 ταύτης
825 442 944 488 πολὺ
973 444 1180 500 μέγιστός
1211 444 1306 488 ἐστι

341 514 468 570 κριὸς
499 513 749 570 ἐρέβινθος.

155 597 384 638 Athenaeus
415 598 461 645 2,
483 597 575 637 54f
612 594 864 648 Θεόφραστος
902 592 942 634 δ’
976 594 1020 635 ἐν
1058 599 1242 647 φυτικοῖς
1272 601 1352 636 τῶν
1382 594 1607 649 ἐρεβίνθων

40 650 154 702 τινὰς
182 656 298 694 καλεῖ
323 652 492 706 κρείους.
529 651 597 693 καὶ
627 652 815 704 Σώφιλος
844 654 925 693 κτλ.
976 653 1212 694 Eustathius
1235 655 1330 704 948,
1343 654 1396 694 46
1429 652 1605 706 ἐλέγοντο

41 708 88 751 δέ
116 724 220 759 τινες
249 709 451 764 ἐρέβινθοι
482 709 548 750 καὶ
577 713 723 764 κρεῖοι,
765 711 861 757 ἴσως
890 706 945 758 ὥς
975 706 1155 763 μεγάλοι,
1194 706 1415 762 ὁμωνύμως
1446 711 1500 764 τῷ
1530 726 1603 763 μυ-

40 765 251 823 θευομένῳ
281 767 424 835 Κρείῳ.
520 769 559 808 2.
590 765 700 820 κριὸς
730 769 852 808 Mein.
887 768 948 810 ed.
979 766 1090 821 mai]
1121 770 1262 818 κρεῖος.
1325 768 1523 819 Theophr.
1554 769 1606 808 H.

0 868 1 875 ἵ
39 825 96 876 pl.
114 826 154 877 8,
165 826 203 875 5,
217 828 239 865 1
270 824 372 878 κριοὶ
392 821 598 878 ὀροβιαῖοι.
637 825 786 865 Athen.
805 826 843 876 2,
862 825 952 864 551³
974 824 1015 863 οἱ
1027 823 1221 876 Μιλήσιοι
1238 821 1461 879 (ἐρέβινθοι
1481 824 1606 878 κρείτ-

41 881 155 935 τους)
194 887 276 922 τῶν
309 881 530 935 λεγομένων
566 881 724 933 κρείων.
783 878 893 933 κριός
933 895 1066 923 veram
1105 883 1278 922 nominis
1318 883 1484 922 formam
1524 895 1607 923 esse

40 940 295 991 cognoscitur
331 953 377 980 ex
409 939 512 979 Plin.
542 940 594 979 N.
623 940 662 979 h.
701 940 868 990 18,124
907 943 961 979 est
990 941 1094 979 enim
1124 935 1264 993 (cicer)
1292 941 1458 979 arietino
1488 942 1609 989 capiti

41 998 184 1043 simile,
221 998 327 1037 unde
355 999 412 1037 ita
443 993 488 1050 (i.
511 1010 547 1036 e.
579 990 708 1048 κριός)
739 997 950 1046 adpellant.
1001 996 1234 1036 obscaenam
1272 997 1607 1048 significationem

42 1054 201 1094 subesse
231 1054 423 1094 indicavit
451 1054 686 1093 Meinekius.
720 1054 770 1093 cf.
803 1053 928 1093 Arist.
959 1054 1059 1093 Rau.
1091 1054 1185 1093 545.
1225 1056 1318 1093 sunt
1347 1054 1607 1094 iambicmum

42 1113 112 1150 aut
139 1113 296 1151 tetram.
327 1114 414 1161 aut,
446 1111 479 1150 si
510 1124 600 1151 cum
632 1111 751 1150 Mein.
784 1107 865 1149 ἔστι
893 1108 969 1162 γὰρ
1001 1111 1168 1162 scribas,
1201 1112 1309 1150 trim.
1341 1111 1549 1162 reliquiae.

814 1222 841 1264 9

156 1305 384 1344 Athenaeus
405 1306 568 1356 4‚158a
598 1301 836 1374 τραγικὸν
865 1302 955 1357 γὰρ
984 1300 1011 1354 ἡ
1042 1308 1176 1354 φακῆ
1202 1300 1344 1355 ’στιν,
1375 1300 1607 1357 ’Λρχαγα-

41 1362 140 1408 θος
184 1359 276 1412 ἔφη
318 1374 379 1401 πο
422 1360 734 1414 γεγραφέναι
775 1357 1016 1414 ῥοφοῦντ’
1058 1358 1291 1426 Ὀρέστην
1334 1365 1416 1412 τῆς
1459 1361 1608 1401 νόσου

17 1427 20 1430 “
42 1416 386 1488 πεπαυμένον,
414 1416 512 1470 φησὶ
543 1416 729 1469 Σώφιλος
766 1415 788 1457 ὁ
824 1413 1134 1472 κωμῳδιοποιός.
1185 1419 1241 1458 sic
1278 1420 1326 1460 A.
1375 1414 1608 1471 ἆρχοὶγαθος

41 1471 120 1526 ἔφη
150 1490 199 1526 ης
230 1473 298 1514 καὶ
328 1474 470 1525 ῥοφεῖν
500 1475 543 1516 Ο.
595 1476 752 1515 videtur
780 1479 899 1526 poeta
928 1489 1009 1515 non
1039 1475 1284 1527 Archagathi
1313 1476 1506 1525 alicuius,
1538 1477 1607 1516 sed

43 1532 291 1572 celeberrimi
320 1533 486 1583 pictoris
505 1532 747 1583 Ayatharchi
775 1534 951 1572 tabulam
981 1533 1155 1583 aliquam
1185 1533 1348 1572 aliunde
1371 1546 1450 1572 non
1474 1533 1608 1584 cogni-

41 1591 125 1628 tam
154 1590 365 1639 respicere,
398 1603 476 1640 qua
498 1589 658 1630 Orestes
687 1591 843 1629 insania
872 1591 1064 1629 liberatus
1089 1590 1477 1640 repraesentabatur.
1510 1590 1607 1629 Mei-

41 1646 182 1686 nekius
213 1659 259 1684 ex
289 1649 402 1697 parte
433 1647 658 1687 Dobraeum
690 1650 850 1687 secutus

203 1707 389 1766 τραγικὸν
417 1710 443 1765 ἡ
475 1719 587 1765 φακῆ
613 1711 727 1763 ’στιυ,
759 1707 808 1765 ἧς
839 1714 909 1753 καί
935 1724 1062 1765 φασιν
1088 1710 1344 1767 Ἀγάθαρχόν
1372 1727 1466 1754 ποτε

202 1769 443 1823 γεγραφέναι
472 1768 663 1823 ῥοφοῦντ’
694 1768 881 1822 Ὀρέστην
910 1776 980 1823 τῆς
1014 1770 1136 1811 νόσου
1165 1769 1435 1822 πεπαυμένον.

43 1838 113 1877 sed
143 1838 312 1879 fortasse
342 1842 436 1879 sunt
466 1840 655 1879 trimetri.
688 1837 876 1892 τραγικὸν
896 1854 1006 1891 φακη
1024 1836 1112 1878 ”σθ
1119 1868 1132 1891 ,
1161 1834 1210 1892 ἧς
1232 1836 1335 1889 φασ’
1356 1836 1609 1892 Ἀγάθαρχον

42 1892 283 1947 γεγραφέναι
308 1893 315 1949 1
342 1892 537 1948 ῥοφοῦντ’
565 1891 753 1949 Ορέστην
781 1898 862 1937 κτλ.

158 1975 234 2022 Qui
262 1975 305 2014 in
335 1974 496 2015 Stobaei
526 1975 710 2027 Append.
743 1976 987 2016 F101i1.1111
1019 1978 1071 2016 29
1103 1976 1227 2016 Gais.f
1261 1976 1426 2027 Sophilo
1458 1974 1606 2030 (Σοφί-

44 2029 133 2082 λου)
163 2031 398 2071 tribuuntur
427 2035 617 2083 quattuor
646 2046 831 2073 versuum
872 2046 962 2072 cum
993 2033 1070 2073 duo
1101 2035 1255 2084 priores
1285 2034 1366 2073 sint
1398 2034 1606 2100 Sophoclis

47 2086 361 2137 OC.810.11‚
405 2091 525 2130 ceteri
555 2103 712 2140 quoque
743 2090 949 2141 Sophoclis
978 2091 1064 2130 sine
1095 2091 1218 2130 dubio
1248 2093 1357 2131 sunt.
1417 2093 1601 2142 quocirca

42 2157 124 2184 non
153 2145 353 2196 exscripsi.

586 2326 629 2374 Σ
653 2327 704 2374 Ω.
729 2327 773 2375 Τ
798 2327 843 2375 A
869 2329 912 2375 Δ
936 2321 988 2376 Η
1012 2329 1055 2376 Σ

660 2419 831 2457 Meinek.
854 2419 874 2457 1
895 2420 992 2458 426.

635 2529 1014 2564 ΕΓΚΛΗῙΟΜΕΝΑῙ

157 2591 466 2647 Ἐγκλειόμενοι
496 2598 665 2638 Bekker.
697 2599 848 2639 Anecd.
883 2601 974 2649 102,
997 2601 1063 2639 28.

812 2700 832 2740 l

318 2775 506 2829 καρῖδας
535 2776 695 2829 ἔλαβον
726 2778 921 2832 πρῶτον,
952 2774 1257 2832 ἀπεταγήνισα

317 2841 481 2892 ταύτας
509 2840 695 2893 ἁπάσας.
746 2843 906 2898 γαλεὸς
936 2847 1139 2899 εἴληπται
1169 2847 1332 2900 μέγας,
