1864 3204
258 203 340 246 190
891 205 1168 240 ETBOTAOT

775 307 1027 342 ΟΙΝΟΜΑΟΣ
1051 309 1087 340 Η
1111 307 1298 341 ΠΕΛΟΨ

1005 386 1058 428 73

908 472 1175 519 περιφοραῖς
1204 463 1538 518 κυκλούμενος,

525 529 674 586 ω’σπερ
705 529 917 580 κυλιστὸς
947 532 1169 585 στέφανος

370 626 597 664 Athenaeus
628 626 694 672 15,
719 625 798 664 678
814 625 834 663 f
866 621 1105 675 μνημονεύει
1143 621 1182 662 δ’
1216 621 1343 663 αὐτου
1382 621 1472 678 (τοῦ
1509 626 1695 662 κυλιστοῦ
1724 633 1807 662 στε-

257 680 405 732 φάνου)
437 679 646 732 Εὔβουλος
671 678 722 719 ..ἐν
752 678 938 734 Οἰνομάῳ
966 677 995 731 ἦ
1024 679 1176 719 Πέλοπι
1204 683 1285 719 κτλ.
1335 681 1569 720 Eustathius
1602 682 1732 731 1538,
1753 681 1808 719 42

257 735 360 789 (sine
389 738 548 777 fabulae
577 734 812 791 nomine).
868 740 906 775 1.
937 741 1171 789 περιφοραῖς
1202 751 1278 776 om.
1313 738 1427 776 Euat.
1517 739 1555 776 2.
1586 733 1720 786 ὥσπερ
1751 751 1809 783 τις

256 795 370 834 Eust.
413 816 463 822 -—
502 795 672 834 fortasse
708 794 998 844 intellegendus
1030 793 1255 833 Oenomaus
1286 794 1328 832 in
1358 794 1570 832 certamine
1599 806 1717 832 curru
1747 807 1809 833 ex-

257 864 408 890 cussus.
459 851 507 889 cf.
539 851 729 900 Archipp.
761 851 829 889 40.

957 961 1108 995 OABIA

1007 1039 1062 1081 74

373 1119 423 1161 ἐν
454 1120 515 1174 τῷ
543 1116 631 1172 γὰρ
663 1114 784 1173 αὐτῷ
814 1113 954 1159 πάνθ’
980 1114 1093 1172 ὁμοῦ
1122 1116 1379 1171 πωλήσεται

374 1186 424 1228 ἐν
454 1192 548 1234 ταῖς
573 1183 801 1239 Ἀθήναις·
834 1186 951 1226 σῦκα
981 1210 1036 1215 -
1069 1187 1117 1227 B.
1149 1186 1365 1240 κλητῆρες
1394 1186 1450 1227 Α.
1482 1185 1670 1240 βότρυς,

371 1253 659 1307 γογγυλίδες,
692 1250 840 1307 ἄπιοι,
871 1255 990 1306 μῆλα
1021 1276 1073 1283 -—
1103 1255 1153 1294 Β.
1185 1251 1409 1308 μάρτυρες
1438 1258 1492 1295 A.
1524 1252 1658 1308 ῥόδα,

355 1320 583 1380 μέσπιλα,
615 1316 766 1375 χόρια,
798 1319 1035 1374 σχαδόνες,
1068 1319 1295 1374 ἐρέβινθοι
1326 1345 1376 1350 -
1409 1323 1459 1362 Β.
1489 1320 1611 1362 δίκαι

321 1397 341 1427 5
374 1391 427 1430 A.
459 1387 594 1441 πυός,
626 1387 846 1442 πυριάτη,
876 1387 1023 1442 μύρτα
1053 1413 1107 1418 -
1135 1390 1187 1429 Β.
1218 1386 1501 1443 κληρωτήρια

371 1461 423 1498 A.
454 1452 695 1509 ὑάκινθος,
726 1453 862 1508 ἄρνες
890 1481 945 1485 -
974 1457 1023 1497 Β.
1056 1454 1328 1510 κλεψύδραι,
1359 1453 1512 1510 νόμοι,
1543 1456 1729 1509 γραφαί.

371 1550 597 1588 Athenaeus
630 1549 700 1598 14,
724 1548 840 1587 640b
878 1544 932 1594 ὡς
969 1544 990 1586 ὁ
1023 1546 1227 1600 Εὔβουλος
1257 1545 1300 1586 ἐν
1325 1544 1462 1601 Ὀλβίᾳ
1492 1546 1568 1599 ἔφη
1597 1550 1678 1587 κτλ.
1766 1549 1808 1588 2.

256 1611 373 1656 σῦκα,
402 1608 588 1657 κλητῆρες
617 1606 796 1644 Pierson.
828 1606 949 1643 Moer.
971 1604 1070 1657 368]
1103 1601 1150 1642 οὐ
1181 1605 1423 1655 κακλητηρες
1452 1606 1502 1644 A.
1569 1605 1610 1644 4.
1632 1606 1671 1644 5.
1703 1602 1812 1643 ὁικαι

257 1675 356 1709 πυος
387 1675 557 1714 πυριατη
588 1663 671 1701 sine
702 1663 863 1700 accentu
893 1662 942 1699 A.
973 1662 1015 1700 in
1035 1674 1295 1711 personarum
1314 1662 1520 1700 notatione
1542 1663 1702 1700 secutus
1721 1673 1808 1700 sum

259 1720 518 1769 Toeppelium
551 1717 709 1768 (Progr.
741 1718 887 1756 Neobr.
921 1718 1045 1766 1851,
1078 1719 1129 1756 12
1151 1715 1268 1770 noh).
1300 1718 1351 1756 cf.
1373 1718 1499 1757 Arist.
1521 1718 1628 1757 Plut.
1651 1718 1734 1756 190
1750 1730 1809 1767 sq.

373 1778 410 1814 1.
442 1775 555 1814 verbi
585 1770 807 1822 πωλήσεται
837 1787 966 1824 neque
985 1776 1142 1824 tempus
1163 1787 1290 1824 neque
1311 1774 1440 1813 forma
1458 1774 1678 1824 probanda.
1718 1774 1812 1812 scri-

258 1833 431 1870 bendum
461 1827 655 1869 πωλεῖτ’
679 1826 769 1869 ἀεί.
809 1831 857 1868 cf.
892 1831 1097 1880 Aristoph.
1128 1831 1178 1869 fr.
1210 1831 1304 1869 569.
1395 1832 1434 1868 5.
1463 1831 1513 1869 cf.
1546 1830 1672 1869 Arist.
1685 1830 1808 1879 Vesp.

259 1890 354 1927 710.
401 1888 552 1927 Oratin.
587 1888 679 1926 142.

922 1975 1153 2009 ΟΡΘΑΝΗΣ

375 2057 434 2095 Of.
467 2057 673 2106 Aristoph.
707 2057 753 2094 fn.
786 2057 881 2095 702.
923 2056 1027 2094 Plat.
1060 2068 1157 2094 com.
1191 2056 1283 2103 174,
1309 2056 1372 2093 12.
1412 2054 1543 2093 Strab.
1574 2056 1644 2103 13,
1667 2056 1763 2094 587.
1785 2057 1810 2094 8

259 2109 482 2170 ἀπεδείχθη
513 2111 557 2150 δὲ
586 2110 681 2158 θεὸς
713 2108 753 2166 (ὁ
788 2109 990 2179 Πρίαπος)
1021 2107 1102 2149 υπὸ
1123 2116 1203 2149 τῶν
1223 2108 1441 2156 νεωτέρων·
1475 2106 1569 2150 οὐδὲ
1588 2108 1663 2180 γὰρ
1679 2107 1808 2150 Ἡσίο-

260 2169 328 2215 δος
359 2163 440 2206 οἶδε
471 2167 540 2206 τὸν
571 2168 769 2220 Πρίαπον,
800 2161 884 2206 ἀλλ’
910 2166 1011 2206 εὀικε
1042 2170 1123 2214 τοῖς
1153 2164 1325 2213 άττικοῖς
1353 2162 1566 2220 Ὀρθάνῃ
1595 2181 1662 2205 και
1691 2169 1810 2206 Κονι-

260 2224 366 2294 σαλῳ
405 2223 471 2263 καὶ
513 2223 669 2275 Τύχωνι
703 2223 770 2263 καὶ
806 2227 888 2270 τοῖς
924 2219 1130 2270 τοιούτοις.
1185 2224 1355 2274 Hesych.
1397 2207 1686 2275 Ὀρ[η]θάνης·
1732 2223 1812 2263 τῶν

259 2278 339 2320 υπὸ
379 2278 565 2332 Πρίαπὸν
605 2279 685 2319 ε’στι
722 2280 845 2330 θεῶν,
884 2279 950 2319 καὶ
987 2277 1108 2327 αὐτὸς
1147 2277 1402 2330 ἐντεταμένον
1438 2278 1536 2330 ἔχων
1572 2277 1615 2318 τὸ
1645 2279 1809 2319 αἰδοῖον.

260 2334 633 2388 Ρ]]ο1;.Ὀρθα’νης·
676 2336 914 2406 πριαπωδης
953 2334 1073 2383 θεός·
1121 2334 1336 2375 ε’ντέτεκται
1375 2334 1495 2387 ἕρμοῦ
1531 2333 1601 2374 καὶ
1637 2334 1810 2387 νύμφης.

259 2395 422 2433 Person.
461 2391 682 2432 ἐντέτακται
716 2390 840 2447 Ἑρμῇ
877 2391 945 2431 καὶ
984 2391 1195 2444 Νύμφαις.
1245 2394 1342 2431 mihi
1379 2393 1512 2442 potius
1541 2393 1728 2431 Mercurii
1764 2405 1811 2432 ex

260 2451 447 2500 Nympha
477 2451 609 2500 aliqua
638 2450 763 2488 filium
794 2463 879 2489 esse
908 2450 1074 2489 Photius
1106 2450 1233 2495 dicere
1265 2450 1434 2488 videtur.

954 2635 1120 2680 πᾶσαδ’
1143 2634 1369 2690 εὔμορφος
1396 2633 1512 2690 γυνὴ

508 2705 657 2759 ἐρῶσα
688 2706 822 2760 φοιτᾷ
854 2704 1062 2758 τηγάνων
1093 2719 1140 2746 τε
1171 2705 1408 2757 σύντροφα

506 2771 1012 2826 τριβαλλοπανόθρεπτα
1042 2771 1337 2826 μειρακύλλια
1352 2785 1360 2793 ·

508 2837 618 2895 ὁμοῦ
649 2839 698 2881 δὲ
727 2840 881 2888 τευθὶς
911 2838 985 2880 καὶ
1018 2837 1249 2894 Φαληρικὴ
1284 2838 1395 2891 κόρη
