1864 3204
0 0 126 318 Γ
374 223 560 258 ΚΟΤΡῙΣ
586 244 626 251 -
652 222 915 258 ΚΡΔΊῈΤΑΣ
938 222 974 256 Η
998 221 1416 257 ΦΑΡΜΑΚΟΠῼΑΗΣ
1583 219 1667 263 335

103 328 192 380 quis
228 327 351 368 suerit
381 327 571 368 Crateuas
606 329 851 379 ignoramus.
911 326 1108 366 medicum
1147 325 1271 366 fuisso
1309 325 1532 364 Meinokius
1573 337 1663 365 con-

102 384 229 425 eludit
258 398 305 425 ex
335 385 385 425 fr.
420 386 520 435 112,
558 397 636 435 quo
666 385 792 436 ipsius
823 384 946 425 verba
974 383 1168 424 contineri
1198 385 1345 422 monet.
1389 377 1666 433 Ῥιζοτομικῶν

27 491 30 497 ι
101 442 335 493 scriptorem
366 454 447 482 non
479 442 600 482 fuisse
630 441 748 482 docet
776 442 795 481 I
818 443 915 482 389.
966 441 1013 481 de
1044 440 1323 491 chronologiae
1354 438 1663 479 difficultatibus

101 496 248 551 Bergk.
281 499 382 539 Mus.
412 498 540 539 Rhon.
571 498 719 537 XXXV
749 500 833 540 260
852 511 911 549 sq.

846 612 865 651 1
875 610 927 651 10

308 691 491 744 πρῶτον
519 688 604 744 μὲν
634 680 719 730 οὖν
750 686 933 742 ὄστρεια
963 683 1085 742 παρὰ
1115 688 1265 742 Νηρεῖ
1292 700 1392 728 τινα

307 754 421 799 ι’διτῖν
449 756 627 811 γέροντι
659 758 804 812 φῦκος
832 753 1115 812 ἠμφιεσμένα
1146 798 1149 800 ,

308 826 473 880 ἔλαβον
504 823 683 880 ἐχίνους
710 822 771 866 τ’·
804 826 898 867 ἔστι
928 820 1016 878 γὰρ
1047 823 1287 882 προοίμιον

308 894 497 936 δείπνου
527 892 768 948 χαριέντως
797 893 936 934 ταῦτα
966 890 1411 946 πεπρυτανευμένου.

255 971 276 1002 5
305 961 481 1004 τούτων
512 959 553 1003 δ’
582 959 852 1013 ἀπολυθείς,
884 958 1105 1014 κειμένων
1136 959 1357 1013 ἰχθυδίων

308 1031 497 1085 μικρῶν,
528 1027 786 1084 τρεμόντων
815 1031 878 1085 τῷ
907 1027 999 1071 δέει
1029 1028 1076 1070 τί
1102 1029 1326 1080 πείσεται,

306 1101 501 1154 θαρρεῖν
531 1095 748 1147 κελεύσας
776 1095 897 1140 ἕνεκ’
921 1097 1031 1152 ἐμοῦ
1059 1093 1203 1148 ταῦτ’,
1236 1089 1343 1137 οὐδὲ
1375 1095 1424 1137 ἓν

308 1166 457 1222 φήσας
487 1163 738 1220 ἀδικήσειν,
771 1164 996 1220 ἐπριάμην
1026 1165 1228 1219 γλαῦκον
1257 1162 1411 1217 μέγαν.

309 1235 460 1277 ἔπειτα
490 1233 668 1288 νάρκην
697 1235 876 1288 ἔλαβον,
910 1231 1253 1288 ἐνθυμούμενος
1327 1243 1330 1247 ’

240 1310 283 1342 10
314 1300 380 1344 ὅτι
410 1302 483 1345 δεῖ
507 1299 723 1357 γυναικὸς
754 1300 1058 1356 ἐπιφερούσης
1089 1300 1345 1349 δακτύλους

308 1367 512 1421 ἁπαλούς
541 1367 620 1413 ὑπ’
643 1368 850 1426 ἀκάνθης
879 1369 991 1425 μηδὲ
1022 1369 1072 1412 ἓν
1102 1367 1280 1410 τούτων
1309 1370 1491 1413 παθεῖν,

311 1437 383 1481 ἐπὶ
412 1437 462 1482 τὸ
493 1440 692 1494 τάγηνον
722 1438 942 1493 φυκίδας,
974 1437 1142 1493 ψήττας
1171 1435 1318 1489 τινάς,

306 1507 494 1563 καρῖδα,
526 1506 696 1562 φύκην,
727 1505 912 1561 κωβιόν,
943 1503 1133 1561 πέρκην,
1165 1502 1358 1558 σπάρον,

310 1573 504 1630 ἐποίησά
534 1573 577 1616 τ’
598 1572 710 1617 αὐτὸ
739 1574 1067 1628 ποικιλώτερον
1096 1565 1203 1615 τααῖ.

239 1651 281 1683 15
311 1640 484 1699 κρεάδι’
508 1641 638 1697 ἄττα,
670 1640 885 1697 ποδάρια,
919 1640 1061 1697 ῥύγχη
1091 1638 1216 1694 τινά,

310 1708 466 1766 ὠτάρι’
489 1707 594 1765 ὕει’,
625 1709 818 1767 ἡπάτιον
848 1707 1268 1765 ἐγκεκαλυμμένον·

311 1778 570 1834 αἰσχύνεται
600 1778 686 1834 γὰρ
717 1776 930 1821 πελιτνόν
960 1772 1014 1820 ὂν
1043 1779 1104 1834 τῷ
1135 1775 1347 1832 χρώματι.

310 1847 481 1898 τούτοις
510 1846 722 1903 μάγειρος
752 1844 808 1890 ού
838 1843 1062 1902 πρόσεισ’,
1096 1843 1179 1887 οὐκ
1211 1843 1379 1896 ὄψεται.

312 1914 543 1971 οἰμώξεται
573 1914 659 1970 γὰρ
691 1913 745 1971 νή
778 1912 880 1958 Δί’·
914 1911 1014 1957 ἀλλ’
1040 1911 1126 1968 ἐγώ
1159 1914 1311 1967 σοφῶς

239 1991 284 2023 20
312 1981 441 2026 ταῦτ’
462 1982 745 2039 οἰκονομήσω
776 1981 851 2026 καὶ
880 1985 1127 2038 γλαφυρῶς
1163 1981 1240 2024 καὶ
1270 1983 1485 2031 ποικίλως

313 2049 454 2106 οὕτω,
485 2054 600 2094 ποιῶ
632 2050 718 2107 γὰρ
747 2049 922 2101 τοῦψον
951 2047 1108 2106 αὐτός,
1141 2048 1254 2092 ὥστε
1284 2046 1389 2100 τούς

312 2119 611 2170 δειπνοῦντας
640 2120 704 2170 εἰς
733 2117 786 2163 τά
819 2117 1005 2162 λοπάδι’
1026 2116 1266 2174 ἐμβάλλειν
1296 2120 1410 2160 ποιῶ

315 2187 459 2230 ἐνίοτε
490 2185 595 2238 τοὺς
623 2185 811 2238 ὀδόντας
840 2185 931 2231 ὑπὸ
961 2190 1038 2243 τῆς
1066 2185 1246 2242 ἡδονῆς.

311 2252 390 2306 τας
419 2257 661 2306 σκευασίας
689 2256 875 2298 πάντων
905 2255 955 2298 δὲ
986 2253 1060 2297 καὶ
1091 2253 1171 2304 τὰς
1199 2252 1436 2304 σκευάσεις

240 2332 284 2364 25
314 2322 488 2366 τούτων
517 2322 691 2378 ἕτοιμός
721 2324 810 2378 εἰμι
840 2321 1086 2377 δεικνύειν,
1119 2323 1282 2377 λέγειν,

313 2398 478 2445 προῖκα
508 2391 849 2445 προδιδάσκειν,
881 2406 939 2433 αν
965 2391 1080 2447 θέλῃ
1112 2405 1178 2440 τις
1207 2390 1476 2445 μανθάνειν.

222 2485 451 2525 Athenaeus
481 2486 519 2535 3,
544 2483 828 2533 ιοῖαἎλεξις
860 2482 904 2523 ἐν
925 2483 1120 2551 Κρατεύα
1152 2482 1330 2538 (κρατείᾳ
1359 2482 1415 2535 A)
1444 2499 1470 2534 η
1501 2484 1664 2536 Φαρμα-

108 2539 325 2596 κοπωλῃ..
346 2539 473 2591 ,φησὶ
502 2515 540 2580 δ’
572 2538 699 2589 οὕτως
730 2538 750 2580 ὁ
782 2537 957 2591 κωμικός
987 2543 1068 2582 κτλ.
1129 2555 1167 2581 v.
1200 2544 1278 2581 9-
1288 2543 1336 2580 11
1370 2541 1489 2580 etiam
1519 2542 1568 2581 fr.
1599 2544 1667 2592 48,

109 2599 174 2639 cui
210 2612 247 2639 v.
292 2600 406 2637 12—
419 2599 470 2637 14
515 2611 674 2649 quoque
712 2598 916 2638 addendos
954 2611 1039 2638 esse
1078 2604 1212 2638 censet
1255 2598 1377 2636 Mein.
1452 2598 1501 2636 cf.
1547 2601 1668 2638 etiam

110 2656 157 2697 fr.
189 2656 257 2694 24.
334 2669 373 2695 v.
408 2656 458 2693 12
497 2656 859 2703 Athen.3,108a
896 2660 1142 2706 ταγηνιστων
1174 2650 1211 2692 δ’
1243 2652 1401 2705 ἰχθύων
1429 2652 1669 2706 μνημονεύει

95 2707 250 2760 ’Ἀλεξις
287 2709 330 2750 ἐν
363 2710 574 2764 Δημητρίῳ
604 2710 788 2764 καθάπερ
818 2710 884 2751 καὶ
913 2709 958 2751 ἐν
987 2716 1039 2766 τῷ
1069 2709 1310 2764 προκειμένῳ
1339 2706 1508 2761 δράματι
1538 2709 1668 2765 (Κρα-

110 2766 240 2835 τεύᾳ).
320 2782 357 2809 v.
392 2770 541 2807 15.16
577 2768 806 2808 Athenaeus
837 2770 883 2820 3,
906 2770 992 2809 95⁸
1027 2768 1166 2808 ποδῶν
1201 2782 1239 2806 τε
1269 2782 1337 2806 και
1367 2763 1509 2818 ὠτίων,
1541 2767 1595 2808 ἔτι
1625 2768 1669 2808 δὲ

110 2822 280 2876 ῥύγχους
310 2822 459 2890 ’Ἀλεξις
497 2821 776 2878 (μνημονεύει)
815 2822 858 2864 ἕν
891 2824 1070 2880 Κρατεύα
1108 2823 1286 2893 (κρατὶαι
1315 2822 1371 2878 A)
1400 2821 1428 2875 ἢ
1456 2824 1667 2878 Φαρμακο

109 2878 233 2935 πώλη.
343 2883 379 2920 1.
411 2871 485 2920 οὖν
513 2882 604 2921 add.
635 2882 775 2923 Elmsl.
879 2880 1036 2933 ὄστρεια
1066 2880 1224 2933 Dindf.]
1256 2879 1398 2934 ὄστρεα
1430 2883 1478 2921 Α.
1579 2898 1667 2922 τινα
