1864 3204
576 183 783 218 ΑΔΗΛΩΝ
808 182 1075 218 ΔΡΑΜΔΤΩΝ
1525 178 1608 222 397

779 284 866 327 270

248 362 331 421 τὴν
362 362 468 416 ὄψιν
499 367 610 407 εἴπω
639 365 722 406 τοῦ
751 365 971 419 ποτηρίου
1000 363 1054 418 γέ
1080 374 1152 406 σοι

249 431 526 487 πρώτιστονς
557 423 617 488 ἦν
645 430 733 489 γὰρ
763 431 1062 487 στρογγύλον,
1092 430 1259 486 μικρὸν
1290 429 1428 484 πάνυ,

251 500 461 556 παλαιόν,
492 492 583 543 ὦτα
614 499 1014 556 συντεθλασμένον
1044 498 1246 554 σφόδρα,

254 569 358 624 ἔχον
389 567 540 626 κύκλῳ
571 567 625 610 τὰ
659 565 897 624 γράμματ’.
958 570 1008 612 Β.
1038 559 1126 622 ἆρά
1157 565 1200 622 γ’
1221 566 1404 618 ἔνδεκας

199 646 221 678 5
251 639 419 692 χρυσᾶ·
451 634 562 687 Διὸς
591 638 814 691 σωτῆρος;
865 640 918 679 Α.
950 631 1034 678 οὐκ
1066 634 1212 678 ἄλλου
1241 635 1326 690 μὲν
1356 627 1456 678 οὖν.

158 719 388 759 Athenaeus
419 721 491 768 11,
516 720 595 759 784
614 719 653 759 d.
685 719 830 771 4667
805 715 1077 771 γραμματικὸν
1107 716 1289 769 ἔκπωμα·
1331 714 1373 757 τὸ
1403 715 1613 770 γράμματα

45 773 136 828 ἔχον
166 773 490 845 ἐγκεχαραγμένα.
536 774 688 824 ’Ἄλεξις
718 777 798 815 κτλ.
850 776 1086 816 Eustathius
1113 777 1308 825 1960,13
1339 772 1615 845 γραμματικὸν

45 831 231 885 ἔκπωμα,
267 831 409 889 ἤγουν,
447 829 501 880 ὦς
523 830 676 880 Ἄλεξις
704 828 760 871 ἄν
789 830 916 883 εἴποι,
954 830 997 872 τὸ
1026 830 1118 884 ἕχον
1146 831 1282 897 κύκλῳ
1313 831 1358 871 τὰ
1390 828 1612 901 γράμματα.

47 893 84 930 1.
122 901 185 929 σοι
215 889 458 942 Schweigh.]
490 899 579 929 σου.
681 891 719 928 4.
750 888 797 928 τὰ
828 887 965 943 Euat]
996 903 1047 931 τε.
1148 885 1357 942 γράμματα
1387 891 1437 929 A.
1527 904 1607 939 αρα

45 947 184 987 Dindf.
189 944 208 1001 ]
237 961 315 999 αρα
346 949 395 987 A.

164 1007 257 1043 ante
289 1018 326 1044 v.
353 1006 374 1042 1
407 1002 474 1042 ἵνα
505 1004 570 1044 vel
599 1000 732 1051 θέλεις
762 1005 884 1044 fuisse
905 1006 1215 1044 consentaneum
1238 1007 1310 1044 est.
1342 1004 1498 1044 confert
1518 1004 1615 1044 Mei-

44 1061 191 1101 nekius
220 1061 258 1099 V
278 1061 331 1100 92
361 1061 527 1101 titulum
556 1061 728 1100 Boeckh.
761 1060 802 1100 C.
825 1061 858 1100 I.
888 1074 929 1100 n.
953 1062 1075 1110 2852,
1098 1062 1152 1099 43
1185 1059 1302 1113 κέρας
1333 1059 1613 1114 ἑπιγεγραμμέ·

49 1131 123 1157 νον
144 1114 214 1156 Διὶ
241 1116 400 1169 σωτῆρι.
468 1118 506 1157 3.
539 1119 662 1157 miror
691 1121 851 1169 poetam
880 1132 961 1157 ωτα
992 1119 1076 1158 sine
1105 1119 1275 1158 articulo
1305 1120 1500 1169 posuisse.
1573 1120 1613 1159 4.

47 1176 73 1214 5
113 1175 162 1214 ad
200 1175 380 1226 singulas
416 1175 752 1226 interrogationes
781 1176 884 1215 alter
913 1175 1122 1215 adnuendo
1153 1176 1380 1227 respondet.
1467 1177 1505 1216 5.
1537 1173 1612 1215 οὐκ

45 1228 190 1282 ἄλλον,
227 1231 336 1271 Iovis
365 1244 512 1272 nomen
541 1233 686 1283 inerat,
725 1244 807 1272 non
837 1233 938 1272 alius
969 1233 1103 1272 ullius.
1140 1256 1191 1260 —
1219 1233 1269 1272 ad
1294 1229 1435 1271 Ἱππέα
1467 1234 1614 1274 Meine-

49 1289 140 1328 kius
171 1288 351 1340 eclogam
380 1289 504 1329 refert
531 1292 699 1340 propter
728 1289 778 1329 fr.
800 1291 866 1330 95.
891 1292 927 1330 6.

783 1401 864 1444 271

249 1478 330 1530 τὰς
357 1475 526 1534 ἡδονὰς
556 1479 630 1522 δεῖ
655 1480 894 1535 συλλέγειν
923 1478 1003 1523 τὸν
1034 1480 1264 1536 σώφρονα.

250 1545 443 1601 τρεῑς“δ’
468 1547 583 1589 εἰσὶν
614 1547 713 1590 αἵδε
742 1546 825 1604 τὴν
855 1546 1051 1605 δύναμιν
1082 1550 1350 1605 κεκτημέναι

251 1612 336 1668 τὴν
365 1611 425 1665 ὥς
454 1612 638 1670 ἀληθῶς
668 1618 982 1659 συντελοῦσαν
1011 1620 1073 1675 τῷ
1103 1619 1211 1674 βίῳ,

251 1680 301 1725 τὸ
331 1690 468 1737 πιεῖν,
499 1680 549 1725 τό
579 1690 761 1739 φαγεῖν,
792 1684 842 1727 τὸ
875 1688 954 1740 τῆς
980 1684 1243 1741 Ἀφροδίτης
1271 1686 1526 1742 τυγχάνειν.

200 1760 222 1791 5
251 1747 306 1793 τὰ
338 1748 383 1792 δ’
405 1748 521 1793 ἄλλα
552 1753 818 1807 προσθήκας
847 1750 1024 1796 ἅπαντα
1054 1752 1136 1809 χρή
1171 1756 1337 1800 καλεῖν.

161 1832 398 1872 Plutarchus
429 1834 527 1873 Mor.
550 1834 640 1873 21d
669 1828 757 1873 οἷον
785 1839 855 1874 τοῦ
882 1830 1079 1884 Ἀλέξιδος
1110 1842 1318 1885 κινοῦντος
1349 1835 1480 1886 ἐνίους
1510 1836 1611 1880 ὅταν

49 1887 142 1944 λέγῃ
170 1891 253 1929 κτλ.
283 1886 559 1940 ὑπομνηστέον
586 1888 646 1929 ὅτι
666 1890 885 1958 Σωκράτης
914 1889 1150 1933 τούναντίον
1179 1891 1296 1947 ἔλεγε.
1347 1910 1383 1935 ν.
1402 1897 1440 1935 4.
1461 1899 1486 1935 5
1507 1897 1613 1938 idem

50 1947 151 1986 Mor.
168 1947 279 1987 445f
305 1947 450 1987 omisso
480 1949 654 1987 auctoris
684 1950 856 1989 nomine.
945 1951 983 1989 2.
1014 1948 1102 1990 αἵδε
1131 1952 1337 1992 Herwerd.
1371 1952 1488 1993 Anal.
1521 1955 1609 1994 crit.

50 2001 124 2056 41]
155 2001 204 2041 αἴ
221 2017 276 2055 γε.
363 2004 402 2043 4.
434 2001 477 2042 τὸ
505 2007 655 2074 φαγεῖν
684 2003 727 2044 τὸ
758 2009 865 2046 πιεῖν
894 2006 1117 2048 Hercherus
1148 2022 1193 2048 ex
1207 2008 1326 2074 445]
1360 2003 1402 2048 τὸ
1431 2013 1539 2049 πιεῖν
1569 2010 1614 2050 τὸ

49 2063 207 2113 φαγεῖν.
297 2062 335 2102 5.
365 2057 516 2100 απαντ’
540 2058 614 2114 ἐγώ
646 2063 753 2101 καλῶ
783 2064 879 2103 445.

167 2119 203 2156 1.
233 2114 433 2170 συλλέγειν
462 2121 524 2158 est
553 2120 755 2170 diliyenter
782 2133 902 2170 quam
923 2122 1122 2171 plwrvmas
1149 2124 1348 2174 conliyere.

785 2231 869 2273 272

221 2305 296 2350 καὶ
325 2305 415 2363 μὴν
446 2306 664 2351 ἐνύπνιον
693 2312 849 2364 οἴομαί
874 2307 916 2364 γ’
939 2309 1174 2364 ἑορακέναι

222 2374 468 2430 νικητικόν.
518 2378 570 2418 Β.
601 2374 695 2431 λέγ’
719 2374 844 2419 αὐτό.
897 2382 949 2420 A.
980 2378 1062 2421 τὸν
1091 2382 1206 2422 νοῦν
1236 2381 1426 2436 πρόσεχε
1457 2382 1527 2437 δή.

225 2443 276 2486 ἐν
303 2446 366 2498 τῷ
396 2443 564 2501 σταδίῳ
593 2446 685 2486 τῶν
715 2442 1064 2499 ἀνταγωνιστῶν
1093 2449 1149 2502 μέ
1176 2463 1241 2499 τις

225 2509 373 2554 ἐδόκει
403 2514 662 2567 στεφανοῦν
692 2511 862 2567 γυμνὸς
890 2512 1161 2569 προσελθων
1198 2549 1207 2558 .
1255 2550 1264 2559 .
1313 2550 1322 2559 .

177 2587 197 2619 5
229 2578 439 2634 στεφάνῳ
469 2580 666 2636 κυλιστῷ
696 2580 1007 2637 κοκκυμήλων.
1060 2585 1110 2625 Β.
1134 2580 1379 2638 Ἡράκλεις.

225 2646 476 2702 [πεπόνων]

167 2729 396 2768 Athenaeus
427 2730 472 2777 2,
494 2729 548 2768 49
566 2742 587 2767 e
615 2726 767 2779 Ἄλεξις
796 2733 877 2772 κτλ.
989 2735 1026 2771 1.
1067 2730 1258 2773 ἐνύπνιον
1289 2732 1534 2789 Schweigh]
1569 2734 1613 2775 ἐν

53 2781 196 2830 ὕπνοις
226 2784 271 2824 C.
360 2782 563 2837 ἑορακέναι
593 2785 728 2827 Dindf.
731 2785 749 2841 ]
778 2784 987 2840 ὦρακέναι.
1020 2786 1234 2839 ἑωρακέναι
1264 2791 1311 2830 Β.
1391 2793 1428 2831 2.
1460 2806 1611 2844 νικητι-

55 2840 130 2881 κόν
158 2839 209 2895 C]
240 2839 480 2894 νικητήριον.
560 2841 766 2894 προσέχειν
794 2845 839 2885 C.
917 2846 956 2885 4.
989 2841 1117 2886 ἐδόκει
1146 2845 1198 2900 L]
1228 2845 1335 2895 ἔδοξε
1366 2848 1416 2887 V.
1476 2850 1517 2888 in
1548 2863 1611 2889 ex—
