1864 3204
610 225 863 260 ΑΓΡΟΙΚΟΣ
887 243 931 251 -
955 224 1205 259 ETANAPIA
1446 259 1457 272 ‚
1526 258 1527 261 ,
1591 222 1683 266 265

229 330 460 371 Athenaeus
490 332 536 378 3,
562 330 669 370 124f
704 328 895 368 λακκαίου
931 326 1079 376 ὕδατος
1116 326 1358 380 μνημονεύει
1390 321 1600 377 Ἀναξίλας
1638 325 1684 366 ἐν

116 381 283 441 Αὐλητῇ
311 384 459 435 οὕτως·
489 385 636 434 ὕδατος
668 389 726 415 -”
751 383 960 439 ὑπάρχειν.
1019 384 1087 425 καὶ
1115 383 1237 424 πάλιν
1267 383 1363 433 ἴσως
1386 387 1474 424 ικτλ.
1565 388 1602 424 1.
1636 385 1682 423 Β.

115 444 206 484 add.
239 444 359 484 Mein.
407 443 519 483 τουτί
545 441 588 496 γέ
616 441 774 496 Dindf.]
806 457 848 482 το
878 457 914 481 τι
942 457 986 495 γε
1008 446 1055 482 A.
1111 452 1174 481 σοι
1203 440 1354 495 τουτογὶ
1383 442 1683 487 Ε1ω81.,Αι·ἱεί’,.

115 500 218 540 th.
253 501 334 540 108
365 496 525 556 (auch).
583 500 751 540 fortasse
790 502 925 540 tamen
961 500 1090 539 eidem
1119 512 1314 550 personae
1343 500 1440 539 haec
1469 499 1684 539 tribuenda.

115 553 262 605 ὕδατός
291 571 340 610 γε
370 556 562 597 λακκαίου
591 550 686 609 παρ’
720 554 818 608 ἐμοῦ
846 554 970 596 ποτόν
998 553 1043 608 γέ
1074 567 1136 594 σοι
1168 571 1202 597 ν.
1235 553 1307 597 ὑπ.
1397 558 1435 595 2.
1467 551 1601 607 νόμιζε
1632 556 1682 596 A.

117 617 157 654 3.
187 628 231 667 γε
262 615 312 654 Α.
361 611 541 653 ἀπόλωλέ
570 625 633 653 σοι
662 615 784 654 Mein.
814 627 867 654 an
895 609 1074 653 ἀπόλωλε
1105 613 1227 653 νῦνῖ

759 736 1047 772 ΒΟΤΡΤΛῙΩΝ

233 806 460 858 Βοτρυλίων
473 821 524 848 an
540 806 769 860 Βοτρυδίων
784 807 942 847 fabulae
957 820 1103 847 nomen
1120 801 1243 847 fuerit
1259 806 1481 846 dubitatur.
1509 806 1682 846 Meinok.

118 866 138 905 I
159 866 254 905 407.
277 866 316 905 8.
346 878 398 905 an
429 865 688 906 Bovroeumv?
723 865 786 926 ,⁰f·
818 877 1000 916 cognom.
1032 864 1276 915 Antiphanis
1310 864 1459 903 fabula.

390 1042 474 1087 οὐκ
503 1041 563 1088 ἄν
592 1042 638 1099 γ’
671 1043 770 1099 ἐμοὶ
799 1042 924 1087 τουτὶ
953 1043 1135 1099 γένηται
1165 1041 1423 1099 κεράμινον.

231 1128 375 1168 Pollux
408 1130 479 1177 10,
504 1129 585 1167 190
617 1122 831 1179 Ἡρόδοτος
869 1123 914 1165 δὲ
951 1124 1018 1165 καὶ
1054 1125 1272 1179 κεραμίνην
1301 1121 1442 1165 κύλικα
1473 1122 1565 1176 ἔφη.
1615 1121 1683 1164 καὶ

120 1181 141 1223 ὁ
170 1181 382 1233 Ἀναξίλας
416 1183 652 1236 Βοτρυλίωνι
682 1185 763 1223 κτλ.
890 1238 918 1280 6

184 1304 195 1322 ⁸
231 1322 431 1372 Diogenes
452 1321 584 1360 Laert.
607 1322 652 1372 3,
675 1322 728 1360 28
759 1318 934 1372 χλευάζει
954 1315 994 1359 δ’
1018 1316 1146 1359 αὐτὸν
1168 1317 1448 1372 (Πλάτωνα)
1476 1316 1545 1367 καὶ
1571 1314 1684 1357 Ἀνα-

121 1377 229 1427 ξίλας
261 1375 279 1416 ἕ
284 1393 305 1417 ν
335 1376 587 1430 Βοτρυλίωνι.
894 1432 918 1473 7

236 1488 460 1544 συνήλικα

231 1568 438 1620 Ἀναξίλας
460 1569 715 1622 Βοτρυλίωνι.
742 1571 916 1610 Bekker.
942 1571 1089 1611 Aneod.
1122 1572 1215 1624 113,
1239 1573 1305 1610 22.
1337 1572 1387 1610 ad
1415 1572 1526 1611 Bast.
1554 1571 1684 1621 Epist.

120 1630 207 1669 orit.
241 1630 323 1668 150
354 1629 507 1680 relegat
536 1628 744 1668 Bekkerus
773 1642 813 1678 p.
848 1630 970 1668 1077.

784 1751 1023 1786 ΓΛΛΤΚΟΣ

394 1887 643 1929 δεκατῶναι

235 1968 277 2008 οἱ
302 1967 453 2016 τούτοις
494 1968 592 2019 (τοῖς
631 1967 902 2020 δεκατωνίοις)
941 1964 1197 2020 ἐφεστηκότες
1224 2000 1233 2009 .
1252 1999 1261 2008 .
1280 1999 1290 2009 .
1317 1964 1371 2016 ὦς
1401 1964 1608 2017 Ἀναξίλας
1645 1965 1689 2006 ἐν

125 2023 310 2080 Γλαύκῳ.
352 2026 495 2066 Pollux
527 2028 567 2078 9,
591 2027 657 2066 29.

779 2082 1030 2116 ETANAPIA
1644 2121 1649 2128 ⁸

235 2152 406 2191 Bekker.
429 2151 578 2191 Anecd.
601 2152 704 2199 257,
731 2153 780 2191 13
810 2146 924 2202 άγοόν
953 2166 1011 2199 τις
1042 2148 1255 2204 εὐανδρίας
1276 2153 1355 2198 τοῖς
1378 2150 1688 2201 Παναθηναίοις

122 2204 340 2260 ἀγόμενος,
379 2201 428 2246 οὗ
466 2211 676 2247 κοινωνεῖν
713 2204 787 2247 οὐκ
825 2207 920 2260 ἐξῆν
960 2211 1040 2255 τοῖς
1081 2206 1221 2257 ξένοις.
1261 2208 1435 2248 Meinek.
1464 2208 1483 2247 I
1512 2208 1606 2247 408.
1639 2208 1687 2246 de

124 2268 305 2316 tempore
337 2266 388 2304 of.
419 2278 518 2315 quae
548 2265 597 2304 ad
630 2265 872 2317 Antiphanis
904 2263 1098 2305 Νεοττίδα
1123 2267 1378 2306 adnotantur.

897 2376 924 2416 9

296 2455 371 2497 καὶ
401 2454 480 2506 τὰς
510 2457 783 2509 παλαίστρας
814 2466 886 2496 σοι
916 2450 978 2510 μὰ
1009 2454 1091 2510 τὴν
1120 2458 1209 2511 γῆν
1239 2453 1297 2511 μή
1330 2454 1388 2498 σύ
1418 2471 1470 2510 γε

297 2523 407 2578 δῷς,
438 2520 540 2565 ἀλλ’
571 2521 749 2573 ἀπόδος.
808 2525 857 2566 Β.
890 2521 965 2565 καὶ
995 2522 1050 2579 δὴ
1084 2521 1274 2579 φέρουσ’
1309 2523 1554 2579 ἐξέρχομαι.

241 2606 468 2645 Athenaeus
499 2607 543 2655 6,
567 2606 683 2643 2248.
713 2600 918 2653 Ἀναξίλας
949 2603 993 2644 ἕν
1023 2602 1231 2661 Εὐανδρίᾳ
1262 2602 1492 2660 (εὐανδρεία
1518 2604 1576 2658 A)
1607 2607 1686 2645 κτλ.

130 2665 164 2701 1.
183 2661 427 2711 παλαίστρας
441 2660 520 2714 σοι]
536 2659 725 2707 παλάθας
740 2658 823 2711 ἐμοὶ
835 2660 1003 2702 casaub.
1016 2663 1185 2714 Hesyeh.
1208 2662 1374 2713 παλάθη
1387 2676 1395 2684 ·
1417 2659 1441 2713 ἡ
1461 2667 1541 2701 τῶν
1553 2660 1691 2701 σύκων

129 2715 344 2769 ἐπάλληλος
373 2716 503 2765 θέσις.
550 2722 590 2758 et
618 2712 818 2757 παλάθαι·
859 2717 997 2758 σύκων
1025 2719 1155 2769 μαζία.
1200 2720 1314 2759 Phot.
1336 2717 1538 2757 παλάθαι·
1570 2720 1691 2770 μᾶζαι

129 2774 278 2814 σύκων.
312 2775 483 2814 Meinek.
503 2773 570 2812 καὶ
590 2773 659 2822 τὰς
675 2773 864 2823 παλάθας
885 2774 1013 2816 δώσω.
1047 2778 1089 2816 Β.
1108 2774 1161 2827 μὰ
1184 2790 1218 2814 τ.
1240 2791 1276 2827 γ.
1299 2778 1383 2814 κτλ.
1417 2779 1459 2814 ab
1478 2776 1574 2815 talia.
1589 2790 1688 2827 quoe

128 2833 311 2872 celeriter
347 2835 635 2871 consumuntur
670 2844 752 2871 non
787 2836 958 2883 possunt
987 2835 1119 2873 eadem
1156 2834 1277 2872 reddi.
1331 2833 1503 2872 fortasse
1540 2831 1609 2871 nal
1637 2830 1688 2872 τὸ

128 2886 421 2940 σπάλαθρον
453 2884 578 2929 δώσω.
638 2889 681 2929 Β.
711 2885 764 2939 μὰ
796 2903 829 2927 τ.
860 2904 896 2941 y.
926 2891 1006 2930 κτλ.
1059 2890 1199 2929 Pollux
1233 2891 1271 2938 7,
1293 2891 1345 2927 22
1377 2885 1617 2941 σπάλαθρον
1645 2884 1687 2927 τὸ
