1890 3190
301 221 357 262 70
918 223 1238 257 ΑΝἼῚΦΑΝΟΤΣ

946 323 1206 357 ΛΕΩΝΙΔΗΣ

1036 401 1115 443 143

978 478 1091 522 ἀλλὰ
1120 481 1229 535 πρὶν
1260 481 1548 524 δεδειπνάναι
1867 434 1890 588 {s

571 535 685 591 ἡμᾶς
715 537 943 592 παρέσται.

415 631 642 670 Athenaeus
677 632 739 681 10,
761 632 875 669 422e
916 627 1155 681 Ἀντιφάνης
1200 628 1244 669 ἐν
1281 630 1469 686 Λεωνίδῃ
1496 633 1598 679 mvl..
1663 633 1714 674 of.
1746 633 1850 672 Her—
1874 611 1890 662 ζ’

299 688 422 738 mipp.
456 689 523 727 60.
1878 698 1882 711 “

967 765 1128 798 AHMNI
1133 766 1182 798 AI

411 842 599 885 Fortasse
630 848 909 896 argumentum
939 846 1066 885 simile
1103 846 1181 884 fuit
1209 847 1468 886 Lemniarwm
1498 846 1780 898 Aristophanis
1809 841 1890 888 et

298 899 541 942 Nicocharis.
579 902 752 941 Meinek.
784 903 804 940 I
834 903 926 942 330.
955 903 1053 943 455
1111 903 1280 942 Lemnia
1320 906 1523 953 praeterea
1569 906 1631 943 est
1661 884 1890 959 Alexidis,3

296 960 485 998 Lemniae
523 959 676 1009 Diphili
713 961 754 997 et
789 960 858 997 lat.
898 959 1006 998 Sexti
1046 959 1226 1008 Turpilii.
1291 959 1336 999 Ο.
1369 960 1559 999 Ribbeck.
1591 960 1702 1000 Com.
1733 961 1848 1000 Rom.
1879 967 1890 1009 ξ’

299 1013 369 1054 fr.²
399 1030 439 1066 p.
464 1017 529 1055 96.

1035 1068 1116 1110 144

473 1144 551 1189 εἶτ’
577 1148 699 1189 ἔστιν
728 1147 757 1202 ἢ
787 1143 952 1201 γένοιτ’
977 1146 1035 1189 ἄν
1063 1144 1206 1202 ἡδίων
1235 1147 1366 1203 τέχνη

469 1211 498 1269 ἦ
527 1215 752 1270 πρόσοδος
781 1213 892 1270 ἄλλη
923 1217 1006 1257 τοῦ
1037 1214 1301 1257 κολακεύειν
1332 1214 1534 1271 &imm-333

472 1280 495 1324 ὁ
524 1282 757 1337 ζωγράφος
787 1290 920 1324 πονεῖ
946 1298 986 1324 τι
1017 1282 1091 1325 καὶ
1123 1286 1424 1338 πικραίνεται,

470 1350 494 1393 ὁ
525 1348 723 1404 γεωργὸς
755 1351 805 1393 ἐν
836 1349 959 1400 ὅσοις
990 1349 1083 1392 ἐστὶ
1114 1349 1346 1402 κινδύνοις
1375 1351 1524 1396 πάλιν.

421 1428 441 1459 5
472 1418 686 1472 πρόσεστι
716 1421 854 1460 πᾶσιν
885 1418 1112 1472 ἐπιμέλεια
1143 1419 1217 1461 καὶ
1248 1418 1398 1470 πόνος.

469 1484 575 1541 ἡμῖν
606 1486 655 1527 δὲ
685 1483 795 1540 μετὰ
823 1486 1016 1540 γέλωτος
1045 1484 1069 1528 ὁ
1099 1488 1197 1541 βίος
1225 1486 1300 1528 καὶ
1329 1491 1522 1544 τρυφῆς·
1874 1486 1890 1535 ξ

469 1547 526 1596 οὗ
555 1551 642 1608 γάρ
672 1552 721 1595 τὸ
753 1554 962 1607 μέγιστον
993 1555 1127 1608 ἔργον
1159 1554 1252 1596 ἐστὶ
1283 1556 1459 1610 παιδιά,
1872 1534 1890 1609 Ξ

470 1619 614 1675 ἁδρὸν
642 1621 849 1674 γελάσαι,
882 1624 1064 1672 σκῶψαί
1089 1620 1193 1675 τιν’,
1227 1622 1400 1665 ἐκπιεῖν
1429 1625 1591 1680 πολύν,
1876 1613 1890 1655 ¹³

470 1687 552 1743 οὐχ
582 1687 692 1744 ἡδύ;
743 1688 841 1743 ἐμοὶ
870 1690 954 1743 μὲν
984 1690 1092 1744 μετὰ
1123 1684 1173 1732 τὸ
1204 1692 1418 1732 πλουτεῖν
1447 1692 1674 1748 δεύτερον.
1871 1660 1890 1751 ’Ξ

416 1783 645 1822 Athenaeus
675 1784 714 1832 6,
738 1784 818 1822 258
837 1784 862 1821 d
889 1779 1128 1834 Ἀντιφάνης
1160 1782 1204 1822 ἐν
1231 1783 1432 1835 Λημνίαις
1468 1783 1608 1857 τέχνην
1636 1801 1723 1827 τινα
1751 1783 1854 1828 εἶναι

301 1830 536 1879 ὑποτίθεται
566 1836 639 1890 τὴν
668 1838 878 1878 κολακείαν
908 1838 951 1878 ἐν
981 1835 1040 1887 οἷς
1072 1838 1171 1891 λέγει
1200 1842 1282 1879 κτλ.
1402 1844 1440 1881 7.
1471 1837 1539 1894 ου]
1571 1839 1618 1882 οὐ
1648 1846 1696 1883 Α.
1812 1848 1890 1888 8.-

300 1895 426 1948 αδρὸν
456 1897 539 1935 sine
569 1897 664 1946 spir.
697 1898 745 1934 A.
842 1895 1011 1949 ἐκπιεῖν]
1045 1895 1199 1947 ἐμπιεῖν
1227 1898 1430 1937 Herwerd.
1463 1899 1558 1939 Obs.
1591 1901 1676 1940 crit.
1708 1903 1775 1942 49.

300 1957 391 2003 post
419 1968 457 1993 v.
481 1954 525 2001 4,
565 1953 753 2002 quoniam
784 1954 896 1992 miles
927 1956 969 1992 et
998 1956 1120 1992 nauta
1152 1954 1216 1992 vix
1245 1956 1452 2004 potuerint
1482 1957 1633 2008 omitti,
1672 1958 1866 2009 lacunam·

301 2012 442 2049 statuit
470 2009 619 2048 Iacobs.
652 2010 790 2048 Addit.
826 2011 917 2051 157.
1035 2063 1116 2105 145
1867 2030 1870 2031 γ

1110 2143 1334 2198 παρετέθη
1365 2145 1552 2199 τρίπους

561 2211 820 2251 πλακοῦντα
850 2208 1056 2264 χρηστόν,
1089 2209 1123 2251 ὠ
1155 2212 1447 2266 πολυτίμητοι
1476 2214 1600 2267 θεοί,

561 2278 676 2330 ἔχων
708 2275 758 2319 ἐν
789 2274 972 2334 ἀργυρῷ
1001 2292 1048 2319 τε
1077 2279 1276 2335 τρυβλίῳ
1305 2280 1418 2333 μέλι,

404 2371 642 2467 2AStheneeuss
674 2372 711 2419 6,
735 2372 817 2410 230
833 2371 886 2410 de
914 2366 1151 2422 Ἀντιφάνης
1183 2369 1226 2410 ἐν
1256 2372 1458 2423 Λημνίαις
1487 2375 1568 2413 κτλ.
1669 2370 1850 2426 χρηστόν,

300 2430 345 2467 ut
377 2430 396 2466 1
462 2457 470 2466 .

990 2505 1160 2540 ΛΤΔΟΣ

1034 2571 1113 2613 146

727 2649 891 2704 Κολχὶς
919 2647 1161 2702 ἄνθρωπος
1191 2649 1406 2706 πάροινος

414 2743 641 2783 Athenaeus
677 2745 739 2794 10,
756 2743 871 2782 4450
902 2739 922 2780 ὁ
954 2740 998 2781 δὲ
1026 2739 1212 2795 πάροινος
1242 2757 1349 2796 παρα
1376 2743 1455 2783 τίνι
1484 2748 1628 2789 κεῖται;
1647 2776 1655 2786 .
1674 2777 1684 2786 .
1702 2741 1848 2786 ,Ἀντι-

301 2799 433 2849 φάνης
465 2797 507 2837 ἐν
527 2799 653 2853 Λυδῷ
683 2798 816 2850 εἴρηκε
847 2802 928 2838 κτλ.
973 2813 1086 2840 serva
1115 2801 1359 2851 significatur
1387 2815 1434 2841 ex
1455 2802 1641 2842 Colchide
1671 2803 1850 2842 oriunda.>

299 2853 324 2907 ἡ
354 2853 571 2907 ἅνθρωπος
600 2857 922 2907 frequentissime
951 2857 1055 2906 apud
1085 2859 1270 2897 oratores.
1322 2900 1324 2902 ,
1850 2879 1852 2882 ·
