1890 3190
280 186 333 228 78
898 183 1223 219 ΑΝΤΙΦΑΝΟΤΣ

399 291 434 330 1
466 286 510 326 δὲ
540 290 590 327 A.
706 301 911 338 perperam
941 288 1048 336 Epit.
1082 289 1123 325 61
1152 287 1337 326 Eustath.
1371 288 1492 338 1253,
1515 290 1568 328 58
1598 285 1642 327 τὸ
1671 287 1843 340 πίσομοιιΙ

279 341 385 395 παρὰ
401 338 630 393 Ἀντιφάνει
660 340 748 382 ἀντὶ
779 349 850 382 τοῦ
880 342 970 382 πίω.
1017 356 1061 382 ac
1090 342 1255 393 πίσομαι
1284 357 1357 394 pro
1387 343 1570 395 πείσομαι
1599 346 1682 384 494
1713 346 1847 387 etiams

281 404 330 443 A.
454 400 492 440 4.
533 402 580 439 οὑ
611 397 684 451 μὲν
713 395 814 451 ’ἧμεν
843 396 1002 452 Dindf.]
1034 412 1258 450 ουμενημεν
1288 402 1323 438 Α
1353 401 1448 440 446.
1505 399 1556 440 ού
1583 415 1658 451 μεν
1685 397 1734 440 οὖ
1762 398 1837 452 μὲν

280 459 317 496 Α
338 459 432 497 494.
472 451 522 495 οὗ
542 458 739 508 μενοῦμεν
759 457 881 496 Βο1)1·.
904 457 1008 495 Adv.
1030 455 1069 494 II
1092 458 1185 496 327.
1218 458 1265 495 οὐ
1285 451 1485 507 ’τελοῦμεν
1514 457 1612 497 Lob.
1628 459 1720 509 Agl.
1739 459 1842 498 628.

278 512 386 565 ὀίρτι]
418 510 559 565 ἀρτίως
588 514 624 552 Α
655 515 749 552 494.
845 514 883 554 5.
912 513 1132 564 κεραμεωυ]
1165 511 1367 565 κεραμέων
1397 515 1431 551 Α
1462 514 1687 564 utrubique.
1795 516 1835 554 6.

279 568 403 608 πολλὰ
433 567 597 622 κάγαθὰ
621 571 657 609 A
678 567 779 622 494]
809 565 922 607 πόλλ’
945 565 1082 620 ἀγαθὰ
1113 572 1149 608 Α
1170 571 1266 611 446.
1328 572 1364 608 7.
1396 567 1555 620 ἐποίησέ
1585 569 1646 622 σε]
1679 568 1837 622 ἐποίησε

282 629 317 666 Α
349 628 444 666 494.
534 629 572 666 8.
602 621 786 695 ἀφελείας
819 627 855 664 Α
884 624 986 677 446]
1018 621 1239 674 ἀσφαλείας
1269 627 1305 665 Α
1336 627 1434 665 494.
1483 627 1532 666 cf.
1564 626 1702 667 Cobet.
1734 627 1785 666 N.
1803 627 1832 666 l.
1851 659 1854 662 ⁴

283 685 377 725 136.
465 681 599 722 εἵνεκα
629 683 696 734 K]
728 681 891 722 οὕνεκα.

399 740 438 779 in
461 754 497 779 v.
519 743 542 779 6
572 737 710 778 τέκνον
739 740 932 790 producta
962 739 1115 789 syllaba
1144 741 1288 789 priore,
1321 739 1561 790 tragicorum
1589 752 1710 779 more.
1795 739 1836 779 8.

280 809 411 846 neque
441 792 662 844 ασφαλείας
693 809 820 846 neque
850 791 1038 842 ἀφελείας
1069 797 1206 845 aptum
1235 796 1405 845 videtur,
1437 796 1632 846 siquidem
1659 796 1729 834 illa
1749 790 1838 844 ὀξυ·

281 851 411 904 βάφια
455 857 625 903 κεραμεᾶ
662 855 767 891 certe
806 853 935 890 11111110
974 854 1013 890 et
1050 848 1322 903 ασφαλέστερα
1358 855 1399 891 61
1434 848 1672 903 ἀφελέστερα
1709 853 1836 891 erant.
1856 846 1857 850 ¹

283 922 357 949 scr.
391 914 476 960 τῆς
507 905 542 947 τ’
567 905 814 957 ὠφελείας
846 906 994 950 εἶ’,νεκα
1039 908 1166 948 Arist.
1199 909 1355 948 Thesm.
1391 909 1482 947 183.

1026 1053 1107 1094 164

510 1162 606 1204 ταῖς
637 1152 878 1202 εὐτελείαις
907 1153 955 1195 οἵ
978 1153 1079 1195 θεοὶ
1108 1154 1315 1208 χαίρουσι
1344 1152 1454 1207 γάρ’

514 1221 758 1277 τεκμήριον
788 1218 853 1262 δ’·
888 1220 996 1263 ὅταν
1025 1219 1110 1275 γὰρ
1142 1219 1388 1275 ἑκατόμβας
1416 1220 1534 1270 τινὲς

519 1290 713 1342 θύωσιν,
745 1288 818 1330 ἐπὶ
848 1287 1220 1343 τούτοιςἈᾶπασιν
1249 1285 1439 1337 ’ὕστατος
1552 1331 1555 1335 ,

692 1390 701 1399 .
768 1356 952 1399 πάντων
983 1355 1057 1397 καὶ
1088 1355 1334 1410 λιβανωτὸς
1365 1351 1577 1411 ἐπετὲθη,

463 1435 483 1465 5
515 1423 575 1475 ὥς
603 1424 744 1467 τᾶλλα
773 1424 856 1478 μὲν
888 1421 940 1466 τοὶ
971 1422 1116 1465 πολλοὶ
1146 1421 1527 1477 παραναλούμενα

513 1492 721 1547 δαπάνην
750 1494 943 1547 ματαίαν
973 1484 1118 1534 οὖσαν
1149 1489 1301 1533 αὐτῶν
1332 1490 1480 1533 εἵνεκα
1491 1523 1504 1543 ,

512 1558 561 1602 τὸ
593 1560 644 1602 δὲ
673 1555 835 1626 μικρὸν
864 1557 975 1601 αὐτὸ
1004 1558 1130 1600 τοῦτ’
1151 1557 1344 1614 ἀρεστὸν
1373 1565 1466 1607 τοῖς
1494 1563 1631 1609 θεοῖς.

393 1666 644 1716 Porphyrius
675 1660 735 1703 De
765 1665 912 1704 abstin.
944 1677 1051 1703 earn.
1085 1665 1192 1714 2,17
1223 1661 1323 1702 όθεν
1352 1661 1420 1702 καὶ
1448 1667 1530 1702 τῶν
1557 1667 1735 1713 ποιητῶν
1762 1673 1840 1701 τισι

287 1718 352 1761 διὰ
381 1720 424 1761 τὸ
453 1721 652 1774 γνώριμον
681 1717 982 1770 ἀποφαίνεσθαι
1012 1715 1139 1759 ἐδόκει
1167 1718 1212 1758 τὰ
1245 1720 1426 1770 τοιαῦτα,
1457 1716 1511 1766 ὡς
1538 1716 1769 1770 Ἀντιφάνει
1797 1717 1842 1758 ἐν

288 1774 471 1818 Μύστιδι
499 1777 649 1831 λέγεται
677 1779 758 1816 κτλ.
856 1779 895 1816 3.
918 1778 956 1819 4.
986 1774 1153 1815 ὕστατον
1179 1775 1185 1828 Ι
1211 1771 1396 1816 πόπανον
1425 1772 1622 1815 ἁπάντων
1655 1777 1718 1816 vel
1753 1772 1839 1815 ῧστ.

289 1833 452 1874 πάντων
482 1833 667 1873 πόπανόν
697 1849 736 1873 τε
767 1834 938 1873 Meinek
987 1831 1154 1880 ὕστατος
1183 1827 1478 1881 ἁπαξαπάντων
1508 1835 1548 1872 61
1568 1847 1606 1872 v.
1629 1835 1652 1872 7
1673 1829 1842 1905 ἆρέσκον

289 1893 426 1932 Cobet.
456 1892 507 1931 N.
538 1893 565 1930 1.
598 1893 698 1930 131.
729 1892 824 1930 419.
914 1892 953 1929 6.
984 1888 1117 1929 είνεκα
1146 1887 1216 1943 K]
1248 1888 1406 1929 οὕνεκα.

403 1963 437 1989 v.
460 1950 499 1987 3.
521 1950 547 1986 4
578 1948 827 1987 scribendum
857 1947 1016 1986 videtur
1052 1944 1117 1985 ἐπὶ
1154 1960 1202 1985 το
1214 1961 1256 1992 ις
1294 1945 1433 1998 βουσὶ
1463 1950 1623 1984 πᾶσιν
1644 1941 1840 1999 ῧστατοςΙ

286 2003 507 2051 πέλανος
537 1999 618 2043 ὑπ’
649 2001 813 2042 αὐτων
842 2005 923 2042 κτλ.
1012 2005 1048 2042 6.
1079 1997 1226 2053 αὐτων,
1256 2005 1282 2041 1.
1304 2016 1338 2042 6.
1369 2007 1449 2042 τῶν
1477 1997 1666 2041 θυόντων
1695 2000 1847 2043 εἵνεκα.

1002 2135 1106 2188 ‘165

784 2246 941 2303 βούλει
971 2248 1046 2289 καὶ
1075 2246 1157 2301 σύ,
1189 2248 1400 2302 φιλτάτη,
1431 2253 1571 2298 πιεῖν;

489 2320 541 2359 Β.
574 2318 720 2365 καλῶς
749 2317 837 2371 ἔχει
867 2330 952 2371 μοι.
1013 2319 1067 2357 Λ.
1098 2317 1340 2370 τοιγαροῦν
1372 2314 1481 2369 φέρε
1520 2347 1528 2356 .

486 2385 613 2439 μέχρι
642 2383 729 2438 γὰρ
759 2386 899 2439 τριῶν
929 2383 1027 2425 δεῖν
1057 2394 1168 2438 φασι
1197 2384 1332 2437 τιμᾶν
1360 2379 1464 2431 τοὺς
1493 2380 1642 2432 θεούς.

403 2489 630 2528 Athenaeus
664 2490 731 2536 10,
752 2489 864 2527 4416
901 2482 981 2526 οἷαι
1010 2484 1050 2525 δ’
1081 2485 1153 2526 εἰσὶ
1183 2484 1289 2537 παρὰ
1320 2489 1400 2532 τοῖς
1421 2483 1587 2536 ’Έλλησι
1618 2483 1855 2536 μεθύουσαιῑ

288 2545 335 2585 αἱ
372 2548 558 2598 γυναῖκες
601 2543 874 2596 παραδίδωσιν
913 2540 1208 2594 Ἀντιφάνης.
1228 2540 1298 2582 ,ἐν
1335 2539 1519 2580 Μύστιδι
1556 2539 1762 2610 (γυναῖκες
1797 2537 1848 2594 δέ

290 2602 388 2642 εἰσιν
417 2602 463 2640 αἱ
488 2598 780 2655 διαλεγόμεναι)
810 2602 888 2642 κτλ.
985 2601 1023 2639 2.
1054 2612 1216 2649 prorsus
1245 2600 1301 2639 sic
1322 2600 1370 2638 A.
1475 2599 1518 2637 in
1547 2599 1625 2636 fine
1655 2596 1730 2649 φὲρ
1733 2594 1809 2650 ’ἐγ
1844 2622 1846 2626 ·

288 2658 367 2697 πίω
398 2659 447 2698 G.
470 2659 605 2698 Herm.
637 2655 720 2726 ἐμοὶ
748 2654 842 2708 φέρε
873 2656 1010 2696 Cobet.
1033 2657 1132 2695 N.l.
1156 2658 1250 2695 132.
1341 2657 1378 2695 3.
1412 2654 1499 2693 δεῖν
1528 2655 1617 2694 add.
1648 2653 1784 2693 Dindf.

407 2716 454 2753 de
484 2713 613 2761 καλῶς
645 2712 721 2764 ἔχει
750 2727 836 2764 μοι,
875 2713 1018 2752 blande
1048 2713 1256 2752 recusandi
1288 2712 1474 2762 formula,
1505 2711 1554 2750 cf.
1585 2711 1709 2750 Arist.
1740 2711 1830 2750 Rau

295 2773 391 2811 508.
445 2772 543 2810 duae
573 2771 758 2809 mulieres
789 2770 1102 2819 conloquuntur,
1141 2782 1308 2819 quarum
1337 2769 1465 2807 altera
1495 2767 1610 2838 611611
1639 2764 1853 2817 potionem

292 2828 420 2876 offert,
453 2828 521 2866 sed
551 2840 641 2866 eum
671 2827 742 2865 illa
770 2830 934 2874 1ecuset,
965 2826 1050 2875 ipsa
1078 2822 1193 2865 bibit.
1818 2847 1819 2850 =
