1806 3216
602 210 810 247 AAHAQN
835 211 1103 247 ΔΡΑΜΑΤΩΝ
1547 210 1630 253 507

0 367 2 374 γ
62 314 179 357 Asin.
206 316 255 355 16
286 311 415 368 ἔγνων
444 318 538 382 σιγῇ
567 312 748 366 προϊέναι
777 313 844 356 καὶ
872 313 1097 367 κερδαίνειν
1125 311 1259 374 τρ-μῂ
1280 313 1486 379 παίεσθὶαι.
1530 315 1631 356 Xon.

65 372 184 423 Apol.
215 371 325 412 Soor.
349 374 373 412 9
403 371 615 424 αίρησομαι
646 374 833 413 τελευτᾶν
860 375 1013 424 μᾶλλον
1029 369 1069 424 ἢ
1097 369 1370 423 ἀνελευθέρως
1400 386 1443 411 το
1473 373 1546 423 ζῆν
1575 370 1631 411 ἔτι

61 433 288 477 προσαιτῶν
316 428 508 480 κερδᾶναι
538 426 607 469 τὸν
634 427 736 469 πολὺ
766 428 883 481 χείρω
911 428 1013 482 βίον.
1051 429 1234 470 Pallados
1267 429 1430 470 Anthol.
1452 429 1537 469 Pal.
1565 430 1628 478 10,

0 495 2 497 ’
62 485 117 526 59
154 485 270 525 τοῦτο
306 484 350 525 δὲ
387 482 590 540 (θανάτου
625 482 889 542 προσδοκίαν)
926 485 1125 538 κερδαίνει
1164 483 1317 538 θνητὸς
1346 479 1632 536 ἀπολλύμενος.

64 541 202 583 Cobet.
235 542 286 584 V.
306 540 358 583 l.²
380 545 473 583 261.
498 544 592 582 379.

296 668 333 719 ὦ
363 677 664 732 τρισμακάρια
695 675 842 719 πάντα
873 677 948 719 καὶ
978 676 1215 733 τρισόλβια

296 742 352 787 τὰ
381 742 528 801 θηρί’,
560 740 627 796 οἷς
656 743 741 788 οὐκ
773 746 867 789 ἔστι
897 745 1000 800 περὶ
1029 744 1209 789 τούτων
1238 744 1391 802 λόγος·

295 810 391 856 οὔτ’
417 814 479 863 εἰς
508 814 692 870 ἔλεγχον
723 812 860 858 οὐδὲν
891 810 1045 856 αὐτῶν
1074 814 1272 869 ἔρχεται,

297 878 396 924 οὔτ’
420 880 531 924 ἄλλο
563 880 730 925 τοιοῦτ’
755 880 893 925 οὐδέν
924 880 1016 925 ἐστ’
1042 879 1197 932 αὐτοῖς
1226 880 1370 925 κακὸν

246 958 268 991 5
299 949 512 1005 ἐπακτόν,
545 946 602 1006 ἣν
632 949 676 993 δ’
699 946 756 993 ἂν
787 948 1092 1006 εἰσενέγκηται
1122 950 1267 1006 φύσιν

297 1017 504 1072 ἕκαστον,
538 1016 679 1068 εὐθύς
708 1017 782 1061 καὶ
811 1019 958 1073 νόμον
987 1018 1159 1074 ταύτην
1188 1019 1290 1074 ἔχει.

297 1083 426 1143 ἡμεῖς
455 1084 498 1128 δ’
523 1085 720 1143 ἀβίωτον
749 1088 892 1142 ζῶμεν
922 1084 1162 1143 ἄνθρωποι
1191 1088 1313 1142 βίον·

299 1153 579 1210 δουλεύομεν
610 1153 829 1210 δόξαισιν,
863 1152 1076 1210 εὑρόντες
1106 1153 1295 1211 νόμους,

298 1223 612 1278 προγόνοισιν,
645 1222 918 1278 ἐγγόνοισιν.
957 1221 1041 1266 οὐκ
1072 1220 1163 1266 ἔστ’
1185 1221 1430 1279 ἀποτυχεῖν

226 1301 269 1333 10
299 1294 466 1347 κακοῦ,
497 1290 733 1346 πρόφασιν
763 1290 807 1334 δ’
830 1287 899 1334 ἀεὶ
929 1289 1015 1334 τιν’
1041 1291 1374 1347 ἐξευρίσκομεν.

181 1384 377 1426 stobaeus
396 1387 689 1436 Flori1.98,14
718 1382 944 1438 Φιλήμονος
974 1386 1024 1427 Α.
1092 1388 1131 1427 2.
1163 1384 1290 1426 ἔνεστι
1322 1387 1371 1426 A.
1441 1387 1480 1425 3.
1512 1380 1634 1424 οὐδὲν

67 1438 207 1482 αὐτῶν
235 1440 419 1496 Grotius]
448 1439 586 1482 αὐτῶν
615 1439 746 1483 οὐδὲν.
837 1444 874 1484 7.
902 1440 1119 1495 ἅνθρωποι
1149 1443 1287 1485 Cobet.
1310 1444 1361 1482 N.
1382 1444 1410 1482 1.
1433 1439 1534 1496 577]
1563 1439 1633 1480 ἄν·

66 1501 260 1596 θριπζσιτοιὶζ
326 1501 364 1539 9.
396 1495 619 1552 ἐκγόνοισιν
649 1501 769 1540 Mein.
827 1501 877 1543 cf.
906 1501 1091 1540 Menand.
1123 1501 1207 1540 520
1236 1501 1357 1543 Mein.
1410 1495 1631 1552 ἐκγόνοισι.

67 1569 194 1596 κουκ
265 1587 274 1596 .

184 1615 220 1652 2.
252 1610 418 1660 τούτων,
449 1614 478 1653 i.
501 1626 536 1653 e.
568 1611 716 1664 νόμων.
748 1613 797 1653 of.
823 1615 860 1654 6.
885 1615 923 1654 8.
1004 1614 1044 1654 5.
1077 1611 1347 1665 εἰσφέρεσθαι,
1380 1613 1405 1652 i.
1423 1627 1457 1653 e.
1482 1614 1635 1662 aliquid

67 1671 114 1710 de
147 1682 219 1711 suo
254 1671 430 1719 conferre
469 1667 609 1722 (sicuti
638 1667 804 1724 dotem),
843 1669 1041 1723 σπουδήν,
1080 1669 1329 1723 προθυμίαν,
1368 1668 1632 1720 φιλονεικιάν,

68 1728 145 1767 alia
180 1728 375 1768 eiusmodi
413 1727 518 1766 haud
555 1740 646 1766 rara
674 1728 780 1778 apud
809 1729 1068 1778 posteriorem
1117 1729 1187 1767 sed
1218 1725 1478 1778 εἰσφέρεσθαι
1507 1725 1635 1773 φύσιν

69 1785 124 1823 sic
162 1784 239 1824 dici
276 1797 392 1835 posse
428 1797 511 1824 non
549 1785 679 1824 credo.
739 1784 910 1824 fortasse
945 1782 1001 1836 ἣν
1039 1781 1079 1822 δ’
1112 1781 1166 1823 ἂν
1203 1782 1276 1831 εἴς
1315 1798 1362 1823 τι
1399 1788 1636 1834 κεκτῆται

69 1837 206 1890 φύσιν.
257 1842 308 1880 cf.
341 1842 391 1880 fr.
423 1843 491 1880 89.
579 1843 620 1881 8.
650 1840 865 1882 ‘servimus
894 1843 1158 1892 opinionibus,
1187 1839 1422 1887 maioribus,
1445 1843 1632 1890 posteris:

69 1899 116 1937 ut
144 1911 242 1946 rem,
274 1898 506 1949 potentiam,
537 1898 709 1949 gloriam
739 1899 787 1938 ab
818 1899 898 1939 illis
929 1902 1131 1950 acceptam
1152 1899 1214 1939 his
1235 1899 1472 1940 tradamus?
1504 1898 1633 1937 Bentl.

293 2074 420 2132 -ἀνήρ
450 2075 624 2127 δίκαιός
654 2076 778 2119 ἐστιν
808 2074 890 2132 οὐχ
921 2072 945 2118 ὁ
973 2074 1031 2132 μή
1066 2074 1258 2131 ἀδικῶν,

302 2142 405 2187 ἀλλ’
431 2143 555 2195 ὅστις
584 2142 760 2188 ἀδικεῖν
791 2144 1046 2200 δυνάμενος
1075 2143 1134 2200 μὴ
1164 2143 1400 2200 βούλεται·

303 2210 407 2255 οὐδ’
429 2209 477 2264 ὃς
505 2210 559 2256 τὰ
588 2213 728 2268 μικρὰ
759 2211 1008 2269 λαμβάνειν
1037 2210 1277 2268 ἀπέσχετο,

303 2278 403 2323 ἀλλ’
427 2276 475 2331 ὃς
503 2280 557 2323 τὰ
587 2279 759 2336 μεγάλα
788 2287 1000 2335 καρτερεῖ
1025 2280 1085 2337 μὴ
1119 2281 1381 2336 λαμβάνων,

251 2358 272 2388 5
303 2350 423 2403 ἔχειν
453 2348 706 2404 δυνάμενος
736 2347 811 2391 καὶ
842 2355 1025 2404 κρατεῖν
1056 2347 1267 2404 α’ζημίως·

304 2414 405 2459 οὐδ’
429 2414 476 2466 ὅς
504 2432 556 2472 γε
585 2419 727 2459 ταῦτα
757 2415 904 2459 πάντα
935 2417 1141 2471 διατηρεῖ
1166 2415 1324 2471 μόνον,

305 2481 406 2526 ἀλλ’
430 2482 550 2534 ὅστις
579 2482 748 2527 ἄδολον
777 2486 971 2539 γνησίαν
1000 2482 1041 2526 τ’
1064 2485 1179 2539 ἔχων
1210 2483 1353 2539 φύσιν

305 2548 421 2595 εἶναι
451 2551 624 2602 δίκαιος
654 2549 739 2594 κού
770 2552 923 2594 δοκεῖν
953 2547 1069 2594 εἶναι
1099 2551 1239 2594 θέλει.

189 2647 382 2686 Stobaeus
402 2646 542 2685 Floril.
567 2646 668 2696 9,22
698 2641 923 2697 Φιλήμονος
944 2646 996 2685 Α.
1054 2659 1094 2686 v.
1123 2648 1158 2684 1.
1182 2647 1206 2684 2
1239 2645 1421 2684 Menand.
1464 2647 1637 2684 monost.

73 2705 169 2743 638.
193 2705 216 2742 9
248 2703 398 2742 Anton.
421 2702 513 2742 Mel.
532 2703 588 2742 40
609 2716 646 2753 p.
667 2703 734 2742 61.
823 2703 861 2741 2.
892 2698 968 2756 μὴ]
1000 2697 1047 2740 οὕ
1080 2698 1179 2741 ΑΒ2
1211 2702 1302 2741 Mel.
1333 2704 1504 2741 monost.
1595 2704 1633 2740 6.

73 2759 258 2811 διατηρεῖ
280 2754 405 2810 μόνον
425 2756 602 2812 Grotius]
634 2757 952 2811 διαθηροόμενος.
984 2757 1166 2808 διατηρεῖ
1190 2756 1321 2808 μόνως
1354 2759 1387 2797 Α
1418 2770 1547 2809 marg.
1570 2755 1636 2797 B².

188 2817 236 2927 8.>
263 2816 407 2858 Aesch.
439 2815 551 2866 Sept.
582 2816 664 2855 592
702 2810 751 2855 οὔ
787 2813 862 2868 γὰρ
898 2814 1033 2854 δοκεῖν
1067 2812 1250 2867 ἄριστος,
1285 2809 1376 2853 ἄλλ’
1397 2809 1499 2854 εἶναι
1529 2811 1638 2853 θέλει

73 2869 214 2927 (Mein.
241 2901 249 2911 .
