1864 3204
456 203 882 240 ΔΙΟΝΤΣΙΑΖΟΤΣΔῙ
906 223 950 230 -
973 203 1255 241 ΕΠΙΣΤΟΛΑΙ
1558 203 1645 248 455

313 306 442 363 ἐρᾷς,
473 303 753 363 συνεραστὴς
781 303 1122 362 ἀπροφάσιστος
1149 293 1347 363 γίνεται,

309 373 518 430 πράττεις
547 390 612 428 τι,
645 373 804 431 πράξει
834 373 1087 432 συμπαρῶν
1117 374 1143 419 ὅ
1172 391 1214 419 τι
1245 374 1303 419 ἂν
1334 375 1438 432 δέῃ,

311 444 463 487 δίκαια
492 440 635 487 ταύτά
662 445 726 501 τῷ
753 443 969 500 τρέφοντι
999 443 1271 500 νενομικώς,

310 510 542 567 ἐπαινέτης
569 510 831 568 θαυμαστὸς
860 504 955 563 οἷος
983 513 1075 555 τῶν
1105 513 1267 568 φίλων.

239 589 283 622 10
311 581 520 636 χαίρουσι
550 580 750 624 δείπνων
777 578 963 636 ἡδοναῖς
992 578 1286 637 α’συμβόλοις·

307 650 375 700 τίς
403 646 447 691 δ’
471 646 571 704 οὐχὶ
599 650 807 704 θνητῶνς
857 644 887 704 ἢ
916 650 983 699 τίς
1010 647 1131 704 ἥρως
1158 647 1189 706 ἦ
1218 647 1326 700 θεὸς

307 715 622 772 ἀποδοκιμάζει
652 716 735 773 τήν
764 718 983 774 τοιαύτην
1014 715 1271 779 διατριβήν;

307 786 385 829 ἴνα
413 785 473 841 μὴ
505 785 556 829 δὲ
586 784 732 829 πολλοὶ
763 787 1032 843 μακρολογῶ
1062 783 1125 829 δι’
1148 784 1337 842 ἡμέρας,

307 853 550 911 τεκμήριόν
580 869 622 897 τι
651 854 934 911 παμμέγεθες
963 850 1092 910 οἶμαί
1116 852 1161 910 γ’
1184 853 1322 911 ἐρεῖν,

238 932 278 964 15
310 921 335 965 ὁ
365 925 458 966 τῶν
487 924 749 977 παρασίτων
779 921 840 974 ῶς
869 924 1097 979 τετίμηται
1126 923 1245 975 βίος·

306 991 415 1047 γε’ρα
445 989 532 1047 γὰρ
563 989 717 1042 αὐτοῖς
745 988 887 1035 ταύτὰ
919 998 1012 1042 τοῖς
1039 988 1275 1048 τώλύμπια

307 1058 466 1103 νικῶσι
496 1060 671 1103 δίδοται
701 1056 998 1116 χρηστότητος
1028 1059 1199 1114 εἵνεκα,

306 1129 488 1185 σίτησις.
538 1121 596 1172 οὗ
624 1126 712 1184 γάρ
742 1126 802 1185 μὴ
833 1130 1036 1171 τίθενται
1066 1130 1313 1185 συμβολαί,

305 1204 555 1252 πρυτανεῖα
585 1200 725 1240 ταῦτα
754 1196 903 1240 πάντα
932 1198 1311 1253 προσαγορευτέα.

186 1291 416 1331 Athenaeus
448 1293 485 1342 6,
501 1292 617 1332 237d
647 1290 920 1344 χαρακτηρίζει
949 1288 988 1330 δ’
1012 1287 1086 1330 οὐκ
1114 1285 1335 1344 ἀρρύθμως
1370 1289 1440 1332 τὸν
1469 1290 1636 1345 παράσι-

72 1363 140 1388 τον
169 1345 306 1396 ὁποῖός
336 1347 394 1396 τίς
426 1346 504 1388 ἐστι
537 1351 731 1401 Τιμοκλῆς
769 1347 814 1388 ἐν
844 1347 1074 1402 Δρακοντίῳ
1104 1345 1231 1396 οὕτως
1261 1350 1343 1389 κτλ.
1422 1351 1461 1390 2.
1494 1347 1637 1401 ἥκιστα

27 1418 30 1421 ’
70 1401 209 1445 οὐδέν·
241 1403 322 1444 ἔστι
350 1405 399 1445 A.
473 1402 513 1458 γ’
537 1407 626 1446 add.
648 1406 694 1446 P.
723 1406 835 1458 γεΒ.
909 1407 950 1446 3.
982 1403 1027 1445 ἐν
1048 1408 1174 1445 τοῖσιν
1193 1399 1286 1445 ουσι
1317 1405 1426 1450 Grot.
1449 1408 1635 1459 Excerpt.

71 1465 168 1503 691.
208 1460 253 1502 ἕν
274 1465 353 1511 τοῖς
373 1462 546 1516 βροτοῖσι
566 1463 774 1503 Herwerd.
793 1464 940 1503 Mnem.
957 1475 1051 1505 nov.
1067 1463 1151 1503 IIII
1172 1464 1269 1506 304.
1300 1477 1375 1504 scr.
1396 1466 1635 1516 θνητοῖσι

71 1516 273 1560 τούτων.
362 1521 401 1559 4.
433 1517 476 1559 τὸ
505 1520 595 1562 add.
628 1520 796 1560 Casaub.
887 1522 926 1560 7.
956 1517 1140 1572 πράττεις
1171 1520 1331 1572 Dindf.]
1364 1519 1552 1574 πράσσεις
1585 1523 1634 1562 Α.

71 1578 111 1616 8.
143 1571 267 1616 ταύτὰ
296 1574 351 1630 L]
384 1581 507 1616 ταῦτα
538 1578 588 1617 A.
680 1579 745 1617 11.
779 1578 1050 1628 interpunctio
1081 1580 1143 1617 est
1172 1577 1377 1618 Meinekii.
1469 1580 1534 1619 13.
1567 1577 1636 1618 ἴνα

69 1631 123 1685 μὴ
155 1631 199 1673 δὲ
230 1631 412 1687 Grotius]
444 1632 513 1673 ἴνα
533 1631 578 1673 δὲ
598 1631 652 1685 μὴ
673 1634 721 1673 A.
793 1636 858 1674 16.
891 1638 1016 1673 ταῦτα
1046 1636 1088 1673 et.
1118 1631 1164 1673 τὰ
1187 1629 1243 1673 ὄλ.
1266 1634 1315 1674 A.
1392 1634 1635 1688 17.ἐῑ’νεκα,

69 1704 150 1731 ιιοιι
170 1688 339 1741 οὕνεκα,
361 1691 412 1730 Α.
482 1693 546 1731 18.
578 1689 779 1743 σύμβολον
799 1690 841 1731 Ο.
916 1693 980 1731 19.
1010 1689 1323 1744 προσαγορευτέα
1343 1690 1484 1746 Mein]
1514 1702 1635 1745 προσ-

70 1746 301 1801 αγορεύεται
331 1747 381 1787 A.

186 1807 226 1845 6.
258 1802 528 1856 “συνεραστής
558 1806 754 1846 adiuvans
782 1806 828 1846 in
856 1817 1008 1852 amore,
1038 1808 1085 1845 ut
1115 1805 1231 1845 Bion.
1263 1807 1301 1855 9,
1323 1808 1348 1846 8
1380 1802 1635 1863 ἕρασσαμένῳ

69 1858 345 1914 συνέρασθαιῖ
368 1862 488 1901 Mein.
503 1862 582 1902 An.
601 1861 698 1902 Ath.
720 1863 812 1902 103.
875 1865 940 1904 10.
972 1862 1059 1902 ‘at’
1082 1862 1248 1913 inquit‘
1259 1865 1366 1904 nullo
1385 1877 1456 1904 suo
1475 1870 1636 1915 sumptu

72 1920 358 1960 convivantur?
391 1919 511 1958 Mein.
605 1920 669 1962 12.
708 1919 881 1971 Hesych.
911 1915 1212 1971 ἀποδοκιμάζει·
1245 1916 1474 1973 ἀποβάλλει.
1567 1925 1632 1962 17.

70 1974 327 2028 χρηστότητος
365 1974 500 2015 εἵνεκα
539 1976 611 2016 ex
641 1976 808 2016 solemni
839 1976 1088 2017 decretorum
1122 1977 1324 2028 formula?
1356 1978 1478 2018 Mein.
1568 1980 1633 2020 18.

70 2031 243 2084 σίτησις,
274 2036 321 2073 ut
349 2034 390 2073 in
420 2036 627 2085 prytaneo.

715 2122 993 2157 ΕΠΙΣΤΟΛΑΙ

304 2268 328 2311 ὁ
359 2271 602 2325 Δημοτίων
630 2269 679 2312 δὲ
710 2267 989 2325 παραμένειν
1019 2266 1139 2326 αὑτῷ
1169 2270 1320 2313 δοκῶν

302 2334 548 2392 τάργύριον
578 2335 662 2380 οὐκ
695 2335 904 2393 ἐφείδετ’,
937 2332 1049 2380 ἀλλὰ
1079 2338 1362 2394 παρέτρεφεν

302 2404 383 2447 τὸν
412 2402 708 2460 βουλόμενον.
759 2402 783 2447 ὁ
811 2406 1057 2459 Χαιρεφῶν
1085 2405 1170 2460 μὲν
1200 2408 1431 2457 παντελῶς

303 2473 457 2515 οἴκαδε
486 2473 683 2527 βαδίζειν
713 2469 831 2529 ᾤετ’,
862 2471 900 2515 ῶ
927 2470 1215 2524 ταλάντατος.

255 2550 275 2581 5
307 2541 381 2582 καὶ
411 2538 502 2596 μὴν
532 2542 596 2583 ἔτι
626 2538 751 2583 τοῦτ’
777 2542 899 2583 ἔστιν
928 2538 1057 2592 ἄξιον
1086 2540 1245 2597 μόνον,

303 2608 385 2650 τὸν
415 2609 743 2664 παραμασήτην
772 2609 1020 2664 λαμβάνειν
1050 2609 1242 2664 δίκρουν
1271 2610 1427 2661 ξύλον·

303 2673 400 2718 οὔτ’
425 2672 653 2731 εὔρυθμος
680 2677 770 2732 γάρ
803 2674 927 2719 εστιν
956 2674 1052 2720 οὔτ’
1076 2675 1343 2733 άχρήματος.

185 2758 414 2797 Athenaeus
435 2760 474 2807 6,
486 2759 567 2797 243
580 2758 604 2797 b
630 2760 828 2810 Τιμοκλῆς
849 2757 894 2798 ἐν
903 2753 1152 2807 Ἐπιστολαῖς
1172 2758 1239 2799 καὶ
1258 2756 1312 2808 ὥς
1333 2760 1557 2813 Δημοτίωνι
1577 2766 1632 2817 τῷ
1653 2758 1656 2761 ’

73 2810 209 2868 ἇσωτῳ
229 2819 542 2865 παρασιτοῦντος
563 2811 688 2855 αὐτοῦ
710 2813 1032 2884 (Χαιρεφῶντος)
1053 2813 1290 2868 μνημονεύει
1310 2819 1392 2856 κτλ.
1453 2821 1488 2859 1.
1501 2832 1630 2871 παρα-

72 2874 207 2923 μενεῖν
239 2871 459 2923 Schweigh.
526 2867 634 2927 αὑτῷ
664 2871 820 2926 Dindf.]
850 2868 964 2912 αυτῶ
993 2875 1042 2914 A.
1111 2875 1150 2916 4.
1182 2871 1295 2914 ῶιετο
1325 2868 1356 2913 ὦ
1388 2875 1437 2914 A.
1505 2877 1544 2916 5.
1576 2874 1631 2915 ἔτι
