1864 3204
223 195 306 237 210
862 197 1136 232 ΕΤΒοΤΛοΤ

222 303 268 339 in
296 313 414 348 quam
443 313 594 340 omnem
623 305 732 340 tuam
762 302 943 349 effuwdas
972 302 1185 350 crapulam.
1242 302 1416 341 brassica
1445 302 1550 341 enim
1579 302 1775 353 crapulam

223 357 373 396 diluere
404 358 742 396 existimabatur&
802 358 951 397 Iacobs.
982 357 1085 396 Add.
1117 358 1211 409 Ath.
1245 360 1310 397 30.
1366 359 1415 397 ef.
1446 358 1676 398 Anaxandr.
1709 360 1775 399 58.

223 414 408 462 Amphid.
443 415 507 453 37.
555 414 712 452 Alexid.
743 415 838 455 286.

958 491 1038 533 128

492 568 660 611 κόκκον
691 571 892 623 λαβοῦσα
923 569 1157 624 κνίδιονή1
1187 572 1268 612 τοῦ
1299 568 1536 623 πεπέριδος

491 634 672 690 τρίψασ’
705 634 817 691 ὁμοῦ
849 636 1026 692 σμύρνῃ
1058 637 1271 679 διάπαττε
1301 636 1383 692 τὴν
1414 635 1536 679 ὁδόν.

334 729 562 768 Athenaeus
594 731 638 779 2,
663 730 751 769 66d
782 729 837 776 εἰς
868 726 910 767 τὸ
941 728 1122 782 πρόπομα
1152 728 1219 768 καὶ
1248 735 1370 768 ταῦτα
1401 728 1677 780 ἐνεβάλλοντο,
1707 728 1777 769 πέ-

220 799 332 837 περι,
364 785 528 835 φυλλίς,
559 760 738 836 σμύρνα,
761 785 972 838 κύπειρον,
993 783 1120 837 μύρον
1141 782 1420 837 Αἰγύπτιον..
1439 784 1676 838 ,Εὔβουλος
1696 789 1777 826 κτλ.

220 842 392 883 Cramer
423 842 999 892 Anecd.0x.1111338,10
1037 841 1079 881 τὸ
1120 840 1165 881 δὲ
1201 841 1413 895 πεπέριδος
1443 841 1653 895 Εὔβουλος
1683 837 1778 883 εἶπε.

221 901 256 936 1.
287 898 445 937 κνίδιον
474 895 573 952 VL]
607 899 782 938 κνίδειον
811 899 944 938 BCD.
1003 896 1033 948 ἡ
1063 897 1154 966 τοῦ]
1192 897 1222 950 ἥ
1250 914 1309 938 τοι
1340 901 1461 939 Mein.
1517 897 1700 952 πεπέριος
1731 900 1777 939 L.

220 957 256 993 2.
291 954 481 994 διάπαττε
511 953 565 1008 L]
602 953 786 994 διαπάτει
816 956 865 994 V.
914 953 987 1004 τὴν
1015 953 1111 994 ὁδόν
1131 959 1366 1021 suspectum
1397 957 1607 996 Meinekio.
1661 950 1776 1005 τήνδ’

219 1007 313 1061 όλην
342 1013 547 1051 Herwerd.
580 1012 675 1051 Obs.
708 1013 793 1051 elib.
827 1014 902 1062 60,
942 1013 1047 1062 quod
1087 1013 1249 1051 minime
1286 1016 1442 1077 aptum,
1484 1014 1578 1063 quia
1607 1014 1778 1052 maxima

217 1082 308 1118 pars
339 1069 442 1107 vasis
477 1071 568 1108 vino
605 1070 688 1108 sine
728 1069 846 1108 dubio
876 1069 1070 1118 explenda
1100 1072 1174 1109 est.
1231 1070 1323 1108 fort.
1355 1063 1428 1119 τὴν
1457 1066 1690 1124 πρόχουν.
1723 1090 1777 1097 -—-

218 1138 387 1174 granum
417 1126 592 1163 cnidium
624 1138 703 1164 non
734 1139 758 1164 a
788 1124 934 1172 Cnido,
974 1126 1043 1164 sed
1073 1126 1121 1164 ab
1151 1127 1279 1165 urtica
1309 1122 1466 1179 (κνίδη)
1494 1138 1640 1164 nomen
1669 1138 1775 1165 acee-

219 1183 325 1230 pisse
356 1183 552 1220 sententia
582 1185 642 1220 est
673 1181 1057 1232 Schweighaeuseri,
1095 1194 1346 1232 nequaquam
1377 1185 1512 1221 tamen
1541 1183 1774 1221 necessaria.

220 1237 416 1287 Theophr.
449 1238 499 1277 H.
530 1239 585 1288 pl.
619 1240 663 1288 9,
689 1240 761 1287 20,
787 1239 810 1276 2
843 1234 864 1276 6
894 1237 1049 1284 κνίδιος
1079 1237 1221 1284 κόκκος
1253 1237 1492 1290 στρογγύλον
1522 1235 1698 1290 ἐρυθρὸν
1728 1242 1778 1293 τῇ

219 1294 352 1363 χρριᾶ,
390 1293 526 1344 μεῖζον
555 1293 599 1332 δὲ
630 1294 700 1332 τοῦ
729 1291 935 1346 πεπέριος,
975 1290 1230 1345 ἰσχυρότερον
1265 1292 1309 1333 δὲ
1338 1292 1438 1334 πολὺ
1469 1293 1518 1347 τῇ
1548 1293 1776 1347 θερμότητι,

219 1344 274 1387 δι’
307 1348 330 1387 6
359 1348 427 1387 καὶ
466 1345 561 1388 όταν
597 1350 741 1389 διδωσι
779 1349 1026 1399 κατάποτον,
1065 1350 1268 1389 διδόασι
1303 1349 1394 1402 γὰρ
1430 1348 1551 1401 πρὸς
1581 1352 1778 1398 κοιλίας

217 1404 385 1456 λύσιν,
426 1404 476 1444 ἐν
512 1405 644 1459 όίρτῳ
683 1403 712 1456 ἠ
750 1405 914 1445 στέατι
950 1406 1288 1458 περιπλάττοντες.
1338 1409 1386 1447 ef.
1418 1409 1524 1447 Plin.
1557 1407 1607 1446 N.
1639 1408 1678 1447 h.
1711 1409 1776 1455 13,
1807 1401 1811 1406 ’

222 1464 301 1500 114
334 1460 524 1514 (mamm
557 1461 772 1517 Cnidium).
806 1466 880 1512 27,
905 1466 971 1505 70.
1025 1465 1128 1514 apud
1168 1465 1370 1503 Eubulum
1410 1465 1458 1503 ad
1495 1462 1680 1515 πρόπομα
1709 1464 1778 1503 ad-

219 1519 346 1558 hiberi
376 1522 547 1559 testatur
578 1521 816 1561 Athenaeus.

959 1596 1038 1638 129

489 1677 671 1730 πολλοί,
704 1673 927 1729 φυγόντες
957 1676 1201 1730 δεσπότας,
1234 1674 1471 1729 ἐλεύθεροι

491 1742 618 1793 ὄντες
648 1742 785 1785 πάλιν
816 1746 995 1798 ζητοῦσι
1024 1741 1107 1797 τήν
1137 1741 1283 1798 αὐτὴν
1313 1743 1504 1797 φάτνην.

333 1837 528 1876 Stobaeus
558 1838 699 1876 Floril.
733 1838 805 1886 62,
829 1838 880 1875 32
920 1832 1134 1887 Εὐβούλου
1164 1837 1212 1877 A.
1267 1838 1421 1886 tropice
1458 1837 1553 1875 haec
1583 1836 1630 1875 de
1668 1837 1777 1886 cupi-

224 1894 416 1933 ditatibus
446 1896 647 1944 tamquam
679 1894 848 1933 dominis
878 1894 1083 1933 hominum
1113 1893 1300 1933 videntur
1329 1894 1436 1932 diota
1465 1906 1564 1932 esse.

961 2014 1043 2057 130

493 2092 647 2144 αὐτοῖς
679 2093 728 2136 δὲ
759 2101 852 2144 τοῖς
880 2098 1028 2136 θεοῖσι
1057 2091 1140 2149 τὴν
1170 2091 1333 2147 κέρκον
1361 2092 1506 2147 μόνην

492 2162 567 2204 καὶ
596 2159 742 2217 μηρὸν
772 2159 925 2215 ω’σπερ
956 2161 1271 2214 παιδερασταῖς
1299 2159 1448 2202 θύετε.

335 2255 518 2295 Clemens
548 2256 661 2295 Alex.
695 2256 841 2295 Strom.
875 2257 918 2306 7,
943 2257 987 2307 6,
1011 2256 1064 2294 30
1098 2252 1299 2305 Εὔβουλος
1329 2251 1373 2291 δὲ
1403 2250 1423 2291 6
1455 2250 1522 2291 καὶ
1552 2249 1670 2299 αὐτὸς
1700 2267 1773 2291 κω-

218 2309 331 2362 μικὸς
362 2306 439 2349 ώδέ
469 2326 551 2358 πως
581 2311 669 2363 περὶ
699 2312 778 2350 τῶν
808 2315 965 2350 θυσιῶν
997 2309 1140 2363 γράφει
1168 2312 1250 2349 κτλ.
1339 2311 1376 2351 2.
1414 2306 1522 2361 μηρί
1556 2309 1692 2349 Cobet.
1722 2310 1772 2349 Ν.

221 2369 247 2406 1.
287 2370 364 2407 138
395 2369 496 2407 conl.
528 2369 577 2408 fr.
612 2370 677 2407 95.

958 2434 1033 2475 131

550 2508 573 2553 6
605 2513 856 2562 Λευκάδιος
886 2511 1073 2565 πάρεστι
1104 2511 1179 2552 καὶ
1207 2510 1420 2565 μιλίττιος

546 2579 742 2629 οἰνίσκος
772 2577 896 2621 οὔπω
928 2578 1123 2634 πότιμος.
1322 2572 1324 2575 ’

333 2673 559 2711 Athenaeus
585 2675 618 2719 1,
642 2673 727 2711 29a
757 2669 965 2723 Εὔβουλος
987 2674 1067 2711 κτλ.
1136 2672 1173 2713 1.
1197 2669 1396 2721 Μιλήσιος
1418 2670 1461 2709 L.
1532 2671 1569 2710 2.
1591 2668 1704 2709 οὔπω
1719 2669 1774 2722 L]

224 2727 326 2766 οὕτω
357 2729 447 2768 ΒΟ.
507 2724 553 2766 οὕ
585 2731 710 2767 Λευκ.
741 2726 815 2779 γάρ
846 2726 924 2766 ἐστι
954 2729 1074 2767 Mein.
1105 2729 1147 2766 in
1176 2727 1323 2766 Athen.

335 2787 533 2824 Milesium
562 2786 699 2824 vinum
737 2797 930 2833 nusquam
968 2784 1265 2823 commemorari
1295 2784 1502 2822 adnotavit
1540 2783 1772 2823 Meinekius.

223 2841 415 2892 οἰνίσκος,
458 2845 502 2880 ut
539 2840 691 2880 Cratin.
726 2841 818 2879 183.
873 2833 1122 2880 scribendum
1161 2842 1220 2879 est
1251 2841 1302 2879 A.
1359 2835 1406 2877 οὐ
1438 2837 1663 2885 Λευκάδιος
1699 2836 1774 2890 γάρ
