1864 3204
234 203 317 244 332
882 202 1134 243 ΑΛΕΞΙΔΟΣ

913 306 1121 340 KATNIOI

353 386 522 426 Aristot.
544 387 662 426 Rhet.
685 389 723 438 2,
747 387 800 426 25
830 382 903 425 οὐκ
933 383 984 424 α“ν
1016 383 1162 438 ἐλέγετο
1192 382 1365 433 Καύνιος
1395 383 1511 438 ἔρως,
1542 385 1578 426 εἰ
1603 380 1658 438 μὴ
1685 379 1791 438 ἦσαν

237 440 303 481 καὶ
334 440 501 510 πονηροὶ
531 440 1227 505 ἕρωτες.81;θρ11.ΒγΖ.Καῦνος,
1247 439 1360 490 πόλις
1389 441 1541 494 Καρίας
1570 436 1648 481 ἀπὸ
1682 441 1789 483 Καύ-

239 513 334 546 νου,
372 499 419 537 οὑ
459 494 484 549 ἡ
526 495 679 550 ἀδελφὴ
711 498 858 551 Βυβλὶς
896 497 1109 551 ἐρασθεῖσα
1149 493 1363 551 φεύγοντος
1394 495 1547 538 ἐκείνου
1577 493 1790 551 (ἀπήγξατο

239 556 330 594 add.
352 555 533 594 Eustath.
557 556 675 595 1)1οιι.
700 554 815 609 533).
866 553 968 595 ὅθεν
995 553 1020 607 ἡ
1052 555 1238 624 παροιμία
1268 552 1288 594 ὁ
1319 553 1497 602 Καύνιος
1526 553 1631 606 ε’ρως.
1678 556 1795 596 811141.
1847 581 1853 586 -

240 610 418 658 Καύνιος
440 610 558 662 ἔρως·
590 609 653 650 ἐπὶ
684 617 764 651 τῶν
791 610 847 663 μὴ
877 610 1211 665 κατορθουμένων
1240 609 1481 662 ἕπιθυμιων.
1532 613 1694 659 Καῦνος
1714 611 1790 665 γὰρ

235 666 302 707 καὶ
333 664 480 718 Βύβλις
510 664 676 718 ἀδελφοὶ
706 667 988 720 ε’ὁυστύχησαν.
1040 669 1276 720 Diogenian.
1310 671 1348 718 5,
1381 671 1430 708 71
1465 666 1643 716 Καύνιος
1673 667 1790 738 ἔρως·

237 723 300 763 ἐπὶ
330 729 409 763 τῶν
443 722 498 775 μὴ
538 723 871 789 κατορθουμένων
910 723 1150 776 ἐπιθυμιῶν.
1209 723 1377 764 Καύνου
1413 739 1489 777 γαρ
1519 722 1735 776 ἐρασθεῖσα
1761 720 1789 792 ἡ

234 777 390 830 αδελφὴ
420 781 487 821 καὶ
515 774 568 832 μὴ
598 787 773 832 τυχοῦσα
803 782 873 820 τοῦ
903 780 1044 832 ἔρωτος
1074 779 1230 821 ανεῖλεν
1259 780 1418 833 ἑαυτήν.
1478 776 1788 832 Hesych.Koe15-

235 851 321 884 νιος
344 836 494 887 ””Ερως
535 835 578 876 ἕν
616 837 767 891 Καύνῳ
807 843 974 889 τιμᾶται.
1024 836 1091 877 καὶ
1129 835 1149 876 ὅ
1189 836 1374 888 σφοδρός.
1433 839 1566 888 itaque
1597 851 1715 888 quam
1743 851 1791 878 ex

240 894 453 934 Parthenio
475 891 581 948 (11),
613 878 775 934 Conone
795 892 972 948 (Narrat.
995 893 1059 948 2),
1091 895 1240 936 Anton.
1263 895 1351 934 Lib.
1374 891 1479 949 (30),
1507 895 1650 934 ovidio
1672 890 1787 948 (Met.

237 952 285 1000 9,
317 952 399 989 454
422 947 500 1004 sq.)
545 953 727 991 novimus
774 952 949 990 fabulam
993 953 1132 990 multis
1174 953 1283 990 varie
1326 952 1547 1002 antiquitus
1589 954 1791 990 narratam

241 1008 360 1045 etiam
389 1007 525 1047 Alexis
554 1009 712 1047 videtur
742 1009 986 1048 tractavisse.
1038 1021 1138 1058 quae
1169 1009 1202 1047 si
1232 1008 1294 1047 cui
1324 1008 1550 1058 tragoediae
1580 1020 1696 1057 quam
1725 1020 1790 1047 co-

240 1064 419 1102 moediae
450 1065 578 1114 aptior
605 1065 807 1115 videatur,
839 1066 872 1104 is
901 1065 1123 1115 permultas
1153 1065 1394 1115 tragicorum
1424 1064 1578 1104 fabulas
1598 1065 1718 1103 etiam
1746 1064 1789 1103 in

239 1121 384 1169 quibus
414 1133 623 1171 corporum
656 1122 932 1161 conversiones
970 1123 1143 1160 inessent
1173 1121 1394 1160 comoediae
1422 1121 1546 1160 fuisse
1574 1133 1791 1160 accommo-

238 1177 352 1216 datas
382 1178 623 1217 recordetur.
674 1180 848 1238 cetera-m
879 1179 928 1217 cf.
961 1178 1008 1217 E.
1040 1178 1176 1217 Rohde
1207 1177 1274 1217 Gr.
1306 1178 1420 1219 Rom.
1452 1177 1504 1216 94
1519 1189 1577 1227 sq.

497 1367 547 1410 ἐν
577 1368 638 1423 τῷ
666 1368 891 1424 βαλανείῳ
921 1365 1031 1422 μήτε
1061 1368 1154 1420 πῦρ
1183 1372 1280 1416 ταῖς
1311 1364 1519 1420 ἐσχάραις

496 1432 603 1477 ε’νόν
633 1435 952 1490 κεκλεισμένον
982 1450 1029 1477 τε
1059 1432 1385 1489 τᾶλειπτήριον.

346 1528 487 1566 Pollux
528 1530 564 1575 7,
597 1529 675 1566 166
721 1525 836 1579 μέρος
881 1525 925 1566 δὲ
968 1526 1180 1580 βαλανείου
1226 1524 1369 1578 ε’σχάρα
1411 1524 1479 1565 καὶ
1522 1523 1786 1577 ἇλειπτήριον.

236 1581 335 1633 φησὶ
364 1589 463 1634 γοῦν
483 1582 635 1632 ’Ἀλεξις
667 1581 711 1622 ἐν
743 1583 932 1631 Καυνίοις
952 1587 1032 1623 κτλ.
1112 1587 1149 1622 1.
1179 1588 1260 1635 πῦρ
1288 1583 1587 1634 Iungermann.]
1621 1581 1663 1621 τὸ
1692 1587 1788 1632 πῦρ.

235 1641 273 1678 2.
305 1637 402 1690 ἐνῆν
422 1642 542 1679 Mein.
566 1641 603 1679 V
622 1642 689 1688 88,
722 1642 945 1680 coniectura
975 1642 1266 1680 infelicissima:
1300 1653 1400 1690 opus
1430 1640 1535 1678 enim
1566 1642 1653 1679 erat
1681 1637 1784 1679 οὔτε.

234 1697 404 1735 fortasse
435 1698 490 1736 sic
519 1698 886 1747 interpretandum:
919 1694 1055 1751 ‘(quid
1076 1698 1200 1748 igitur
1219 1693 1430 1749 facerem),
1463 1697 1495 1735 si
1524 1709 1652 1746 neque
1682 1696 1787 1747 ignis

233 1753 274 1791 in
304 1753 400 1792 focis
431 1756 538 1792 erat'
571 1758 643 1795 cet.

808 1820 1211 1854 ΚΗΡΤΤΤΟΜΕΝΟΣ

349 1890 534 1928 Fortasse
560 1884 929 1941 Ἐκκηρυττόμενος.
960 1889 1134 1946 Meinek.
1166 1889 1186 1927 I
1206 1890 1301 1929 400.
1346 1888 1450 1939 quod
1480 1889 1514 1928 si
1545 1901 1679 1928 verum
1711 1888 1784 1938 est,

241 1947 402 1985 extorris
432 1945 687 1997 significatur.
969 1998 1047 2040 102

435 2075 543 2119 ὥστ’
579 2075 743 2128 ἐξελων
775 2077 825 2120 ἐκ
856 2080 936 2119 τοῦ
967 2077 1222 2132 λυχνούχου
1254 2075 1337 2119 τὸν
1367 2075 1534 2131 λύχνον

435 2148 600 2199 μικροῦ
632 2144 916 2194 κατακαύσας
946 2142 1072 2187 ἔλαθ’
1107 2144 1283 2198 ἑαυτόν,
1315 2141 1402 2186 ὑπὸ
1433 2143 1574 2199 μάλης

435 2214 488 2268 τῇ
519 2214 679 2268 γαστρὶ
708 2214 885 2267 μᾶλλον
913 2215 996 2254 τοῦ
1028 2211 1208 2262 δέοντος
1236 2208 1550 2267 προσαγαγών.

345 2294 574 2333 Athenaeus
615 2297 825 2343 15,1561
867 2295 1002 2334 Dindf.
1037 2292 1189 2342 ’Ἄλεξις
1227 2291 1266 2332 δ’
1301 2290 1344 2333 ἐν
1382 2290 1664 2347 Κηρυττομένω
1701 2296 1782 2332 κτλ.

234 2353 268 2388 1.
302 2349 524 2400 λυχνούχου
556 2348 625 2389 τὸν
653 2326 795 2392 E’lmsl.
825 2351 949 2390 Arist.
982 2351 1080 2392 Ach.
1104 2349 1205 2402 963]
1238 2349 1385 2401 λύχνου
1417 2349 1485 2389 τὸν
1513 2347 1656 2400 χουτὸν
1685 2348 1784 2418 (ιιοιι

231 2404 395 2474 χαντον)
433 2407 469 2445 Α
504 2409 606 2447 teste
642 2409 688 2446 R.
721 2408 914 2447 Schoellio
953 2407 1090 2446 Herm.
1124 2407 1206 2446 IIII
1239 2409 1332 2447 168.
1398 2403 1574 2459 (litterae
1611 2406 1711 2454 λεξις
1740 2400 1783 2444 δ’

232 2461 275 2501 ἐν
304 2460 594 2514 κηρυττομένωι
625 2467 665 2502 et
694 2461 729 2502 τ’
764 2461 907 2512 ἐξελών
937 2460 978 2501 ἐκ
1017 2468 1088 2501 τοῦ
1125 2464 1241 2502 hodie
1280 2465 1346 2503 vix
1376 2466 1543 2513 possunt
1572 2459 1784 2516 dignosci.)

237 2522 273 2558 2.
306 2515 420 2557 ἔλαθ’
456 2517 600 2558 ἑαυτόν
628 2519 789 2572 ElmsL]
822 2518 968 2558 ἔλαθεν
997 2514 1124 2558 αὐτόν
1151 2519 1200 2558 Α.
1249 2516 1389 2573 μαλης]
1419 2517 1546 2570 μέθης
1577 2519 1783 2558 Herwerd.

232 2577 333 2615 Nov
355 2576 446 2614 add.
470 2577 557 2615 crit.
581 2577 647 2615 31.
686 2573 810 2628 μάτης
832 2578 991 2616 ‘temere
1012 2580 1046 2616 et
1065 2577 1300 2616 inconsulto’
1325 2577 1443 2617 Mein.
1469 2577 1546 2615 An.
1568 2575 1662 2614 Ath.
1687 2576 1781 2614 344.

231 2646 280 2671 an
310 2627 598 2683 ύπαμελήςῬ

857 2698 1162 2732 ΚΙΘΑΡῼΙΔΟΣ

975 2765 1054 2806 103

345 2846 514 2885 Bekker.
540 2846 687 2886 Anccd.
712 2847 777 2895 96,
800 2847 823 2885 9
857 2843 994 2898 ἐξέβη
1023 2841 1143 2897 ἡμῖν
1173 2843 1223 2885 τὸ
1253 2841 1507 2890 ἐνύπνιον·
1529 2842 1679 2893 ’Ἁλεξις
1709 2845 1781 2883 Κι-
