1864 3204
204 211 286 253 208
840 212 1114 247 ΕΤΒοΤΑοΤ

318 316 356 354 4.
389 311 482 353 οὐδὲ
510 314 607 365 μίαν
635 312 761 364 ἄλλην
791 317 862 354 ‘ex
893 319 988 355 noto
1019 329 1093 355 usu
1123 313 1300 356 dicendi'
1333 317 1507 366 explicat
1526 317 1760 357 Meinekius.

206 374 248 410 at
276 384 359 410 non
389 372 518 411 solum
548 384 593 410 ea
622 385 722 421 quae
751 372 889 411 attulit
916 373 1127 412 Iacobsius
1139 373 1245 412 Add.
1266 374 1359 413 Ath.
1383 374 1450 413 22.
1473 375 1510 422 3,
1543 374 1612 413 sed
1632 374 1764 415 omnia

206 428 366 467 omnino
405 429 487 466 01118
525 440 620 467 118118
659 430 836 479 exempla
872 429 1113 468 alienissima
1150 433 1256 469 sunt.
1322 432 1440 480 poeta
1477 430 1635 480 scripsit
1672 425 1760 468 ἀλλ’

210 481 303 522 οὐδὲ
332 481 393 534 μὰ
428 482 521 522 Δία
550 482 667 522 πάλι
680 499 702 523 v
722 482 879 536 ἑταίραν
900 478 980 523 εἶδέ
999 499 1066 531 τις.
1116 499 1208 524 nam
1228 488 1439 537 postquam
1459 487 1628 536 piscium
1647 498 1762 526 usum

209 541 465 590 carniumque
504 541 695 579 elixarum
732 542 889 581 heroica
925 544 1052 581 aetate
1091 543 1274 592 ignotum
1312 556 1398 582 esse
1439 543 1596 593 docuit,
1642 543 1762 582 etiam

209 594 365 647 ἑταίρας
397 602 492 635 tunc
521 597 642 636 fuisse
670 601 801 648 negat.
840 596 962 636 πάλιν
992 599 1047 638 810
1077 611 1202 649 saepe,
1234 600 1344 639 velut
1369 571 1596 649 Antiphanf
1610 599 1705 650 144,
1722 599 1762 639 4.

212 655 305 703 191,
329 654 367 691 8.
412 654 596 692 Menand.
630 655 772 704 295,.9
804 655 924 693 Mein.

886 763 979 804 121.
1013 763 1094 805 122

319 845 374 883 A.
405 841 486 891 θὲς
516 839 794 884 ἑπτάκλινον.
853 844 904 883 Β.
936 840 1202 892 ἑπτάκλινος
1231 840 1399 884 οὑτοσί.

323 915 376 951 Α.
411 909 485 950 καὶ
516 908 650 950 πέντε
679 910 835 958 κλίνας
866 908 1116 958 Σικελικάς.
1178 912 1228 951 Β.
1260 911 1356 964 λέγ’
1387 908 1498 952 ἄλλο
1529 925 1582 952 τι.

323 980 376 1019 Α.
411 975 625 1018 Σικελικὰ
657 974 1000 1031 προσκεφάλαια
1030 977 1174 1019 πέντε.
1232 977 1302 1033 (Β.
1333 977 1475 1033 πέντ’,
1507 975 1621 1019 ἰδού.

324 1048 379 1086 A.
411 1043 484 1085 καὶ
515 1044 648 1086 πέντε
678 1044 926 1099 τρίποδας.)
993 1046 1036 1085 Β.
1069 1044 1276 1097 τρίποδες
1305 1038 1431 1087 οὗτοι
1460 1045 1594 1087 πέντε
1623 1055 1707 1087 σοι.

276 1119 296 1150 5
328 1115 381 1153 A.
414 1111 490 1153 καὶ
521 1111 653 1153 πέντε
682 1137 738 1142 -
767 1114 818 1154 Β.
849 1112 1261 1166 πεντηκοστολόγος
1289 1113 1548 1167 γενήσομαι.

323 1205 551 1243 Athenaeus
583 1206 619 1254 2,
641 1205 725 1243 47f
759 1201 820 1242 ότι
856 1202 925 1243 καὶ
961 1204 1148 1257 τρίκλινοι
1186 1200 1287 1244 οἶκοι
1323 1204 1390 1244 καὶ
1429 1204 1668 1256 τετρακλινοι
1696 1203 1764 1244 καὶ

213 1258 311 1299 κατὰ
342 1259 434 1307 τοὺς
457 1258 547 1310 ἑξῆς
577 1255 774 1312 αριθμοὺς
807 1254 911 1310 ἦσαν
931 1274 1036 1313 παρα
1068 1264 1148 1308 τοῖς
1169 1263 1405 1328 παλαιοῖς.
1426 1259 1662 1314 ,Εὔβουλος
1682 1264 1763 1302 κτλ.

212 1314 268 1371 (v.
293 1317 429 1367 1—3).
471 1318 576 1355 idem
599 1318 636 1367 2,
658 1318 743 1356 490
771 1315 978 1368 Εὔβουλος
999 1316 1178 1369 τρίποδες
1199 1331 1306 1356 ουτοι
1326 1316 1439 1357 πέντε
1459 1341 1514 1347 —-
1534 1317 1764 1370 γενήσομαι.

209 1374 471 1424 probabiliter
501 1375 542 1412 in
572 1387 697 1412 unum
728 1374 999 1424 fragmentum
1019 1375 1223 1413 coniunxit
1242 1375 1478 1414 Meinekius.
1525 1388 1624 1425 quae
1653 1376 1765 1415 uncis

210 1431 374 1480 inclusi,
421 1444 458 1469 v.
497 1431 521 1468 3
562 1442 636 1480 ego
675 1430 880 1494 supplevi,
925 1444 965 1470 v.
996 1431 1023 1468 4
1065 1431 1299 1470 Meinekius.
1343 1432 1403 1471 af.
1442 1432 1629 1481 Eupolid.
1670 1432 1765 1474 149.

213 1488 305 1525 152.
330 1487 366 1524 3.
456 1487 492 1524 5.
524 1486 549 1524 i.
582 1499 614 1524 e.
657 1487 691 1525 si
729 1487 877 1525 totiens
918 1484 1112 1552 (deciens)
1148 1488 1288 1554 quinas
1325 1488 1457 1527 nescio
1497 1501 1594 1537 quas
1630 1501 1693 1527 res
1723 1489 1764 1527 in

210 1543 404 1581 rationem
440 1543 627 1594 referam,
675 1539 1027 1594 πεντηκοστολόγος
1063 1542 1292 1595 γενήσομαι.
1352 1544 1467 1582 Phot.
1506 1554 1764 1594 πεντηκοστο-

209 1597 337 1650 λόγοι·
371 1600 547 1639 τελῶναι.
594 1596 837 1650 Μένανδρος
860 1597 962 1651 (904
984 1597 1138 1667 Mein).
1182 1600 1284 1640 Poll.
1307 1601 1343 1650 2,
1371 1601 1450 1638 124
1479 1598 1766 1651 δεκατηλόγους

210 1653 255 1692 δὲ
290 1652 357 1693 καὶ
395 1653 782 1706 πεντηκοστηλόγους
822 1653 1086 1706 Δημοσθένης
1124 1651 1219 1709 (21,
1244 1658 1337 1695 133.
1370 1657 1443 1706 34,
1468 1658 1504 1695 7.
1537 1653 1632 1709 [59,
1656 1653 1763 1710 27]).

210 1712 383 1753 Boeekh.
416 1711 510 1751 Oec.
541 1709 647 1750 Att.²
675 1712 695 1750 I
724 1712 860 1750 425-
865 1713 960 1751 432.
990 1712 1032 1750 II
1061 1713 1195 1751 352-
1204 1714 1297 1752 355.
1344 1711 1608 1764 εἰκοστολόγος
1637 1713 1764 1752 Arist.

210 1768 309 1807 Ran.
342 1770 435 1807 363.

955 1822 1035 1863 123

325 1903 551 1942 Athenaeus
591 1904 635 1952 2,
666 1904 748 1942 65e
792 1900 834 1941 τὸ
875 1897 1144 1968 στρουθαριον
1180 1899 1275 1954 παρ’
1313 1900 1449 1950 ἄλλοις
1490 1917 1530 1942 τε
1566 1901 1634 1942 καὶ
1663 1900 1762 1955 παρ’

210 1958 424 2011 Εὐβούλῳ·
477 1958 659 2028 περδίκια
696 1956 792 2011 λαβὲ
836 1954 985 2011 τέτταρ’
1025 1956 1053 2009 ἢ
1089 1957 1157 1998 καὶ
1192 1957 1325 2011 πέντε,
1372 1957 1602 2006 δασύποδας
1646 1963 1763 2010 τρεῖς,

212 2013 457 2067 στρουθάριά
494 2012 541 2052 θ’
581 2010 667 2054 οἷον
705 2013 927 2084 ἐντραγεῖν,
965 2012 1288 2066 ἀκανθυλλίδας,
1335 2014 1569 2067 βιττακους,
1610 2015 1762 2066 σπίνια,

212 2070 442 2126 κερχνῇδας,
474 2085 520 2109 τα
543 2086 563 2109 τ
597 2068 685 2110 ἄλλ’
702 2068 788 2110 α’ττ’
805 2067 857 2109 α“ν
878 2069 1078 2125 ἐπιτύχῃς
1110 2070 1248 2123 λαβετε
1278 2069 1405 2121 τέταρ’
1430 2068 1459 2121 ἢ
1486 2069 1601 2111 πέντε
1633 2071 1677 2111 C.
1710 2095 1764 2100 ——

213 2130 346 2167 nescio
377 2141 447 2166 cur
476 2129 698 2167 Meinekius
736 2129 779 2166 in
809 2129 872 2169 ed.
903 2129 1000 2166 min.
1033 2129 1080 2166 de
1109 2128 1365 2167 restituendis
1394 2129 1454 2167 his
1485 2129 1666 2168 versibus
1697 2129 1764 2167 de-

212 2185 451 2234 speraverit,
485 2185 590 2234 quod
610 2185 737 2223 multo
768 2184 922 2223 facilius
953 2186 1013 2223 est
1032 2197 1149 2234 quam
1179 2185 1256 2234 ipsi
1285 2185 1340 2223 in·
1357 2185 1416 2224 ed.
1447 2186 1539 2224 mai.
1563 2185 1762 2224 successit.

213 2241 372 2279 difficile
404 2243 464 2279 est
493 2242 732 2280 sententiam
762 2242 900 2290 poetae
939 2242 995 2279 ita
1030 2241 1303 2291 interpretari,
1343 2244 1390 2279 ut
1425 2241 1500 2280 tibi
1537 2242 1622 2291 ipse
1652 2241 1764 2280 satis-

211 2297 343 2335 facias.
394 2310 531 2336 versus
561 2298 643 2336 fere
673 2298 837 2336 fuerunt
865 2297 930 2335 hi:

1021 2363 1205 2415 περδίκια

324 2415 420 2470 λαβὲ
451 2416 497 2472 (i.
519 2434 553 2459 e.
560 2417 672 2487 eme)
703 2416 852 2471 τέτταρ’
883 2417 912 2471 ἢ
940 2418 1007 2458 καὶ
1035 2418 1171 2471 πέντε,
1203 2418 1432 2466 δασύποδας
1463 2417 1508 2458 δὲ
1536 2423 1659 2472 τρεῖς,

326 2471 570 2544 στρουθαρια
599 2473 647 2514 θ’
680 2471 765 2514 οἷον
795 2473 1016 2529 ἐντραγεῖν,
1046 2472 1272 2522 ἀκανθίδας

324 2546 391 2570 και
419 2531 649 2600 βιττακρυς,
681 2531 881 2582 σπινίδια,
912 2531 1129 2587 κερχνῇδας
1159 2546 1197 2571 τε
1227 2530 1294 2571 καὶ
1323 2572 1325 2574 ,

275 2594 295 2625 5
325 2584 450 2638 τᾶλλ’,
481 2584 565 2646 ἅττ’
597 2585 650 2627 ἂν
681 2586 878 2642 ἐπιτύχῃς.

214 2679 255 2716 in
283 2679 345 2717 his
375 2678 475 2716 nibil
505 2679 587 2717 fere
617 2679 768 2716 mutavi
797 2680 956 2728 praete1
985 2674 1234 2729 ακανθίδας,
1265 2691 1364 2728 quae
1385 2691 1462 2717 non
1484 2691 1573 2717 raro
1594 2691 1761 2718 comme-

213 2738 444 2782 morantur,
475 2736 515 2772 et
534 2733 732 2784 σπινίδια,
763 2747 861 2783 (111οο
883 2748 1040 2784 semper
1060 2735 1134 2785 sic,
1164 2748 1380 2785 numquam
1402 2733 1540 2773 σπίνια
1561 2738 1761 2774 vocantur.

216 2791 347 2829 nescio
378 2793 512 2829 tamen
543 2791 639 2840 quid
669 2791 722 2830 sit
752 2784 837 2828 οἷον
867 2789 1080 2842 ἐντραγεῖν,
1111 2791 1267 2830 etiamsi
1287 2792 1406 2830 scribi
1425 2791 1552 2841 possit
1579 2785 1672 2829 όσον
1700 2787 1763 2828 ἐπ-

215 2849 430 2897 εντραγεῖν.
467 2860 704 2896 quamquam
727 2847 833 2886 enim
855 2848 1030 2886 aviculae
1053 2848 1134 2886 illis
1159 2848 1404 2897 temporibus
1420 2848 1526 2886 inter
1539 2842 1763 2898 τραγήματα
