1864 3204
213 196 296 237 272
880 193 1100 232 ΑΝΑΞΙΛΑ
1124 243 1127 246 Α

327 300 555 338 Athenaeus
579 300 643 349 10,
658 300 770 338 4260
798 295 1006 346 Ἀναξίλας
1038 296 1080 336 ἐν
1102 299 1238 349 Νηρεῖ
1261 296 1336 348 ἔφη
1366 300 1447 336 κτλ.
1529 299 1567 347 2.
1597 294 1649 335 ἂν
1678 298 1766 339 add.

212 357 325 396 Pors.
414 354 493 405 τρὶς
523 356 572 393 Α.
606 352 682 406 τρί’
716 357 778 394 vel
809 358 911 402 τρεῖς
942 357 983 393 et
1014 352 1084 393 ἕνα
1113 355 1314 394 Herwerd.
1348 354 1442 394 Obs.
1476 355 1563 393 erit.
1596 356 1663 393 23.
1715 354 1765 394 cf.

213 414 368 452 Alexid.
401 414 495 460 226,
520 413 557 449 2.
601 412 727 450 Diocl.
760 413 795 450 6.
840 412 1020 450 Phereer.
1055 413 1120 462 70,
1140 413 1166 448 4
1205 414 1246 450 et
1283 424 1383 461 quae
1413 411 1686 450 adnotavimus
1716 411 1766 449 ad

213 470 394 508 Pherecr.
426 469 645 507 Coriannus
678 469 966 519 titulum„extr.

818 590 1166 624 ΟΡΝῙΘΟΚΟΜΟῙ

327 673 482 711 Nomen
513 685 559 710 ex
591 672 735 710 Atticis
767 672 1024 721 scriptoribus
1055 672 1151 709 mihi
1181 672 1340 720 quidem
1369 684 1449 709 non
1479 671 1696 721 cognitum.

963 781 1021 823 24

427 861 501 903 καὶ
532 860 642 917 πρὸς
673 860 748 903 ἐπὶ
777 859 952 909 τούτοις
981 858 1167 909 τιθασὸς
1196 859 1399 915 οἰμώζων
1428 852 1544 909 ταῶς

330 957 556 995 Athenaeus
590 956 653 1005 14,
677 956 792 993 6559.
817 950 1045 1000 Ἀναξίλαος
1076 950 1152 1006 (sie
1182 951 1237 1007 A)
1265 948 1562 1005 Ὀρνιθοκόμοις
1592 954 1672 990 κτλ.

870 1077 1119 1120 ΠΛΟΤΣΙΟΙ

966 1154 1022 1196 25

422 1232 705 1290 διαρραγήτω
735 1231 917 1288 χᾶτερος
949 1233 1147 1275 δειπνῶν
1178 1249 1242 1282 τις
1272 1227 1346 1286 εὖ,

419 1301 477 1357 μή
510 1304 705 1357 Κτησίας
734 1300 883 1355 μόνος.
939 1304 982 1342 Β.
1014 1297 1060 1342 τί
1085 1299 1171 1355 γὰρ
1204 1301 1253 1343 σὲ
1285 1298 1473 1350 κωλύει;

421 1374 475 1412 Α.
509 1371 697 1411 δείπνου
727 1368 815 1423 γὰρ
847 1361 995 1418 οὗτος,
1027 1366 1085 1417 ὠς
1116 1369 1328 1422 λέγουσιν
1359 1367 1407 1408 οἶ
1432 1368 1588 1422 σοφοί,

423 1437 581 1493 ἀρχήν,
613 1434 826 1491 τελευτὴν
856 1436 898 1478 δ’
923 1437 1091 1489 ἔμαθεν
1121 1434 1420 1477 οὐδεπώποτε.

329 1533 557 1571 Athenaeus
592 1534 662 1581 10,
692 1531 840 1569 416de
874 1524 1080 1577 Ἀναξίλας
1120 1527 1164 1567 δὲ
1203 1525 1224 1566 ὁ
1263 1526 1434 1578 κωμικὸς
1472 1527 1561 1579 περὶ
1598 1526 1771 1578 Κτησίου

219 1585 515 1641 διαλεγόμενος.
535 1619 543 1627 .
564 1584 659 1627 ,κᾶν
690 1586 903 1632 Πλουσίοις
936 1585 1139 1637 (πλουσιος
1171 1582 1227 1639 Α)
1258 1588 1337 1624 κτλ.
1388 1585 1578 1624 Aelianus
1599 1585 1647 1622 V.
1670 1585 1710 1623 h.
1734 1586 1771 1634 1,

220 1648 272 1685 27
310 1646 377 1684 καὶ
407 1645 587 1694 Κτησίαν
625 1642 669 1681 δέ
708 1642 811 1694 φησί
845 1655 938 1681 τινα
965 1639 1169 1689 Ἀναξίλας
1207 1639 1228 1680 ὁ
1265 1647 1334 1692 τῆς
1372 1640 1580 1694 κωμῳδίας
1610 1638 1772 1691 ποιητὴς

218 1695 339 1741 πολλὰ
379 1700 542 1740 ἐσθίειν.
687 1702 722 1740 1.
759 1701 895 1750 utique
933 1700 1185 1739 scribendum
1225 1702 1286 1738 est
1323 1697 1497 1737 δειπνῶν
1525 1694 1563 1750 γ’
1595 1696 1703 1736 ἴσον
1732 1700 1774 1736 et

219 1772 292 1809 pro
324 1756 485 1810 χᾶτερος
516 1758 686 1796 fortasse
717 1755 798 1794 καὶ
828 1753 1070 1807 Κραναὸς.
1102 1756 1151 1794 ef.
1172 1756 1221 1794 fr.
1248 1756 1314 1794 30.
1391 1757 1428 1793 2.
1460 1753 1498 1792 τί
1523 1751 1597 1805 γὰρ
1627 1751 1669 1792 σὲ
1698 1767 1772 1791 κω-

219 1814 319 1865 λύει,
349 1817 377 1853 i.
400 1828 433 1853 e.
463 1815 559 1864 quid
590 1816 660 1853 tibi
689 1814 796 1852 illius
827 1813 950 1852 libido
979 1812 1124 1851 nocet?
1169 1814 1272 1850 certe
1302 1815 1337 1850 te
1365 1812 1465 1850 nihil
1495 1811 1649 1860 inpedit
1677 1823 1772 1860 quo-

222 1874 353 1911 minus
384 1874 578 1921 quantum
608 1872 668 1909 vis
699 1883 827 1910 vores.
907 1871 945 1908 3.
977 1869 1018 1907 οἱ
1042 1868 1162 1917 σοφοί
1186 1869 1223 1907 ei
1253 1871 1358 1916 sunt,
1392 1869 1459 1917 qui
1488 1868 1685 1906 hominem
1714 1868 1774 1905 in-

221 1930 338 1967 itium
368 1928 528 1978 quidem
558 1928 663 1966 vitae
692 1939 809 1965 nosse
841 1926 988 1974 dicunt,
1021 1927 1171 1964 exitum
1200 1938 1281 1963 non
1310 1925 1421 1963 item.
1501 1937 1539 1963 v.
1572 1925 1596 1962 3
1628 1926 1667 1962 et
1695 1924 1722 1960 4
1751 1936 1775 1961 a.

221 1986 387 2035 reliquis
417 1986 463 2022 ut
492 1985 725 2024 varietatem
756 1984 803 2023 fr.
826 1983 877 2020 31
910 1982 1149 2032 separandos
1179 1983 1314 2020 censet
1334 1980 1537 2019 Herwerd.
1559 1980 1662 2019 Nov.
1682 1979 1772 2018 add.

221 2042 307 2080 erit.
340 2042 407 2080 28.

973 2092 1028 2134 26

333 2176 533 2227 Diogenes
553 2177 685 2215 Laert.
708 2176 747 2227 3,
771 2177 823 2214 28
855 2173 1031 2225 χλευάζει
1050 2170 1089 2212 δ’
1114 2169 1237 2212 αὐτὸν
1258 2168 1540 2224 (Πλάτωνα)
1564 2170 1631 2211 καὶ
1657 2168 1773 2210 Ἀνα-

222 2234 327 2281 ξίλας
359 2231 421 2272 ε’ν.
442 2265 450 2272 .
470 2231 705 2279 ,Πλουσίαις
734 2229 840 2285 (sie).

674 2366 931 2401 ΤΑΚῙΝΘΟΣ
956 2363 1326 2400 ΠΟΡΝΟΒΟΣΚΟΣ

330 2446 546 2495 Ὑάκινθος
583 2443 611 2498 ἢ
643 2444 918 2500 Πορνοβοσκός
958 2461 1045 2487 eum
1077 2447 1448 2496 Schweighaeusero
1479 2444 1597 2483 Mein.
1628 2443 1648 2482 I
1677 2441 1773 2482 409.

453 2623 479 2680 ἡ
511 2623 702 2681 μουσικὴ
735 2624 777 2666 δ’
802 2624 954 2678 ὥσπερ
985 2623 1132 2678 Λιβύη
1163 2621 1274 2678 πρὸς
1304 2626 1395 2664 τῶν
1423 2625 1548 2665 θεῶν

456 2693 528 2735 ἀεί
554 2710 595 2735 τι
627 2691 785 2735 καινὸν
815 2691 914 2734 κατ’
938 2690 1148 2733 ἐνιαυτὸν
1177 2692 1342 2745 θηρίον

455 2763 605 2804 τίκτει.

338 2845 563 2883 Athenaeus
597 2845 668 2892 14,
701 2844 815 2882 623e
849 2837 1056 2889 Ἀναξίλας
1082 2814 1139 2878 μἐν
1163 2838 1371 2893 Ὑακίνθῳ
1410 2839 1533 2890 φησίν
1561 2841 1639 2878 κτλ.
1699 2852 1774 2877 om.
