1806 3216
598 211 766 247 nrpm
792 230 834 238 -
860 213 1080 249 mnszpm
1540 212 1626 256 565

27 316 382 365 adulam-uest,
413 316 1497 369 quilenonieripitlmeretriaemmprimafabula:
1535 330 1625 359 ewm

22 373 227 414 'Plautus
254 373 380 414 locum
404 372 411 425 Ι
436 375 591 423 reliquit
619 376 837 425 incestum.
874 387 963 416 ewm
990 377 1053 417 hic
1086 377 1212 416 loaom
1245 377 1412 426 sumpsit
1446 377 1523 416 sibi
1547 373 1554 430 Ι
1579 378 1625 416 in

51 429 270 481 Adam.-
305 431 467 471 verbum
502 432 549 471 de
577 432 690 471 verbo
728 444 951 482 expressum
989 434 1134 474 extulit.
1194 434 1247 474 cf.
1278 432 1410 473 Sturz.
1441 433 1502 472 De
1531 445 1622 473 con-

0 511 27 536 ..
55 487 214 528 suetud.
244 488 595 528 commorientium
625 487 751 528 Gerae
785 490 908 530 1790.
946 487 1121 530 Meinek
1143 489 1163 530 I
1183 490 1429 530 456.1hn0
1460 488 1621 537 Quaest.

7 544 209 603 w'l'erent
220 543 348 584 Bona.
364 545 471 584 1843
493 558 533 595 p.
544 545 596 584 25
608 558 667 596 sq.
691 546 845 586 Fielitz.
855 546 961 588 Αιιιι.
974 547 1164 588 Fleckeis.
1180 547 1300 586 XIIII
1316 542 1619 601 (LXXXXVII)

4 589 138 658 ;{;6?6
159 613 218 653 sq.
278 601 466 641 Dziatzko
504 602 605 641 Mus
646 602 771 642 Rhen.
804 603 933 643 XXXI
971 605 1053 644 376
1074 617 1132 655 sq.
1179 625 1234 632 —
1279 604 1506 655 fragmenta
1542 617 1622 644 non

6 660 296 699 'iznmxserumzv

690 737 978 773 ΣΤΝΤΡΟΦΟῙ

811 815 866 859 72

323 891 497 949 ἀγαθὸς
524 894 701 951 βαφεὺς
730 896 907 939 ἔνεστιν
937 896 989 940 ἐν
1018 899 1080 954 τῷ
1111 896 1298 952 παιδίῳ·

324 962 452 1007 ταυτὶ
482 962 573 1020 γὰρ
603 960 712 1019 ἡμῖν
743 963 990 1008 δευσοποιὰ
1019 966 1252 1024 παντελῶς

321 1028 375 1074 τὰ
407 1029 632 1086 σπάργαν’
666 1029 971 1089 άποδέδειχεν.

163 1126 427 1177 Harpocratio
447 1123 703 1173 δευσοποιός·
735 1126 879 1193 κυρίως
908 1124 996 1194 μὲν
1003 1124 1066 1166 ἐπι
1086 1131 1159 1178 τῆς
1177 1104 1314 1179 πορφί
1317 1141 1388 1179 ρας
1409 1125 1619 1179 λέγεται..

48 1188 122 1236 τῆς
152 1181 324 1235 ἔμμονον
353 1180 420 1222 καὶ
448 1179 691 1222 άνέκλυτον
687 1179 865 1235 ἐχούσης
895 1179 939 1222 τὸ
968 1178 1098 1231 ανθος
1128 1188 1199 1236 τῆς
1229 1184 1389 1248 βαφῆς,
1428 1182 1471 1223 ἐκ
1500 1198 1618 1236 μετα-

46 1245 175 1292 φορᾶς
205 1238 251 1279 δὲ
280 1238 347 1280 καὶ
378 1236 441 1279 ἐπὶ
472 1244 554 1279 ταῖν
583 1238 717 1279 ἄλλων
745 1239 909 1280 πάντων
928 1245 1012 1280 τῶν
1032 1238 1205 1292 ἑχόντων
1224 1235 1269 1280 τὸ
1288 1246 1428 1292 χραῑμα
1449 1239 1620 1292 ἔμμονον

47 1297 115 1338 καὶ
146 1295 413 1363 πολυχρόνιον
441 1294 484 1335 τὸ
502 1294 751 1393 1δευσοποιὸν
778 1295 928 1350 λέγεται
948 1296 1055 1350 παρὰ
1076 1301 1157 1346 τοῖς
1177 1299 1410 1346 παλαιοῖς..
1430 1298 1618 1348 ,Δίφιλος

1 1395 8 1400 ,
49 1349 300 1406 Συντρόφοις
329 1355 410 1394 κτλ.
528 1352 730 1394 ..ἔστινΙ
762 1354 886 1394 πεδίω
907 1355 1028 1395 ΑΒῙ.
1098 1357 1137 1395 2.
1168 1350 1291 1406 ταύτη
1322 1355 1490 1396 ABIN.
1579 1358 1617 1396 3.

46 1409 326 1463 άποδεδείχθω
358 1357 537 1451 ABINI.
569 1434 619 1440 -
661 1411 763 1452 Tim.
795 1412 891 1452 Lex.
924 1413 1026 1452 Plat.
1058 1407 1314 1452 δευσοποιόν·
1346 1410 1516 1464 ἔμμονον
1546 1410 1615 1451 καὶ

49 1465 373 1520 δυσαπόπλυτον,
404 1469 474 1508 ubi
503 1469 554 1508 cf.
585 1469 743 1508 Ruhnk.

723 1591 944 1626 ΣΤΝΩΡῙΣ

159 1675 192 1715 Ι.
215 1688 248 1714 e.
271 1674 462 1713 meretrix
480 1669 507 1724 ἡ
528 1671 671 1724 λύχνος
694 1670 1002 1725 ἐπικαλουμένη.
1034 1674 1181 1713 Athen.
1194 1675 1232 1724 6,
1246 1675 1327 1714 247
1337 1687 1373 1714 a.
1410 1675 1473 1722 13,
1489 1675 1615 1714 583⁶.

47 1733 271 1829 313ss2ng
288 1731 453 1827 fggsslae'
484 1731 607 1771 fuisse
644 1731 915 1771 recensionem
954 1731 1072 1771 docet
1109 1731 1257 1771 Athen.
1291 1733 1336 1782 6,
1377 1732 1457 1770 247
1471 1744 1504 1770 c.
1564 1732 1615 1771 cf.

805 1853 859 1895 73

251 1930 396 1988 ἄριστ’
431 1930 728 1983 ἀπαλλάττεις
758 1931 829 1975 ἐπὶ
860 1931 1024 1975 τούτου
1053 1935 1134 1976 τοῦ
1166 1932 1325 1987 κύβου.

251 2004 300 2044 Β.
332 1997 508 2050 ἀστεῖος
537 1997 590 2043 εἷ.
640 2001 847 2056 δραχμὴν
876 1997 1060 2051 ὑπόθες.
1111 2005 1165 2043 A.
1196 2006 1338 2043 κεῖται
1368 1999 1520 2044 πάλαι.

252 2072 346 2119 πῶς
375 2068 435 2111 ἂν
463 2066 643 2124 βάλοιμ’
675 2066 953 2124 Εὐριπίδηνς
1013 2071 1065 2112 Β.
1097 2067 1181 2111 οὐκ
1212 2067 1269 2110 ἄν
1298 2082 1407 2111 ποτε

255 2135 507 2193 Εὐριπίδης
535 2143 732 2192 γυναῖκα
762 2134 927 2180 σώσει’.
978 2134 1062 2192 οὐχ
1092 2135 1200 2193 ὁρᾷς

200 2215 222 2248 5
254 2206 306 2250 ἐν
335 2211 433 2256 ταῖς
456 2205 779 2261 τραγῳδίαισιν
809 2201 946 2254 αὐτὰς
974 2201 1034 2256 ὥς
1063 2211 1236 2260 στυγεῖς

250 2271 360 2324 τοὺς
388 2273 439 2316 δὲ
469 2275 745 2327 παρασίτους
772 2270 938 2328 ἠγάπα.
990 2274 1108 2327 λέγει
1136 2274 1190 2327 γε’
1217 2287 1286 2314 τοι

252 2339 390 2397 ’ἀνὴρ
419 2338 508 2396 γὰρ
539 2339 660 2391 ὅστις
689 2335 742 2383 εὖ
770 2342 874 2394 βίον
905 2341 1174 2396 κεκτημένος

253 2408 312 2465 μὴ
341 2407 638 2464 τούλάχιστον
666 2415 786 2461 τρεῖς
815 2406 1100 2463 ἀσυμβόλους
1129 2407 1304 2463 τρέφει,

252 2475 419 2532 ὄλοιτο,
450 2477 619 2520 νόστου
648 2476 710 2532 μή
739 2475 841 2518 ποτ’
874 2476 937 2527 εἰς
965 2474 1142 2529 πάτραν
1170 2475 1350 2530 τυχών)

185 2555 227 2587 10
258 2549 310 2588 A.
332 2544 478 2588 πόθεν
510 2543 605 2588 ἐστὶ
633 2547 790 2598 ταῦτα,
820 2544 935 2599 πρὸς
963 2546 1108 2601 θεῶν;
1139 2547 1191 2587 Α.
1213 2545 1260 2586 τί
1286 2542 1341 2586 δέ
1365 2554 1437 2587 σοι
1466 2543 1611 2599 μέλας

252 2611 307 2656 οὐ
337 2610 425 2668 γὰρ
454 2613 504 2655 τὸ
536 2605 700 2667 δρᾶμα,
731 2609 810 2654 τὸν
841 2612 892 2655 δὲ
924 2614 1038 2655 νοῦν
1068 2611 1378 2666 σκοπούμεθα.

74 2711 82 2718 ’
166 2709 392 2747 Athenaeus
434 2708 479 2757 6,
511 2707 659 2745 247ab
706 2704 873 2754 Δίφιλος
911 2702 951 2745 δ’
985 2703 1029 2745 ἕν
1059 2704 1282 2756 Συνωρίδι,
1327 2702 1522 2756 ἑταίρας
1566 2701 1606 2743 δ’

49 2763 201 2816 ὄνομα
244 2760 269 2815 ἡ
316 2762 567 2812 Συνωρίς,
612 2758 839 2812 Ευριπίδου
881 2761 1076 2814 μνησθεὶς
1116 2759 1261 2815 (κύβος
1306 2758 1350 2800 δέ
1387 2775 1446 2808 τις
1482 2758 1611 2808 οὕτως

11 2843 14 2845 ·
47 2825 224 2862 καλειται
261 2814 504 2874 Εὐριπίδης)
542 2817 692 2867 παίζων
729 2818 795 2858 καὶ
837 2817 934 2871 πρὸς
970 2817 1013 2858 τὸ
1059 2823 1128 2858 τοῦ
1164 2822 1333 2869 ποιητοῦ
1369 2815 1492 2868 ὄνομα
1528 2833 1611 2869 αμα

49 2877 117 2919 καὶ
151 2876 241 2931 περὶ
280 2876 509 2929 παρασίτων
546 2874 639 2915 τάδε
675 2872 776 2928 λέγει
804 2878 884 2917 κτλ.
986 2879 1020 2917 1.
1050 2873 1192 2926 ἄριστα
1221 2876 1269 2915 A.
1365 2876 1404 2915 3.
1434 2870 1524 2914 ποτ’
1557 2875 1607 2915 A.
