1864 3204
219 181 303 223 312
869 183 1121 223 ΑΛΕΞῙΔΟΣ

911 287 1076 321 ΓΡΑΦΗ

221 421 241 459 f
303 339 557 460 4&maginem
594 366 743 416 pictam
774 368 998 418 'significari
1036 370 1235 430 concludit
1272 371 1491 410 Meinekius
1522 371 1583 411 III
1612 373 1693 413 402
1724 357 1772 412 ex

239 434 271 459 r.
362 451 370 460 .

969 478 1027 520 40

626 555 859 610 γεγένηται
890 555 952 611 δ’,
985 554 1043 606 ὦς
1073 557 1278 612 λέγουσι,
1311 557 1396 601 κάν
1428 560 1566 616 Σάμῳ

459 620 636 664 τοιοῦθ’
660 622 828 677 ἕτερον.
880 626 1059 680 λιθίνης
1088 623 1373 681 ἐπεθύμησεν
1402 626 1540 683 κόρης

461 687 703 743 ἅνθρωπος
733 691 1044 744 ἐγκατέκλεισέ
1068 691 1118 735 θ’
1143 691 1283 736 αὑτὸν
1312 697 1374 750 τῷ
1404 696 1506 752 νεῷ.

339 783 567 822 Athenaeus
592 785 655 834 13,
668 784 782 824 606a
812 783 1031 834 Κλείσοφος
1062 782 1083 824 ὁ
1117 785 1443 852 Σηλυμβριανὸς.
1463 819 1471 828 .
1490 793 1560 828 τοῦ
1587 787 1634 828 ἐν
1653 787 1776 844 Σάμῳ

226 837 384 891 Παρίου
413 836 632 890 ἀγάλματος
664 837 844 891 ἐρασθεὶς
873 839 1122 881 κατέκλεισεν
1152 840 1295 883 ἓαυτον
1325 842 1369 883 ἕν
1398 849 1456 898 τῷ
1486 846 1588 899 ναῷ,
1609 842 1664 893 ὡς
1684 848 1778 898 πλη-

222 894 360 934 σιάσαι
391 895 683 947 δυνησόμενος.
705 927 712 936 .
732 901 822 948 ,τῆς
851 896 1028 949 πράξεως
1060 895 1202 950 ταύτης
1231 899 1471 952 μνημονεύει
1499 899 1726 951 καὶ”Αλεξις
1755 898 1776 941 ὅ

223 950 388 1003 ποιητὴς
430 950 474 991 ἐν
503 957 557 1006 τῷ
588 950 885 1007 ἐπιγραφομένῳ
916 953 1083 1005 δράματι
1115 953 1278 1008 Γραφή,
1307 955 1432 1009 λέγων
1460 951 1538 997 οἶδε
1566 960 1648 998 κτλ.
1740 961 1774 999 1.

222 1005 266 1047 δὲ
297 1012 338 1047 et
367 1005 549 1061 λέγουσιν
580 1010 628 1049 A.
746 1013 785 1050 3.
820 1008 1111 1061 ἐγκατέκλεισὲν
1139 1007 1188 1050 θ’
1212 1011 1355 1052 ἑαυτὸν
1385 1015 1435 1053 Α.
1485 1015 1688 1054 simillima
1716 1018 1778 1056 est

221 1065 493 1116 Pygmalionis
525 1066 660 1106 fabula
681 1066 797 1108 Ovid.
819 1068 916 1107 Met.
935 1070 1000 1119 10,
1020 1070 1099 1108 243
1116 1081 1172 1119 sq,
1203 1070 1366 1110 Preller.
1389 1071 1517 1122 Myth.
1539 1069 1622 1122 gr.²
1640 1071 1661 1110 I
1681 1072 1776 1112 275.

801 1179 1197 1214 ΓΤΝΑῙΚΟΚΡΑΤΙΑ

333 1248 614 1298 Aristophanis
634 1249 922 1289 Ecclesiazusas
952 1250 1242 1299 Quodammodo
1272 1252 1471 1291 imitatum
1502 1265 1586 1292 esse
1615 1254 1775 1303 poetam

220 1305 392 1343 coniecit
421 1304 678 1354 Boettigerus
710 1305 853 1355 opusc.
886 1306 906 1344 Ι
936 1307 1031 1345 301.
1085 1307 1134 1348 cf.
1165 1307 1336 1347 Meinek.
1367 1309 1387 1347 I
1418 1309 1513 1348 398.
1534 1311 1558 1348 9
1598 1312 1638 1348 et
1674 1323 1776 1360 quae

218 1373 292 1400 nos
322 1361 371 1399 ad
402 1361 611 1411 Amphidis
643 1360 991 1413 Γυναικοκρατίαν
1019 1363 1311 1404 adnotavimus.

971 1452 1024 1491 41

505 1516 706 1558 ἐνταῦθα
736 1517 839 1570 περὶ
869 1515 952 1571 τήν
984 1517 1176 1573 ἐσχάτην
1206 1519 1279 1561 δεῖ
1304 1520 1490 1573 κερκίδα

504 1581 618 1637 ὑμᾶς
648 1581 918 1636 καθιζούσας
948 1589 1143 1639 θεωρεῖν
1173 1583 1234 1636 ὥς
1265 1586 1404 1637 ξένας.

332 1677 475 1716 Pollux
506 1678 543 1728 9,
566 1678 620 1715 44
659 1676 1002 1729 προσαριθμητέον
1039 1675 1082 1717 δὲ
1121 1682 1200 1725 τοῖς
1236 1679 1438 1730 δημοσίοις
1477 1678 1664 1732 θέατρον,
1709 1679 1776 1720 καὶ

218 1729 390 1782 θεάτρου
420 1731 536 1784 μέρος
567 1736 650 1779 τοῖς
680 1732 976 1786 προειρημένοις
1007 1735 1188 1787 κερκίδα,
1220 1733 1274 1783 ὡς
1305 1735 1411 1775 ἔστιν
1440 1731 1571 1788 εὑρεῖν
1600 1735 1644 1776 ἐν
1667 1732 1774 1776 Ἀλέ-

219 1789 324 1837 ξιδος
346 1789 667 1843 Γυναικοκρατίᾳ
697 1793 776 1829 κτλ.
808 1791 1007 1831 theatrum
1036 1793 1078 1831 in
1108 1793 1263 1833 theatro
1293 1797 1633 1844 repraesentatum
1653 1795 1774 1834 fuisse

221 1847 444 1885 Meinekius
474 1847 705 1886 arbitratur.
736 1850 779 1886 at
809 1850 893 1886 tum
926 1843 1075 1887 ἐνθάδε
1108 1849 1318 1889 dicendum
1348 1852 1446 1901 erat,
1477 1863 1558 1890 non
1579 1848 1772 1890 ἐνταῦθα.

221 1903 360 1941 suadet
396 1904 560 1953 mulier,
607 1904 702 1953 quid
741 1905 795 1943 sit
823 1905 1071 1954 faciendum,
1115 1907 1146 1945 si
1178 1907 1220 1945 in
1250 1907 1450 1946 theatrum
1480 1908 1679 1946 venerint:
1730 1908 1773 1946 in

222 1972 346 1999 cuneo
378 1973 559 2010 supremo
590 1973 674 2000 esse
705 1961 1001 2001 considendum.

967 2071 1021 2111 42

850 2137 872 2178 ὁ
904 2137 952 2179 δὲ
985 2137 1111 2188 Κίλιξ
1143 2135 1214 2179 ὅδ’
1240 2135 1500 2193 Ἱπποκλῆς,

488 2200 510 2243 ὁ
541 2204 838 2259 ζωμοτάριχος
866 2201 1109 2259 ὑποκριτής

332 2286 558 2324 Athenaeus
590 2287 625 2332 3,
652 2286 765 2325 125b
794 2282 945 2335 ’Ἄλεξις
983 2284 1026 2325 ἐν
1056 2287 1373 2342 Γυναικοκρατίᾳ
1412 2287 1478 2327 καὶ
1507 2285 1772 2340 ζωμοτάριχόν

221 2355 312 2380 τινα
343 2339 534 2391 κέκληκεν
565 2339 609 2379 ἓν
638 2338 789 2389 τούτοις
820 2344 902 2382 κτλ.
989 2339 1268 2395 ὄζωμοτάριχος
1297 2345 1448 2386 Nauck.
1480 2345 1580 2386 Phil.
1601 2345 1659 2383 VI
1687 2346 1769 2385 419

218 2399 342 2437 ‘nach
372 2400 634 2446 Poekelfleisch
663 2400 878 2439 riechend'.
928 2402 969 2439 at
998 2401 1039 2439 id
1069 2396 1288 2452 ὀζοτάριχος
1319 2402 1530 2441 dicendum
1560 2404 1658 2441 erat.
1700 2402 1767 2449 ζω-

218 2453 426 2505 μοτάριχος
457 2458 518 2511 est
546 2456 835 2501 Poekelbruelze,
866 2469 911 2496 ac
941 2457 996 2496 sio
1017 2457 1233 2507 Hippocles
1262 2459 1352 2508 iste,
1383 2457 1480 2496 mihi
1508 2459 1668 2507 quidem
1698 2458 1767 2496 ali-

220 2512 325 2549 unde
355 2524 435 2550 non
466 2512 661 2561 cognitus,
693 2512 978 2561 adpellabatur.
1032 2513 1161 2553 Cilicis
1190 2515 1424 2564 cognomine
1453 2515 1703 2564 peregrinam
1732 2514 1769 2553 ei

217 2568 411 2617 originem
440 2568 663 2617 exprobrat.

847 2623 1134 2658 ΔΔΚΤΤΔΙΟΣ

488 2751 565 2796 εἶτ’
590 2752 674 2810 οὐχ
701 2753 913 2797 ἁπάντων
945 2755 1036 2798 ἐστὶ
1067 2754 1117 2798 τὸ
1147 2756 1335 2811 μεθύειν
1366 2755 1507 2799 κακὸν

485 2823 694 2877 μέγιστον
724 2821 1006 2877 ἀνθρώποισι
1037 2823 1111 2865 καὶ
1141 2823 1505 2879 βλαβερωτάτους
