1864 3204
199 179 286 221 374
764 219 773 227 ‚
851 175 1105 216 ΑΛΕΞΙΔΟΣ

290 289 310 320 5
341 276 568 334 ἡμέτερον.
620 282 671 325 Β.
703 277 802 321 οὐδ’
827 276 1056 334 ἡμέτερον.
1108 283 1162 320 A.
1195 277 1296 320 ἀλλ’
1321 279 1518 322 ἐδώκατε

340 341 466 402 ὑμεῖς
495 345 590 402 ἐμοὶ
619 345 755 389 τοῦτ’.
806 350 854 389 Β.
887 345 941 388 οὐ
972 345 1246 400 δεδώκαμεν.
1297 350 1351 388 Α.
1383 348 1430 388 τί
1455 347 1550 398 δαί;

343 418 392 457 Β.
425 413 727 470 ἀπεδώκαμεν
776 412 910 456 Α.τό
942 410 999 469 μή
1032 413 1264 470 προσῆκόν
1293 429 1368 470 μοι
1399 416 1576 469 λαβεῖν;

314 509 543 548 Athenaeus
574 510 620 557 6,
643 509 764 547 223³
793 504 945 554 ’Ἀλεξις
984 505 1027 546 ἐν
1036 505 1285 576 Στρατιώτῃ
1321 508 1404 546 κτλ.
1495 510 1532 550 2.
1571 507 1690 550 τουτί.
1722 508 1762 548 τί

203 569 315 603 τοῦτο
346 561 384 603 δ’
409 563 535 612 ἐστίν;
565 564 635 616 K]
675 562 782 602 τουτὶ
812 568 926 602 τοῦτο
958 560 995 600 δ’
1029 561 1108 602 ἐστὶ
1139 563 1194 608 τί;
1225 565 1274 603 A.
1371 565 1410 603 4.
1442 562 1551 603 ἔστιν
1580 567 1629 604 A.
1718 567 1756 605 6.

203 625 315 660 τοῦτο
345 622 392 660 A.
445 617 542 660 τότ’
575 622 626 661 K.
715 617 789 659 οὐκ
832 618 1036 671 ἐδώκαμεν
1074 620 1121 660 G.
1153 622 1201 659 A.
1233 621 1431 672 Hirsohig.
1461 621 1567 661 Ann.
1599 622 1686 666 crit.
1717 623 1758 661 9.

202 671 291 716 οὐδ
314 675 516 729 ἐδώκαμεν
546 679 666 717 Mein.
697 678 757 716 ed.
789 677 885 716 min.
915 690 1036 717 xv111.
1133 676 1205 715 δαί
1231 677 1279 716 G.
1311 678 1451 717 Herm.
1482 692 1545 728 ap.
1578 678 1757 718 Erfurdss.

205 735 298 774 Obs.
314 733 415 787 434]
437 732 479 773 δέ
499 735 547 773 A.
627 736 663 773 ’7.
694 729 953 784 ἀπεδώκαμεν
974 731 1162 786 casaub]
1192 729 1504 785 ἀποδεδώκαμεν
1533 735 1582 774 Α.
1641 744 1759 786 προσ-

202 789 303 841 ῆκόν
339 804 404 841 μοι
440 789 580 844 Mein]
616 795 816 842 προσῆκον
854 787 937 838 ἐμοὶ
974 791 1023 828 Α.
1111 787 1268 843 λαβεῖν]
1307 787 1464 841 λάβω;
1504 792 1550 830 Κ.
1591 813 1645 820 —
1683 791 1763 830 fert

203 848 335 887 nescio
366 848 453 897 quis
482 861 647 897 puerum
678 860 796 898 quem
828 847 1074 885 educandum
1104 849 1307 897 acceperat
1337 848 1391 886 eis
1421 860 1520 898 quos
1550 850 1669 898 putat
1694 861 1760 898 pa·

203 906 336 943 rentes
368 915 466 943 esse.

699 969 1264 1003 ΣΤΝΑΠΟΘΝΗΙΣΚΟΝΤΕΣ

319 1051 430 1090 Idem
451 1051 615 1093 ,tibulus
654 1047 775 1090 etiam
813 1050 1021 1100 Diphileae
1061 1050 1217 1089 fabulae
1255 1050 1353 1101 fuit,
1397 1063 1443 1089 ex
1481 1064 1559 1100 qua
1594 1051 1761 1092 Plautus

209 1106 506 1147 Commorientes
535 1108 641 1148 fecit.
673 1108 831 1146 Terent.
861 1107 1034 1156 Adelph.
1056 1108 1157 1157 prol.
1185 1108 1238 1145 10
1257 1120 1314 1157 sq.
1346 1107 1466 1146 Mein.
1495 1108 1516 1146 I
1545 1108 1642 1148 402.
1665 1109 1760 1151 456.

939 1217 1023 1258 210

438 1296 512 1339 ἐπὶ
542 1297 729 1338 δεῖπνον
760 1296 821 1344 εἰς
849 1294 1086 1350 Κόρινθον
1117 1292 1269 1337 ἐλθών
1299 1298 1544 1350 Χαιρεφῶν

438 1361 647 1417 ἄκλητος·
679 1361 763 1418 ἤδη
793 1361 878 1417 γὰρ
909 1364 1085 1404 πέτεται
1115 1362 1395 1414 διαπόντιος·

437 1429 556 1473 οὕτω
587 1446 630 1473 τι
660 1428 886 1485 τάλλότρι’
912 1430 1087 1472 ἐσθίειν
1119 1430 1213 1472 ἐστὶ
1243 1431 1402 1484 γλυκύ.

321 1525 548 1564 Athenaeus
569 1526 733 1575 4‚165a
762 1521 836 1563 οὐκ
866 1520 979 1563 ὀκνεῖ
985 1555 993 1563 .
1012 1555 1021 1564 .
1040 1522 1125 1563 ,καὶ
1154 1520 1390 1576 ὑπερορίους
1420 1521 1643 1576 ἀποδημίας
1673 1539 1762 1565 ποι-

207 1584 343 1620 εἶσθαι
383 1586 451 1632 τῆς
481 1579 651 1633 γαστρὸς
689 1577 816 1632 χάριν,
855 1577 909 1627 ὡς
941 1577 961 1619 ὃ
990 1577 1110 1627 αὐτὸς
1132 1578 1284 1629 ’Ἀλεξις
1315 1580 1474 1634 εἴρηκεν
1503 1580 1546 1621 ἐν
1575 1584 1763 1622 Συναπο-

208 1636 468 1692 θνῄσκουσιν
496 1635 604 1692 (cum
635 1652 648 1675 ι
678 1639 804 1677 adscr.
827 1637 882 1691 A)
915 1639 995 1676 κτλ.
1087 1640 1121 1679 1.
1153 1635 1285 1677 ἐλθών
1314 1639 1364 1677 ad
1394 1640 1562 1678 verbum
1589 1641 1764 1690 pertine-

206 1696 277 1734 bat
314 1697 357 1734 in
395 1708 513 1735 versu
552 1696 601 1734 ab
639 1695 842 1734 Athenaeo
880 1695 1039 1734 omisso,
1090 1695 1137 1733 de
1171 1694 1464 1744 Chaerephonte
1501 1697 1675 1746 parasito
1713 1697 1764 1736 cf.

210 1752 431 1802 Antiphan.
466 1753 558 1791 199.

948 1804 1029 1845 211

478 1881 599 1934 ὅστις
629 1884 810 1925 διαπλεῖ
836 1884 1083 1937 θάλατταν,
1114 1880 1145 1938 ἢ
1172 1885 1446 1939 μελαγχολᾷ,

478 1949 507 2006 ἢ
537 1951 710 2005 πτωχός
741 1951 876 2005 ἐστιν,
907 1947 936 2006 ἢ
965 1952 1163 2007 θανατᾷ·
1195 1949 1370 1993 τούτων
1402 1954 1542 2007 τριῶν

481 2018 579 2068 ἑνός
604 2016 645 2073 γ’
669 2017 910 2073 ἀποτυχεῖν
940 2014 1237 2073 τούλάχιστον
1267 2018 1353 2061 οὐκ
1384 2021 1465 2061 ἔνι.

325 2102 518 2140 Stobaeus
550 2101 687 2139 Floril.
713 2102 777 2149 59,
798 2102 820 2138 2
850 2097 1044 2148 Ἀλέξιδος
1075 2098 1117 2138 ἐκ
1137 2099 1572 2151 Συναποθνησκόντων
1599 2102 1649 2141 A.
1726 2105 1763 2143 1.

215 2154 259 2195 δὲ
289 2159 381 2196 πλεῖ
406 2157 454 2197 G.
487 2158 536 2196 A.
568 2157 767 2207 Hirschig.
797 2156 902 2198 Ann.
935 2158 1020 2196 crit.
1056 2158 1120 2205 13,
1151 2158 1243 2207 quia
1270 2170 1351 2197 non
1381 2158 1535 2198 dicatur
1564 2158 1766 2198 διαπλεῖν

209 2208 424 2253 θάλατταν.
456 2214 506 2253 cf.
528 2214 663 2253 Cobet.
686 2214 737 2252 N.
760 2214 784 2252 1.
806 2215 898 2252 120.
988 2214 1026 2252 3.
1059 2209 1098 2263 γ’
1123 2211 1264 2266 Mein]
1295 2209 1348 2253 τ’.
1380 2237 1435 2243 —-
1465 2216 1515 2255 cf.
1546 2216 1665 2255 Hom.
1688 2215 1764 2256 Od.

212 2273 249 2321 8,
276 2273 368 2310 138.

950 2323 1034 2365 212

654 2401 817 2455 μάθοις
846 2400 886 2444 τ’
909 2398 968 2444 ἀν
997 2395 1097 2444 οἷον
1127 2399 1388 2457 ἀνθρώποις
1418 2401 1563 2446 κακόν

269 2472 391 2513 ἔστιν
420 2468 447 2525 ἡ
477 2468 667 2525 γαστήρ,
700 2469 903 2512 διδάσκει
933 2467 974 2511 δ’
998 2463 1068 2523 οἷ’,
1101 2467 1337 2525 ἀναγκάζει
1365 2468 1416 2512 θ’
1440 2470 1535 2513 ὅσα.

271 2542 314 2579 εἴ
339 2554 404 2587 τις
435 2536 595 2592 ἀφέλοι
624 2536 748 2578 τοῦτ’
771 2535 852 2591 ἀφ’
873 2534 1000 2591 ἡμῶν
1029 2535 1079 2579 τὸ
1109 2538 1241 2592 μέρος
1270 2535 1357 2580 ἀπὸ
1387 2540 1471 2580 τοῦ
1501 2538 1722 2593 σώματος,

270 2603 371 2647 οὔτ’
395 2604 453 2647 ἂν
484 2603 676 2647 ἀδικοῖτ’
701 2603 836 2647 οὐδὲν
866 2602 1016 2654 οὐδεὶς
1047 2601 1154 2646 οὔθ’
1178 2602 1351 2659 ὑβρίζοι
1381 2603 1466 2647 τάν
1495 2605 1623 2648 ἑκών.

231 2682 251 2713 5
272 2675 360 2715 νῦν
390 2672 439 2715 δε
470 2671 544 2714 διὰ
574 2672 743 2727 ταύτην
773 2669 948 2714 ἅπαντα
977 2674 1148 2726 γίνεται
1177 2670 1231 2714 τὰ
1263 2672 1473 2728 δυσχερῆ.

330 2767 557 2805 Athenaeus
581 2767 644 2814 10,
659 2766 775 2804 422³.
803 2763 900 2817 μέγα
928 2758 1001 2817 γὰρ
1031 2759 1261 2816 ἀνθρώποις
1289 2762 1415 2804 κακὸν
1442 2762 1468 2816 ἡ
1488 2762 1648 2818 γαστήρ,
1677 2764 1766 2816 περὶ

215 2817 266 2872 ἧς
297 2833 422 2872 φησιν
442 2821 596 2871 ’Ἀλεξις
626 2820 670 2861 ἐν
700 2819 1090 2876 Συναποθνῄσκουσι
1121 2821 1226 2872 (cum
1257 2837 1271 2861 ι
1300 2823 1424 2861 adscr.
1456 2820 1511 2875 A)
1542 2824 1621 2861 κτλ.
1680 2836 1716 2861 v.
1739 2824 1764 2862 3
