1890 3190
416 191 849 227 IMPEKMAOMENH
878 210 913 216 —
942 191 1191 227 ΙΙΛΟΤΣΙΟΙ
1544 189 1600 232 89

691 329 943 364 ΠΔΟΤΣῙΟῙ

851 483 1066 538 Εὔθυνος
1095 485 1138 529 δ’
1162 488 1278 543 ἔχων

310 555 533 599 σανδάλια
562 554 638 599 καὶ
668 555 899 611 σφραγῖδα
929 553 1004 597 καὶ
1033 555 1363 611 μεμυρισμένος

311 622 531 679 ἐλογίζετο
559 626 652 668 τῶν
682 623 957 682 πραγμάτων
987 620 1073 666 οὐκ
1104 619 1194 666 οἷδ’
1217 621 1243 666 ὅ
1261 638 1324 666 τι·

311 692 574 749 Φοινικίδης
602 693 653 736 δὲ
690 693 890 748 Ταυρέας
917 689 968 734 θ’
991 687 1016 733 ὁ
1045 693 1280 746 φίλτατος,

259 769 280 802 5
310 758 475 816 ἄνδρες
502 759 640 804 πάλαι
671 759 900 816 ὀψοφάγοι
929 760 1133 803 τοιοῦτοί
1157 773 1298 813 τινες,

311 822 399 871 οἷοι
429 830 800 890 καταβροχθίζειν
831 829 883 872 ἐν
913 826 1058 885 ἀγορᾷ
1088 825 1143 870 τὰ
1171 827 1364 884 τεμάχη,

309 893 502 951 ὁρῶντες
528 895 811 954 ἐξέθνῃσκον
843 896 917 941 ἐπὶ
946 897 1008 954 τῷ
1037 895 1286 952 πράγματι,

309 966 477 1020 ἔφερόν
507 980 552 1009 τε
583 966 742 1017 δεινῶς
771 964 855 1022 τὴν
885 962 1082 1017 ἀνοψίαν
1112 962 1248 1008 πάνυ.

309 1035 508 1084 κύκλους
537 1034 587 1077 δὲ
617 1035 966 1090 συναγείροντες
995 1034 1153 1088 ἔλεγον
1183 1028 1242 1075 ἂν
1270 1031 1393 1087 τάδε,

241 1112 283 1144 10
313 1099 457 1153 ὦςόὐ
485 1102 653 1158 βιωτόν
684 1102 808 1146 ἐστιν
839 1099 942 1145 οὐδ’
964 1099 1214 1157 ἀνασχετὸν

307 1172 385 1227 τῆς
412 1171 496 1227 μὲν
524 1169 751 1227 θαλάττης
781 1168 1120 1213 ἀντιποιεῖσθαί
1144 1185 1272 1220 τινας

308 1237 436 1295 ὑμῶν
466 1236 806 1282 ἀναλίσκειν-τε
836 1238 982 1282 πολλὰ
1011 1236 1236 1294 χρήματα,

307 1306 425 1359 ὄψου
456 1307 505 1350 δὲ
535 1307 677 1362 μηδὲν
715 1340 725 1351 .
772 1341 781 1351 .
821 1307 1022 1350 εἰσπλεῖν
1038 1306 1163 1362 ,μηδὲ
1193 1308 1296 1361 γρῦ.

308 1378 354 1419 τί
381 1370 468 1419 οὖν
499 1373 663 1431 ὄφελος
691 1378 784 1418 τῶν
813 1377 1076 1430 νησιαρχῶν
1107 1374 1224 1426 ἐστι;
1261 1374 1334 1417 δεῖ

237 1454 279 1486 15
309 1443 434 1501 νόμῳ
463 1446 751 1487 κατακλεῖσαι
781 1446 939 1499 τοῦτο,
972 1441 1279 1500 παραπομπὴν
1311 1449 1460 1487 ποιεῖν

307 1515 400 1556 τῶν
429 1511 617 1568 ἰχθύων.
677 1512 812 1555 νυνδὶ
843 1512 1018 1555 Μάτων
1047 1510 1341 1568 συνήρπακεν

308 1578 414 1631 τούς
443 1578 616 1635 ἁλιέας,
648 1581 724 1623 καὶ
754 1582 1004 1636 Διογείτων
1034 1578 1089 1635 νὴ
1121 1582 1213 1624 Δία

311 1647 513 1698 ἅπαντας
544 1646 846 1692 ἀναπέπεικεν
875 1646 935 1699 ὥς
964 1646 1103 1692 αὑτὸν
1135 1650 1309 1705 φέρειν,

310 1715 395 1759 κού
425 1715 668 1773 δημοτικόν
696 1732 748 1771 γε
777 1718 909 1760 τοῦτο
943 1717 1030 1774 δρᾷ
1060 1720 1256 1760 τοσαῦτα
1286 1719 1428 1770 φλοῦν.

237 1794 283 1827 2ο
311 1786 450 1866 γάμοι
480 1782 519 1827 δ’
545 1785 735 1835 ἐκείνοις
765 1786 840 1828 καὶ
870 1785 1000 1828 πότοι
1030 1786 1233 1828 νεανικοὶ

310 1864 442 1908 ησαν.

153 1947 382 1988 Athenaeus
414 1949 453 1998 8,
476 1949 590 1988 3420
616 1943 860 1998 Ἀντιφάνης
890 1944 930 1987 δ’
954 1943 997 1987 ἐν
1017 1947 1234 1995 Πλουσίοις
1263 1945 1481 2002 κατάλογον
1510 1962 1598 1988 ποι-

35 2007 139 2046 εῖται
170 1999 399 2057 ὀψοφάγων
428 2002 473 2043 ἐν
500 2000 654 2052 τούτοις
683 2006 767 2044 κτλ.
826 2018 862 2047 v.
878 2006 917 2044 8.
949 2005 1132 2045 Eustath.
1165 2007 1260 2055 867,
1283 2007 1335 2046 58
1367 2001 1536 2056 εὖοψία.
1556 2036 1565 2045 .
1584 2036 1594 2047 .

72 2060 105 2102 ὶ
133 2057 158 2113 ἡ
189 2055 393 2101 ἀνάπαλιν
420 2057 575 2111 ἆνοψία
604 2059 704 2100 κατὰ
733 2058 778 2100 τὸ
808 2060 952 2108 δεινῶς
982 2055 1088 2101 πάνυ
1120 2059 1194 2114 τὴν
1221 2059 1286 2102 ἄν.
1317 2060 1524 2116 φέροντας.

33 2143 79 2159 2.
108 2113 301 2158 σανδάλια
330 2118 541 2169 Koppiers.
572 2118 669 2158 Obs.
702 2113 773 2171 55]
814 2114 1030 2158 σανδάλιον
1068 2120 1116 2158 A.
1236 2121 1274 2159 3.
1318 2115 1498 2173 ἐλογίζετ’
1529 2118 1604 2160 ἰῶν

37 2175 177 2226 Dobr.,
227 2171 408 2227 ἐλογίζετ’
440 2172 574 2215 ἐλθών
602 2174 850 2228 πραγμάτιον
880 2175 1018 2218 Cobet.
1047 2176 1098 2215 N.
1130 2176 1158 2216 l.
1194 2178 1286 2216 133.
1347 2178 1602 2217 scribendum

33 2234 101 2272 mat
129 2227 360 2284 ἐλογίζετ’
383 2229 523 2280 ὄψων
551 2228 885 2284 πραγμάτιον,
915 2245 1003 2273 owm
1030 2234 1225 2274 venditore
1247 2236 1420 2283 pretium
1449 2247 1603 2284 compu-

34 2293 148 2330 v'atw
175 2289 336 2330 obsonii.
387 2289 436 2329 cf.
468 2289 582 2329 Alex.
617 2291 711 2331 179.
746 2290 835 2329 186.
953 2291 990 2328 5.
1023 2290 1078 2330 sic
1109 2291 1158 2330 A.
1190 2291 1443 2331 scribendum
1473 2288 1600 2329 πολὺ

39 2393 43 2396 ,
78 2342 242 2385 άντων
272 2340 677 2397 ὀψοφαγίστατοί
703 2360 821 2397 τινες,
850 2348 972 2397 atque
993 2342 1312 2399 ὀψοφαγίστατοι
1340 2349 1421 2387 iam
1451 2348 1602 2388 Iaoobs.

36 2420 63 2440 ,ὲ
81 2403 180 2442 ddit.
215 2404 307 2443 190.
396 2404 432 2442 7.
467 2400 728 2455 ἕξέθνηισκον
758 2404 806 2443 Α.
911 2404 950 2442 9.
982 2399 1036 2442 ἂν
1064 2404 1155 2444 add.
1186 2404 1308 2443 Dobr.
1340 2405 1463 2445 Arist.
1493 2405 1601 2444 Plut.

15 2492 17 2512 ,
46 2461 127 2500 ·80
154 2473 195 2510 p.
219 2460 312 2499 121.
371 2457 506 2511 ἔλεγον
549 2459 683 2500 τοιαδί
724 2461 844 2500 Mein.
889 2461 932 2499 in
961 2459 1055 2499 Ath.
1087 2462 1150 2500 ed.
1263 2463 1325 2501 11.
1352 2463 1416 2501 12.
1449 2457 1569 2500 πάλαι

16 2541 18 2568 3
42 2544 44 2546 ψ
69 2520 148 2568 μᾶς
176 2517 244 2556 vel
272 2529 383 2563 τινας
408 2516 415 2568 Ι
441 2514 572 2567 μάτην
608 2518 673 2557 vel
711 2530 822 2564 τινας
849 2515 856 2570 Ι
882 2515 1019 2567 νήσων
1047 2513 1083 2554 τ’
1117 2518 1240 2558 Dobr.
1361 2520 1425 2558 13.
1456 2457 1601 2571 ‘mend

16 2580 18 2618 ἒ
70 2570 140 2624 ηδὲ
170 2573 220 2612 Α.
266 2571 394 2623 μηδὲν
423 2570 569 2612 ἐνθάδ’
603 2572 769 2615 Casaub.
814 2572 933 2623 δεῦρο
961 2569 1089 2624 μηδὲν
1119 2575 1237 2616 Mein.
1268 2575 1310 2614 in
1335 2575 1446 2623 Ath„
1476 2570 1604 2625 μηδὲν

17 2626 19 2630 ”
38 2643 45 2664 ³
71 2625 192 2681 ήποτ’
223 2629 389 2669 antehae
409 2630 616 2672 Menandr.
638 2644 676 2680 p.
695 2631 788 2670 181.
881 2631 945 2669 14.
970 2628 1212 2684 νησιαρχών]
1235 2628 1460 2682 νησιάρχων
1481 2631 1601 2675 Mein.

18 2691 75 2726 '3›·
114 2687 212 2726 Ath.
251 2685 456 2735 νησιωτῶν
483 2687 688 2726 Herwerd.
718 2686 836 2727 Anal.
868 2688 957 2727 crit.
989 2688 1056 2728 33.
1145 2685 1246 2736 ἕστι;
1278 2686 1343 2726 δεῖ
1369 2684 1464 2740 VL]
1496 2684 1604 2727 ἔστιν

19 2740 94 2794 ἡ
123 2743 174 2785 Α.
225 2740 329 2781 ἔστιν
356 2742 394 2782 εἰ
422 2740 529 2797 νόμῳ
559 2744 832 2783 κατακλεῑσται
860 2741 917 2798 (Ῥ)
949 2743 1116 2785 Porson.
1208 2746 1272 2783 16.
1304 2741 1421 2782 νυνδὶ
1443 2740 1604 2784 Μάτων

19 2796 208 2853 Uindf]
241 2804 318 2838 νῦν
347 2796 391 2837 δὲ
420 2799 573 2850 μακρῶι
603 2800 650 2842 Α,
740 2802 804 2840 17.
835 2798 903 2839 καὶ
929 2797 980 2850 δὴ
1014 2803 1124 2852 Διογ.
1155 2801 1275 2840 Mein.
1326 2801 1469 2841 melius
1499 2797 1520 2840 ὁ
1551 2798 1603 2840 δὲ

20 2876 24 2912 'i
61 2869 159 2908 ιογ.
253 2858 316 2895 18.
347 2853 527 2903 ἅπαντας
557 2857 702 2897 Mutet.
724 2857 771 2897 V.
794 2858 821 2897 1.
851 2860 916 2908 19,
938 2855 985 2912 3]
1015 2856 1169 2904 πάντας
1197 2858 1246 2899 A.
1338 2859 1402 2899 19.
1433 2863 1604 2898 τοσαῦτα
