1864 3204
369 160 718 196 ΠΟΛΤΕΤΚΤΟΣ
741 177 786 184 —-
810 159 1018 195 ΑΔΗΔΟΤ
1044 158 1308 194 ΔΡΑΜΑΤΟΣ
1528 157 1614 200 433

221 264 272 305 Β.
305 259 400 317 λέγ’
422 254 556 305 αὐτό·
588 258 664 304 καὶ
692 256 780 316 γὰρ
809 259 896 303 οὐκ
926 258 1133 316 ἄγέλοιόν
1163 256 1258 303 ἐστ’
1281 262 1402 310 ἴσως.

221 334 278 373 Α.
312 331 439 381 ἔτνος
467 328 693 385 κυάμινον
722 329 838 372 διότι
867 327 949 385 τὴν
978 329 1064 385 μὲν
1091 326 1286 384 γαστέρα

221 400 372 455 φυσᾷ,
402 396 453 440 τὰ
483 397 533 440 δὲ
563 399 655 452 πῦρ
684 394 752 440 οὔ.
810 399 863 440 Β.
894 396 1050 452 χάριεν
1080 391 1147 447 οἷς
1174 394 1445 451 γινώσκεται

221 464 272 509 τό
303 469 484 522 πρᾶγμα
514 468 597 509 τοῦ
627 464 891 515 Παύσωνος.
942 462 1003 516 ὦς
1032 463 1076 508 δ’
1098 464 1173 508 αἐί
1199 479 1307 508 ποτε

152 544 195 576 10
224 535 328 590 περὶ
358 532 465 585 τούς
494 533 699 589 κυάμους
729 531 830 576 ἔσθ’
853 525 985 583 οὗτος
1014 530 1038 574 ὁ
1068 531 1286 588 σοφιστής
1317 533 1494 589 [τέλος].

166 630 395 670 Athenaeus
426 630 463 680 9,
485 629 604 668 408a
641 625 779 675 ἔτνους
817 624 860 666 δὲ
889 626 1089 679 κυαμίνου
1118 624 1357 678 μνημονεύει
1380 623 1616 676 Ἡνίοχοςο
1601 621 1614 637 ‘

52 684 225 744 κωμικός
252 683 297 726 έν
320 684 492 739 Τροχίλῳ
522 682 652 751 λέγων.
676 682 803 730 οὕτως
831 686 912 725 κτλ.
991 686 1028 724 2.
1059 682 1111 724 σὺ
1141 681 1186 723 δὲ
1206 681 1302 723 ουδὲ
1322 686 1371 734 A,
1403 697 1504 734 quae
1534 697 1616 722 ma-

52 744 199 785 nifesta
227 746 291 784 est
320 743 591 795 dittographia
619 743 705 782 eius
734 743 904 793 generis,
936 742 985 781 do
1015 755 1092 792 quo
1123 742 1331 781 Kaibelius
1361 742 1446 792 egit
1466 741 1509 779 in
1528 740 1615 779 Ind.
1667 744 1676 754 ·

52 801 165 841 Rost.
189 801 312 841 1883.
401 802 442 841 3.
473 798 584 839 δεῖνα
604 797 657 852 L]
687 797 814 838 δειναὶ
834 801 881 839 A.
969 800 1009 838 4.
1041 794 1200 850 πρᾶγμά
1230 794 1270 850 γ’
1292 793 1424 849 ἠρωτα
1454 797 1594 836 Dindf.
1599 796 1614 847 ]

52 853 206 923 πρᾶγμ’
228 852 361 926 ἠρωτα
392 857 440 897 Α.
484 855 563 907 ναί,
595 851 745 908 πρᾶγμ’
768 851 950 908 έπηρωτα
980 856 1131 897 Iacobs.
1157 855 1257 894 Add.
1279 855 1372 896 Ath.
1397 856 1493 894 217.
1534 852 1617 901 ναί,

52 907 201 967 πρᾶγμ’
224 910 410 966 ἀνηρώτα
442 914 561 953 Mein.
630 914 667 952 5.
698 911 789 964 ἕχον
819 927 859 952 τε
888 909 1061 966 Iacobs.]
1093 909 1193 963 ἔχων
1223 909 1267 950 δὲ
1297 912 1348 951 Α.
1415 909 1617 959 διεξόδους

52 969 257 1025 Boisson.]
287 968 526 1020 δυσεξόδους
557 970 607 1010 A.
682 972 721 1010 6.
752 967 839 1021 λέγε
868 972 911 1010 et
940 967 1101 1016 ἕστισως
1131 969 1180 1008 A.
1250 964 1434 1021 α’γέλαιον
1463 968 1617 1008 Nauck.

51 1028 278 1070 Phi101.VI
305 1029 404 1069 420.
493 1029 532 1068 8.
563 1025 701 1079 χάριεν
729 1021 789 1074 οἷς
819 1024 1021 1078 Boisson.]
1055 1039 1252 1078 χαριενοις
1283 1026 1332 1065 A.
1414 1027 1479 1065 10.
1512 1021 1617 1072 τέλος

52 1083 108 1139 A]
145 1082 234 1133 ὅλος
271 1086 499 1136 Dalecamp.
558 1082 682 1131 πολύς
719 1084 871 1124 Iaoobs.
912 1097 1002 1123 οιιιιι
1039 1084 1230 1153 proximis
1258 1083 1457 1122 Athenaei
1485 1082 1620 1122 verbis

0 1162 2 1164 ·
54 1143 267 1238 coniungi}
289 1142 411 1183 Dobr.
433 1141 538 1182 Adv.
560 1141 601 1181 II
622 1142 704 1181 324
728 1138 854 1192 (τέλος
875 1137 1064 1180 τοιούτων
1086 1134 1199 1193 [οὖν]
1222 1141 1380 1179 πολλῶν
1398 1136 1620 1191 λεγομένων

51 1196 164 1251 ὕδωρ
215 1213 246 1250 φ
267 1212 353 1251 ρετο

169 1258 208 1296 1.
248 1196 485 1296 ante)hun0
514 1269 552 1297 v.
583 1255 694 1295 deest
720 1250 907 1304 ἀνῆλθον
937 1251 980 1292 ἐκ
1010 1258 1082 1292 τοῦ
1112 1254 1311 1305 Πειραιῶς
1341 1254 1405 1293 vel
1435 1253 1517 1292 tale
1547 1253 1618 1291 ali-

54 1313 166 1365 quid.
272 1314 310 1352 2.
350 1313 619 1353 Horatianum
640 1311 757 1408 3illud
795 1307 945 1366 (Epist.
982 1313 1017 1361 1,
1041 1313 1077 1359 7,
1102 1307 1176 1365 23)
1214 1312 1309 1360 quid
1346 1311 1487 1350 distent
1524 1322 1619 1349 aera

53 1371 202 1420 lupim's
231 1370 402 1410 eontulit
430 1370 550 1409 Mein.
712 1369 892 1409 ‘Pauson
920 1341 1178 1419 philoso’phus
1209 1371 1256 1407 ut
1285 1367 1442 1406 videtur
1470 1367 1619 1418 Pytha-

7 1443 11 1446 ·
53 1439 211 1479 gorens.
217 1429 228 1447 ’
270 1427 391 1469 Mein.
422 1427 443 1466 I
472 1427 568 1468 422.
640 1371 713 1465 35.
753 1426 998 1476 compositus
1037 1428 1100 1465 est
1135 1424 1199 1463 hic
1235 1438 1374 1464 versus
1410 1437 1459 1463 ex
1497 1423 1618 1474 Soph.

53 1485 152 1524 Ant.
185 1485 281 1523 225.
321 1483 407 1524 OR.
439 1485 504 1523 67.
565 1483 618 1523 of.
659 1482 779 1533 Soph.
812 1482 861 1521 fr.
892 1482 1049 1521 433N.
1086 1476 1248 1532 ἀνέμων
1284 1479 1476 1529 διέξοδοι,
1521 1481 1618 1519 Eur.

53 1541 246 1580 Androm.
270 1541 378 1580 1086
410 1536 522 1591 ἡλίου
553 1537 769 1586 διεξόδους.
820 1539 1042 1589 Antiphan.
1077 1539 1170 1588 176,
1193 1539 1232 1576 4.
1283 1538 1437 1577 Alexid.
1462 1538 1554 1585 124,
1580 1539 1620 1576 9.

58 1599 96 1638 7.
127 1598 314 1638 Philostr.
346 1597 430 1636 Vi‘o.
462 1597 628 1647 sophist.
658 1597 742 1635 483
771 1595 902 1637 Boiss.
942 1596 1219 1645 Χαιρεφῶν..
1239 1588 1333 1634 ,διὰ
1364 1593 1420 1644 τί,
1461 1591 1556 1644 ἔφη,
1588 1587 1620 1631 ὦ

55 1655 94 1692 Γ
91 1652 216 1706 οργία
247 1652 288 1693 οἱ
311 1650 457 1719 κύαμοι
487 1650 560 1704 τὴν
587 1650 757 1705 γαστέρα
788 1657 964 1703 φυσῶσι,
995 1649 1038 1691 τὸ
1068 1648 1112 1691 δὲ
1141 1656 1224 1703 πῦρ
1253 1647 1300 1690 οὔ
1332 1655 1538 1700 φυσῶσιν;
1569 1651 1619 1689 si-

58 1712 173 1751 miles
204 1713 298 1751 sunt
327 1711 386 1750 illi
415 1711 457 1750 in
486 1710 673 1750 Nubibus
703 1709 790 1749 ioci.
871 1711 910 1749 8.
942 1709 1127 1748 Menand.
1153 1710 1205 1748 98
1227 1708 1348 1747 Mein.
1378 1705 1546 1759 γέλοιον,
1577 1704 1621 1753 ὃς

54 1763 177 1820 κόρης
208 1764 418 1819 ἐλευθέρας
450 1766 504 1813 εἰς
533 1764 634 1819 ἕρων
662 1763 775 1817 ’ἥκων
804 1770 973 1820 σιωπᾷς.
1023 1766 1105 1805 205
1135 1761 1190 1812 ὥς
1211 1762 1381 1817 οἰκτρόν,
1409 1761 1437 1815 ἢ
1457 1768 1620 1803 τοιαῦτα

56 1823 248 1875 δυστυχῶ.
289 1825 359 1864 sed
388 1837 517 1875 neque
546 1824 643 1863 haec
671 1835 834 1874 prorsus
864 1824 1011 1862 similia.
1040 1835 1111 1863 nec
1142 1819 1243 1869 Ζεὺς
1273 1823 1421 1874 γελοῖος
1451 1817 1619 1872 ὀμνύμε-

57 1894 125 1979 Ἆος
163 1894 244 1978 ἱοές
276 1878 446 1987 ἑίδὲσιν.
496 1881 665 1921 fortasse
695 1878 846 1933 χάριεν,
886 1894 917 1919 ω
947 1877 1228 1930 Διοσκόρω,
1268 1876 1312 1917 τὸ
1342 1891 1407 1929 πρ.
1438 1880 1520 1917 κτλ.
1570 1878 1619 1918 ef.

95 1952 163 1990 mp
193 1953 204 1978 1

685 2014 993 2049 ΦΙΛΕΤΑῘΡΟΣ

173 2087 209 2125 Α
238 2086 323 2125 solo
355 2085 477 2125 Suida
506 2086 825 2125 commemorata.
875 2084 1046 2124 Meinek.
1078 2083 1098 2122 I
1127 2084 1225 2122 421.

584 2207 794 2242 AAHAOT
820 2207 1084 2241 ΔΡΑΜΑΤΟΣ

821 2275 850 2317 5

265 2342 352 2398 ἐγώ
383 2341 425 2386 δ’
450 2342 591 2399 ὄνομα
620 2341 671 2385 τὸ
701 2343 784 2398 μὲν
815 2339 922 2384 καθ’
950 2339 1145 2396 ἑκάστην
1175 2338 1337 2383 αὐτίκα

265 2410 398 2465 λέξω,
431 2409 689 2453 συνάπασαι
719 2408 761 2451 δ’
787 2409 873 2451 εἰσὶ
902 2406 1186 2451 παντοδαπαὶ
1216 2409 1389 2462 πόλεις,

266 2479 318 2520 αἳ
342 2481 432 2521 νῦν
461 2477 786 2534 ἀνοηταίνουσι
816 2476 966 2519 πολὺν
992 2474 1081 2532 ἤδη
1112 2472 1293 2532 χρόνον.

266 2543 362 2600 τάχ’
386 2545 444 2588 ἄν
473 2561 539 2596 τις
568 2542 898 2598 ὑποκρούσειεν
928 2541 955 2586 ὅ
984 2559 1028 2586 τι
1058 2541 1161 2587 ποτ’
1184 2542 1351 2586 ἐνθάδε

215 2622 236 2653 ὅ
267 2616 355 2655 νῦν
386 2613 471 2655 εἰσὶ
502 2611 754 2666 κᾶνέροιτο·
787 2611 896 2667 παρ’
919 2612 1031 2667 ἐμοῦ
1060 2611 1284 2654 πεύσεται.

267 2679 316 2723 τὸ
347 2683 513 2736 χοιρίον
541 2680 626 2734 μὲν
655 2679 743 2734 γὰρ
772 2677 868 2722 τόδ’
894 2678 989 2723 ἐστὶ
1018 2682 1112 2721 πᾶν
1142 2677 1294 2735 κύκλῳ

263 2745 665 2804 Ὀλυμπίαγτηνδὶ
695 2747 745 2790 δὲ
774 2746 859 2803 τὴν
889 2747 1062 2803 σκηνὴν
1094 2747 1192 2790 ἐκεῖ

268 2812 441 2871 σκηνὴν
471 2812 583 2869 ὁρᾶν
610 2812 843 2871 θεωρικὴν
872 2817 1083 2871 νομίζετε.

133 2890 248 2919 Comici
267 2890 386 2923 graeei,
412 2889 460 2916 ed.
478 2890 539 2915 Th.
559 2889 671 2916 Kook.
689 2889 732 2915 11.
1308 2883 1352 2917 28
