<?xml version="1.0" encoding="UTF-8"?>
<!DOCTYPE html PUBLIC "-//W3C//DTD XHTML 1.0 Transitional//EN"
    "http://www.w3.org/TR/xhtml1/DTD/xhtml1-transitional.dtd">
<html xmlns="http://www.w3.org/1999/xhtml" xml:lang="en" lang="en">
 <head>
  <title>
</title>
<meta http-equiv="Content-Type" content="text/html;charset=utf-8" />
  <meta name='ocr-system' content='tesseract 3.04.00' />
  <meta name='ocr-capabilities' content='ocr_page ocr_carea ocr_par ocr_line ocrx_word'/>
</head>
<body>
  <div class='ocr_page' id='page_1' title='image "./comicorumatticor02kockuoft_0023.png"; bbox 0 0 1890 3190; ppageno 0'>
   <div class='ocr_carea' id='block_1_1' title="bbox 546 232 1595 381">
    <p class='ocr_par' dir='ltr' id='par_1_1' title="bbox 546 232 1595 381">
     <span class='ocr_line' id='line_1_1' title="bbox 546 232 1595 275; baseline -0.003 -4"><span class='ocrx_word' id='word_1_1' title='bbox 546 236 732 271; x_wconf 70' lang='grc' dir='ltr'><strong>ΑΔΩΝῙΣ</strong></span> <span class='ocrx_word' id='word_1_2' title='bbox 762 254 803 260; x_wconf 91' lang='grc'>-</span> <span class='ocrx_word' id='word_1_3' title='bbox 835 235 1086 270; x_wconf 74' lang='grc' dir='ltr'><strong>ΑΚΕΣΤΡῙΑ</strong></span> <span class='ocrx_word' id='word_1_4' title='bbox 1545 232 1595 275; x_wconf 84' lang='lat'><strong><em>17</em></strong></span> 
     </span>
     <span class='ocr_line' id='line_1_2' title="bbox 788 337 839 381; baseline 0.02 -1"><span class='ocrx_word' id='word_1_5' title='bbox 788 337 839 381; x_wconf 90' lang='lat'><strong><em>18</em></strong></span> 
     </span>
    </p>
   </div>
   <div class='ocr_carea' id='block_1_2' title="bbox 211 415 1367 814">
    <p class='ocr_par' dir='ltr' id='par_1_2' title="bbox 258 415 1367 678">
     <span class='ocr_line' id='line_1_3' title="bbox 259 415 1232 474; baseline -0.002 -14"><span class='ocrx_word' id='word_1_6' title='bbox 259 417 511 474; x_wconf 83' lang='grc' dir='ltr'><strong><em>Μακαρεὺς</em></strong></span> <span class='ocrx_word' id='word_1_7' title='bbox 539 418 672 472; x_wconf 83' lang='grc' dir='ltr'><strong><em>ἔρωτι</em></strong></span> <span class='ocrx_word' id='word_1_8' title='bbox 702 418 794 460; x_wconf 74' lang='grc' dir='ltr'><strong><em>τῶν</em></strong></span> <span class='ocrx_word' id='word_1_9' title='bbox 825 415 1097 472; x_wconf 81' lang='grc' dir='ltr'><strong><em>ὁμοσπόρων</em></strong></span> <span class='ocrx_word' id='word_1_10' title='bbox 1127 418 1232 471; x_wconf 77' lang='grc' dir='ltr'><strong><em>μιᾶς</em></strong></span> 
     </span>
     <span class='ocr_line' id='line_1_4' title="bbox 258 482 1367 542; baseline -0.004 -13"><span class='ocrx_word' id='word_1_11' title='bbox 258 487 466 542; x_wconf 84' lang='grc' dir='ltr'><strong><em>πληγείς,</em></strong></span> <span class='ocrx_word' id='word_1_12' title='bbox 497 482 606 535; x_wconf 84' lang='grc' dir='ltr'><strong><em>τέως</em></strong></span> <span class='ocrx_word' id='word_1_13' title='bbox 634 484 719 539; x_wconf 79' lang='grc' dir='ltr'><strong><em>μὲν</em></strong></span> <span class='ocrx_word' id='word_1_14' title='bbox 752 482 988 539; x_wconf 77' lang='grc' dir='ltr'><strong><em>ἐπεκράτει</em></strong></span> <span class='ocrx_word' id='word_1_15' title='bbox 1018 486 1097 539; x_wconf 88' lang='grc' dir='ltr'><strong><em>τῆς</em></strong></span> <span class='ocrx_word' id='word_1_16' title='bbox 1127 482 1367 540; x_wconf 81' lang='grc' dir='ltr'><strong><em>συμφορᾶς</em></strong></span> 
     </span>
     <span class='ocr_line' id='line_1_5' title="bbox 260 549 1276 610; baseline -0.003 -13"><span class='ocrx_word' id='word_1_17' title='bbox 260 554 439 610; x_wconf 73' lang='grc' dir='ltr'><strong><em>κατεῖχέ</em></strong></span> <span class='ocrx_word' id='word_1_18' title='bbox 463 552 516 597; x_wconf 82' lang='grc' dir='ltr'><strong><em>θ’</em></strong></span> <span class='ocrx_word' id='word_1_19' title='bbox 539 550 698 597; x_wconf 84' lang='grc' dir='ltr'><strong><em>αὐτόν·</em></strong></span> <span class='ocrx_word' id='word_1_20' title='bbox 732 549 826 596; x_wconf 84' lang='grc' dir='ltr'><strong><em>εἶτα</em></strong></span> <span class='ocrx_word' id='word_1_21' title='bbox 856 550 1137 607; x_wconf 74' lang='grc' dir='ltr'><strong><em>παραλαβών</em></strong></span> <span class='ocrx_word' id='word_1_22' title='bbox 1168 567 1276 595; x_wconf 87' lang='grc' dir='ltr'><strong><em>ποτε</em></strong></span> 
     </span>
     <span class='ocr_line' id='line_1_6' title="bbox 261 618 1284 678; baseline -0.001 -14"><span class='ocrx_word' id='word_1_23' title='bbox 261 619 389 665; x_wconf 77' lang='grc' dir='ltr'><strong><em>οἶνον</em></strong></span> <span class='ocrx_word' id='word_1_24' title='bbox 420 623 689 678; x_wconf 87' lang='grc' dir='ltr'><strong><em>στρατηγόν,</em></strong></span> <span class='ocrx_word' id='word_1_25' title='bbox 724 619 773 672; x_wconf 80' lang='grc' dir='ltr'><strong><em>ὃς</em></strong></span> <span class='ocrx_word' id='word_1_26' title='bbox 801 620 939 676; x_wconf 85' lang='grc' dir='ltr'><strong><em>μόνος</em></strong></span> <span class='ocrx_word' id='word_1_27' title='bbox 968 622 1155 676; x_wconf 77' lang='grc' dir='ltr'><strong><em>θνητῶν</em></strong></span> <span class='ocrx_word' id='word_1_28' title='bbox 1185 618 1284 675; x_wconf 81' lang='grc' dir='ltr'><strong><em>ἄγει</em></strong></span> 
     </span>
    </p>

    <p class='ocr_par' dir='ltr' id='par_1_3' title="bbox 211 687 1336 814">
     <span class='ocr_line' id='line_1_7' title="bbox 211 687 1336 747; baseline -0.003 -14"><span class='ocrx_word' id='word_1_29' title='bbox 211 699 233 732; x_wconf 84' lang='grc'>6</span> <span class='ocrx_word' id='word_1_30' title='bbox 263 689 347 746; x_wconf 85' lang='grc' dir='ltr'><strong><em>τὴν</em></strong></span> <span class='ocrx_word' id='word_1_31' title='bbox 376 690 549 747; x_wconf 88' lang='grc' dir='ltr'><strong><em>τόλμαν</em></strong></span> <span class='ocrx_word' id='word_1_32' title='bbox 581 690 643 743; x_wconf 82' lang='grc' dir='ltr'><strong><em>εἰς</em></strong></span> <span class='ocrx_word' id='word_1_33' title='bbox 672 687 724 732; x_wconf 83' lang='grc' dir='ltr'><strong><em>τὸ</em></strong></span> <span class='ocrx_word' id='word_1_34' title='bbox 755 690 932 744; x_wconf 84' lang='grc' dir='ltr'><strong><em>πρόσθε</em></strong></span> <span class='ocrx_word' id='word_1_35' title='bbox 962 691 1040 745; x_wconf 83' lang='grc' dir='ltr'><strong><em>τῆς</em></strong></span> <span class='ocrx_word' id='word_1_36' title='bbox 1070 687 1336 744; x_wconf 84' lang='grc' dir='ltr'><em>εὐβουλίας,</em></span> 
     </span>
     <span class='ocr_line' id='line_1_8' title="bbox 261 755 1220 814; baseline -0.001 -13"><span class='ocrx_word' id='word_1_37' title='bbox 261 759 444 814; x_wconf 83' lang='grc' dir='ltr'><strong><em>νύκτωρ</em></strong></span> <span class='ocrx_word' id='word_1_38' title='bbox 475 755 674 808; x_wconf 78' lang='grc' dir='ltr'><strong><em>ἀναστάς</em></strong></span> <span class='ocrx_word' id='word_1_39' title='bbox 704 759 862 813; x_wconf 84' lang='grc' dir='ltr'><strong><em>ἔτυχεν</em></strong></span> <span class='ocrx_word' id='word_1_40' title='bbox 893 774 958 801; x_wconf 93' lang='grc' dir='ltr'><strong><em>ων</em></strong></span> <span class='ocrx_word' id='word_1_41' title='bbox 991 756 1220 814; x_wconf 86' lang='grc' dir='ltr'><strong><em>ἐβούλετο.</em></strong></span> 
     </span>
    </p>
   </div>
   <div class='ocr_carea' id='block_1_3' title="bbox 4 845 1604 1077">
    <p class='ocr_par' dir='ltr' id='par_1_4' title="bbox 27 845 1604 1077">
     <span class='ocr_line' id='line_1_9' title="bbox 142 845 1600 907; baseline -0.003 -12"><span class='ocrx_word' id='word_1_42' title='bbox 142 853 372 894; x_wconf 72' lang='lat' dir='ltr'><strong>Athenaeus</strong></span> <span class='ocrx_word' id='word_1_43' title='bbox 390 854 455 904; x_wconf 85' lang='lat'><strong><em>10,</em></strong></span> <span class='ocrx_word' id='word_1_44' title='bbox 465 854 613 894; x_wconf 81' lang='lat' dir='ltr'>444cd</span> <span class='ocrx_word' id='word_1_45' title='bbox 639 849 884 903; x_wconf 85' lang='grc' dir='ltr'><strong><em>Ἀντιφάνης</em></strong></span> <span class='ocrx_word' id='word_1_46' title='bbox 916 849 960 891; x_wconf 82' lang='grc' dir='ltr'><strong><em>ἐν</em></strong></span> <span class='ocrx_word' id='word_1_47' title='bbox 979 845 1115 907; x_wconf 78' lang='grc' dir='ltr'><strong><em>Αἰόλῳ</em></strong></span> <span class='ocrx_word' id='word_1_48' title='bbox 1143 848 1405 904; x_wconf 72' lang='grc' dir='ltr'><strong><em>διαβάλλων”</em></strong></span> <span class='ocrx_word' id='word_1_49' title='bbox 1389 849 1467 891; x_wconf 90' lang='grc' dir='ltr'><strong><em>όσα</em></strong></span> <span class='ocrx_word' id='word_1_50' title='bbox 1488 850 1600 891; x_wconf 82' lang='grc' dir='ltr'><strong><em>δεινα</em></strong></span> 
     </span>
     <span class='ocr_line' id='line_1_10' title="bbox 5 906 1602 969; baseline -0.002 -17.954"><span class='ocrx_word' id='word_1_51' title='bbox 5 909 275 969; x_wconf 82' lang='grc' dir='ltr'><strong><em>πράττουσιν</em></strong></span> <span class='ocrx_word' id='word_1_52' title='bbox 307 910 349 950; x_wconf 82' lang='grc' dir='ltr'><strong><em>οἵ</em></strong></span> <span class='ocrx_word' id='word_1_53' title='bbox 373 908 493 950; x_wconf 80' lang='grc' dir='ltr'><strong><em>πλέον</em></strong></span> <span class='ocrx_word' id='word_1_54' title='bbox 521 909 705 958; x_wconf 86' lang='grc' dir='ltr'><strong><em>πίνοντες</em></strong></span> <span class='ocrx_word' id='word_1_55' title='bbox 737 909 841 962; x_wconf 82' lang='grc' dir='ltr'><strong><em>φησί</em></strong></span> <span class='ocrx_word' id='word_1_56' title='bbox 867 911 948 949; x_wconf 84' lang='grc' dir='ltr'><strong><em>κτλ.</em></strong></span> <span class='ocrx_word' id='word_1_57' title='bbox 1036 911 1075 950; x_wconf 88' lang='lat'><strong><em>4.</em></strong></span> <span class='ocrx_word' id='word_1_58' title='bbox 1106 912 1275 960; x_wconf 84' lang='grc' dir='ltr'><strong><em>θνητων</em></strong></span> <span class='ocrx_word' id='word_1_59' title='bbox 1304 907 1379 961; x_wconf 81' lang='lat' dir='ltr'>(sio</span> <span class='ocrx_word' id='word_1_60' title='bbox 1409 909 1515 949; x_wconf 84' lang='lat' dir='ltr'><strong><em>enim</em></strong></span> <span class='ocrx_word' id='word_1_61' title='bbox 1545 906 1602 962; x_wconf 89' lang='lat' dir='ltr'><strong><em>A)</em></strong></span> 
     </span>
     <span class='ocr_line' id='line_1_11' title="bbox 4 959 1602 1020; baseline -0.003 -10.936"><span class='ocrx_word' id='word_1_62' title='bbox 4 959 180 1020; x_wconf 75' lang='lat' dir='ltr'><strong><em>{pendet</em></strong></span> <span class='ocrx_word' id='word_1_63' title='bbox 207 981 232 1008; x_wconf 84' lang='lat' dir='ltr'><strong><em>a.</em></strong></span> <span class='ocrx_word' id='word_1_64' title='bbox 262 963 339 1018; x_wconf 78' lang='grc' dir='ltr'><strong><em>τὴν</em></strong></span> <span class='ocrx_word' id='word_1_65' title='bbox 369 965 528 1019; x_wconf 82' lang='grc' dir='ltr'><strong><em>τόλμαν.</em></strong></span> <span class='ocrx_word' id='word_1_66' title='bbox 560 990 616 996; x_wconf 89' lang='grc'>-</span> <span class='ocrx_word' id='word_1_67' title='bbox 654 970 840 1019; x_wconf 78' lang='lat' dir='ltr'><strong><em>exoerpta</em></strong></span> <span class='ocrx_word' id='word_1_68' title='bbox 867 967 963 1007; x_wconf 84' lang='lat' dir='ltr'><strong>haec</strong></span> <span class='ocrx_word' id='word_1_69' title='bbox 992 968 1181 1007; x_wconf 74' lang='lat' dir='ltr'>videntur</span> <span class='ocrx_word' id='word_1_70' title='bbox 1210 979 1257 1006; x_wconf 79' lang='lat' dir='ltr'><strong><em>ex</em></strong></span> <span class='ocrx_word' id='word_1_71' title='bbox 1286 967 1456 1018; x_wconf 87' lang='lat' dir='ltr'>prologo</span> <span class='ocrx_word' id='word_1_72' title='bbox 1486 966 1602 1006; x_wconf 83' lang='lat' dir='ltr'><strong>fabu-</strong></span> 
     </span>
     <span class='ocr_line' id='line_1_12' title="bbox 27 1024 1604 1077; baseline -0.002 -11"><span class='ocrx_word' id='word_1_73' title='bbox 27 1026 110 1077; x_wconf 79' lang='lat' dir='ltr'><strong><em>lae3</em></strong></span> <span class='ocrx_word' id='word_1_74' title='bbox 142 1026 221 1066; x_wconf 85' lang='lat' dir='ltr'><strong><em>duo</em></strong></span> <span class='ocrx_word' id='word_1_75' title='bbox 251 1026 406 1076; x_wconf 79' lang='lat' dir='ltr'>priores</span> <span class='ocrx_word' id='word_1_76' title='bbox 436 1038 575 1065; x_wconf 85' lang='lat' dir='ltr'>versus</span> <span class='ocrx_word' id='word_1_77' title='bbox 606 1038 654 1064; x_wconf 86' lang='lat' dir='ltr'><strong><em>ex</em></strong></span> <span class='ocrx_word' id='word_1_78' title='bbox 674 1025 894 1076; x_wconf 71' lang='lat' dir='ltr'><strong><em>Euripides.</em></strong></span> <span class='ocrx_word' id='word_1_79' title='bbox 922 1025 1130 1076; x_wconf 76' lang='lat' dir='ltr'>tragoedia</span> <span class='ocrx_word' id='word_1_80' title='bbox 1156 1025 1306 1075; x_wconf 75' lang='lat' dir='ltr'><strong><em>petitos</em></strong></span> <span class='ocrx_word' id='word_1_81' title='bbox 1328 1036 1414 1064; x_wconf 84' lang='lat' dir='ltr'><strong>esse</strong></span> <span class='ocrx_word' id='word_1_82' title='bbox 1435 1024 1604 1063; x_wconf 74' lang='lat' dir='ltr'><strong><em>coniecit</em></strong></span> 
     </span>
    </p>
   </div>
   <div class='ocr_carea' id='block_1_4' title="bbox 31 1081 1601 1133">
    <p class='ocr_par' dir='ltr' id='par_1_5' title="bbox 31 1081 1601 1133">
     <span class='ocr_line' id='line_1_13' title="bbox 31 1081 1601 1133; baseline -0.002 -11"><span class='ocrx_word' id='word_1_83' title='bbox 31 1083 271 1124; x_wconf 77' lang='lat' dir='ltr'><strong>Valckenar.</strong></span> <span class='ocrx_word' id='word_1_84' title='bbox 295 1083 459 1133; x_wconf 87' lang='lat' dir='ltr'>Hippol.</span> <span class='ocrx_word' id='word_1_85' title='bbox 483 1084 605 1123; x_wconf 89' lang='lat'>1303.</span> <span class='ocrx_word' id='word_1_86' title='bbox 656 1082 704 1122; x_wconf 86' lang='lat' dir='ltr'><strong><em>de</em></strong></span> <span class='ocrx_word' id='word_1_87' title='bbox 736 1082 929 1132; x_wconf 85' lang='lat' dir='ltr'>Euripide</span> <span class='ocrx_word' id='word_1_88' title='bbox 959 1082 1009 1121; x_wconf 86' lang='lat' dir='ltr'><strong><em>of.</em></strong></span> <span class='ocrx_word' id='word_1_89' title='bbox 1032 1081 1184 1121; x_wconf 82' lang='lat' dir='ltr'><strong>Nauck.</strong></span> <span class='ocrx_word' id='word_1_90' title='bbox 1207 1082 1327 1132; x_wconf 84' lang='lat' dir='ltr'>Trag.</span> <span class='ocrx_word' id='word_1_91' title='bbox 1351 1095 1410 1132; x_wconf 82' lang='lat' dir='ltr'><strong><em>gr.</em></strong></span> <span class='ocrx_word' id='word_1_92' title='bbox 1433 1082 1482 1120; x_wconf 88' lang='lat' dir='ltr'><strong><em>fr.</em></strong></span> <span class='ocrx_word' id='word_1_93' title='bbox 1505 1082 1601 1120; x_wconf 83' lang='lat'><strong><em>291.</em></strong></span> 
     </span>
    </p>
   </div>
   <div class='ocr_carea' id='block_1_5' title="bbox 907 1251 1226 1292">
    <p class='ocr_par' dir='ltr' id='par_1_6' title="bbox 907 1251 1226 1292">
     <span class='ocr_line' id='line_1_14' title="bbox 907 1251 1226 1292; baseline 0 0"><span class='ocrx_word' id='word_1_94' title='bbox 907 1251 1071 1292; x_wconf 84' lang='grc' dir='ltr'><strong><em>τοῦτον</em></strong></span> <span class='ocrx_word' id='word_1_95' title='bbox 1101 1265 1187 1292; x_wconf 90' lang='grc' dir='ltr'><strong><em>ουν</em></strong></span> <span class='ocrx_word' id='word_1_96' title='bbox 1223 1258 1226 1259; x_wconf 72' lang='grc'>’</span> 
     </span>
    </p>
   </div>
   <div class='ocr_carea' id='block_1_6' title="bbox 0 1315 1605 1637">
    <p class='ocr_par' dir='ltr' id='par_1_7' title="bbox 0 1315 1601 1637">
     <span class='ocr_line' id='line_1_15' title="bbox 307 1315 1316 1374; baseline 0 -14"><span class='ocrx_word' id='word_1_97' title='bbox 307 1315 370 1360; x_wconf 86' lang='grc' dir='ltr'><strong><em>δι’</em></strong></span> <span class='ocrx_word' id='word_1_98' title='bbox 392 1318 694 1373; x_wconf 78' lang='grc' dir='ltr'><strong><em>οἰνοφλυγίαν</em></strong></span> <span class='ocrx_word' id='word_1_99' title='bbox 724 1317 800 1360; x_wconf 85' lang='grc' dir='ltr'><strong><em>καὶ</em></strong></span> <span class='ocrx_word' id='word_1_100' title='bbox 830 1317 971 1374; x_wconf 87' lang='grc' dir='ltr'><strong><em>πάχος</em></strong></span> <span class='ocrx_word' id='word_1_101' title='bbox 999 1320 1081 1361; x_wconf 83' lang='grc' dir='ltr'><strong><em>τοῦ</em></strong></span> <span class='ocrx_word' id='word_1_102' title='bbox 1112 1317 1316 1373; x_wconf 74' lang='grc' dir='ltr'><strong><em>σώματος</em></strong></span> 
     </span>
     <span class='ocr_line' id='line_1_16' title="bbox 304 1384 1178 1442; baseline 0.002 -14"><span class='ocrx_word' id='word_1_103' title='bbox 304 1384 447 1429; x_wconf 83' lang='grc' dir='ltr'><strong><em>άσκόν</em></strong></span> <span class='ocrx_word' id='word_1_104' title='bbox 478 1388 667 1430; x_wconf 86' lang='grc' dir='ltr'><strong><em>καλοῦσι</em></strong></span> <span class='ocrx_word' id='word_1_105' title='bbox 697 1387 866 1437; x_wconf 85' lang='grc' dir='ltr'><strong><em>πάντες</em></strong></span> <span class='ocrx_word' id='word_1_106' title='bbox 897 1385 1178 1442; x_wconf 75' lang='grc' dir='ltr'><strong><em>οὑπιχώριοι.</em></strong></span> 
     </span>
     <span class='ocr_line' id='line_1_17' title="bbox 0 1464 1600 1538; baseline -0.001 -28"><span class='ocrx_word' id='word_1_107' title='bbox 0 1500 2 1504; x_wconf 30' lang='grc' dir='ltr'><em>ψ</em></span> <span class='ocrx_word' id='word_1_108' title='bbox 145 1471 375 1510; x_wconf 77' lang='lat' dir='ltr'><strong>Athenaeus</strong></span> <span class='ocrx_word' id='word_1_109' title='bbox 409 1471 480 1520; x_wconf 87' lang='lat'><strong><em>12,</em></strong></span> <span class='ocrx_word' id='word_1_110' title='bbox 505 1471 624 1510; x_wconf 86' lang='lat' dir='ltr'>552f</span> <span class='ocrx_word' id='word_1_111' title='bbox 663 1467 718 1518; x_wconf 70' lang='grc' dir='ltr'><strong><em>ὥς</em></strong></span> <span class='ocrx_word' id='word_1_112' title='bbox 749 1480 876 1522; x_wconf 89' lang='grc' dir='ltr'><strong><em>φησιν</em></strong></span> <span class='ocrx_word' id='word_1_113' title='bbox 903 1465 1145 1521; x_wconf 76' lang='grc' dir='ltr'><strong><em>Ἀντιφάνης</em></strong></span> <span class='ocrx_word' id='word_1_114' title='bbox 1177 1467 1220 1509; x_wconf 78' lang='grc' dir='ltr'><strong><em>ἐν</em></strong></span> <span class='ocrx_word' id='word_1_115' title='bbox 1251 1464 1385 1538; x_wconf 86' lang='grc' dir='ltr'><strong><em>Αἰόλω</em></strong></span> <span class='ocrx_word' id='word_1_116' title='bbox 1416 1472 1498 1510; x_wconf 82' lang='grc' dir='ltr'><strong><em>κτλ.</em></strong></span> <span class='ocrx_word' id='word_1_117' title='bbox 1562 1472 1600 1510; x_wconf 89' lang='lat'><strong><em>3.</em></strong></span> 
     </span>
     <span class='ocr_line' id='line_1_18' title="bbox 0 1509 1601 1589; baseline 0 -23"><span class='ocrx_word' id='word_1_118' title='bbox 0 1535 2 1589; x_wconf 51' lang='lat'>2</span> <span class='ocrx_word' id='word_1_119' title='bbox 32 1523 263 1580; x_wconf 85' lang='grc' dir='ltr'><strong><em>οὖπιχωριοι</em></strong></span> <span class='ocrx_word' id='word_1_120' title='bbox 292 1526 449 1579; x_wconf 88' lang='lat' dir='ltr'><strong>Dindf.]</strong></span> <span class='ocrx_word' id='word_1_121' title='bbox 491 1527 533 1566; x_wconf 81' lang='grc' dir='ltr'><strong><em>οἱ</em></strong></span> <span class='ocrx_word' id='word_1_122' title='bbox 565 1524 769 1579; x_wconf 78' lang='grc' dir='ltr'><strong><em>ἐπιχώριοι</em></strong></span> <span class='ocrx_word' id='word_1_123' title='bbox 798 1529 847 1570; x_wconf 91' lang='lat' dir='ltr'>A</span> <span class='ocrx_word' id='word_1_124' title='bbox 907 1527 1246 1592; x_wconf 75' lang='lat' dir='ltr'>Eustath.1646,</span> <span class='ocrx_word' id='word_1_125' title='bbox 1269 1528 1320 1565; x_wconf 88' lang='grc'>14</span> <span class='ocrx_word' id='word_1_126' title='bbox 1350 1509 1413 1566; x_wconf 84' lang='grc' dir='ltr'><strong><em>ότι</em></strong></span> <span class='ocrx_word' id='word_1_127' title='bbox 1443 1524 1487 1566; x_wconf 81' lang='grc' dir='ltr'><strong><em>δὲ</em></strong></span> <span class='ocrx_word' id='word_1_128' title='bbox 1517 1526 1601 1566; x_wconf 83' lang='grc' dir='ltr'><strong><em>καὶ</em></strong></span> 
     </span>
     <span class='ocr_line' id='line_1_19' title="bbox 0 1575 1605 1637; baseline -0.001 -13.979"><span class='ocrx_word' id='word_1_129' title='bbox 0 1581 218 1636; x_wconf 86' lang='grc' dir='ltr'><strong><em>πάχους</em></strong></span> <span class='ocrx_word' id='word_1_130' title='bbox 248 1583 333 1623; x_wconf 86' lang='grc' dir='ltr'><strong><em>τοῦ</em></strong></span> <span class='ocrx_word' id='word_1_131' title='bbox 360 1582 480 1622; x_wconf 82' lang='grc' dir='ltr'><strong><em>κατὰ</em></strong></span> <span class='ocrx_word' id='word_1_132' title='bbox 512 1588 646 1636; x_wconf 77' lang='grc' dir='ltr'><strong><em>σῶμα</em></strong></span> <span class='ocrx_word' id='word_1_133' title='bbox 675 1583 828 1637; x_wconf 85' lang='grc' dir='ltr'><strong><em>γίνεται</em></strong></span> <span class='ocrx_word' id='word_1_134' title='bbox 856 1589 1058 1636; x_wconf 83' lang='grc' dir='ltr'><strong><em>σκωμμα</em></strong></span> <span class='ocrx_word' id='word_1_135' title='bbox 1088 1575 1109 1622; x_wconf 81' lang='grc' dir='ltr'><em>ὃ</em></span> <span class='ocrx_word' id='word_1_136' title='bbox 1137 1578 1314 1635; x_wconf 78' lang='grc' dir='ltr'><strong><em>ἀσκός,</em></strong></span> <span class='ocrx_word' id='word_1_137' title='bbox 1346 1584 1466 1635; x_wconf 85' lang='grc' dir='ltr'><strong><em>δηλοῖ</em></strong></span> <span class='ocrx_word' id='word_1_138' title='bbox 1476 1579 1605 1634; x_wconf 81' lang='grc' dir='ltr'><strong><em>Ἀθή-</em></strong></span> 
     </span>
    </p>
   </div>
   <div class='ocr_carea' id='block_1_7' title="bbox 0 1637 1608 1752">
    <p class='ocr_par' dir='ltr' id='par_1_8' title="bbox 0 1637 1608 1752">
     <span class='ocr_line' id='line_1_20' title="bbox 0 1637 1608 1723; baseline 0 -43"><span class='ocrx_word' id='word_1_139' title='bbox 0 1642 144 1723; x_wconf 47' lang='grc' dir='ltr'><strong><em>,νάιος</em></strong></span> <span class='ocrx_word' id='word_1_140' title='bbox 182 1638 306 1681; x_wconf 76' lang='grc' dir='ltr'><strong><em>εἰπών</em></strong></span> <span class='ocrx_word' id='word_1_141' title='bbox 343 1637 403 1679; x_wconf 77' lang='grc' dir='ltr'><strong><em>ὅτι</em></strong></span> <span class='ocrx_word' id='word_1_142' title='bbox 440 1637 574 1692; x_wconf 80' lang='grc' dir='ltr'><strong><em>παχύν</em></strong></span> <span class='ocrx_word' id='word_1_143' title='bbox 609 1655 698 1681; x_wconf 86' lang='grc' dir='ltr'><strong><em>τινα</em></strong></span> <span class='ocrx_word' id='word_1_144' title='bbox 736 1640 784 1691; x_wconf 80' lang='grc' dir='ltr'><strong><em>ἐξ</em></strong></span> <span class='ocrx_word' id='word_1_145' title='bbox 820 1640 1150 1694; x_wconf 76' lang='grc' dir='ltr'><strong><em>οἰνοφλυγίας</em></strong></span> <span class='ocrx_word' id='word_1_146' title='bbox 1187 1639 1404 1693; x_wconf 86' lang='grc' dir='ltr'><strong><em>γενόμενον</em></strong></span> <span class='ocrx_word' id='word_1_147' title='bbox 1441 1637 1608 1680; x_wconf 82' lang='grc' dir='ltr'><strong><em>άσκόν</em></strong></span> 
     </span>
     <span class='ocr_line' id='line_1_21' title="bbox 34 1694 620 1752; baseline 0.002 -15"><span class='ocrx_word' id='word_1_148' title='bbox 34 1696 244 1739; x_wconf 78' lang='grc' dir='ltr'><strong><em>ἐκάλουν</em></strong></span> <span class='ocrx_word' id='word_1_149' title='bbox 273 1697 324 1738; x_wconf 80' lang='grc' dir='ltr'><strong><em>οἱ</em></strong></span> <span class='ocrx_word' id='word_1_150' title='bbox 349 1694 620 1752; x_wconf 79' lang='grc' dir='ltr'><strong><em>ἐπιχώριοι.</em></strong></span> 
     </span>
    </p>
   </div>
   <div class='ocr_carea' id='block_1_8' title="bbox 0 1772 946 1850">
    <p class='ocr_par' dir='ltr' id='par_1_9' title="bbox 0 1772 946 1850">
     <span class='ocr_line' id='line_1_22' title="bbox 0 1772 946 1850; baseline 0.002 -18"><span class='ocrx_word' id='word_1_151' title='bbox 0 1772 5 1850; x_wconf 64' lang='grc' dir='ltr'>ί</span> <span class='ocrx_word' id='word_1_152' title='bbox 696 1800 946 1835; x_wconf 75' lang='grc' dir='ltr'><strong>ΑΚΕΣΤΡΙΑ</strong></span> 
     </span>
    </p>
   </div>
   <div class='ocr_carea' id='block_1_9' title="bbox 0 1845 48 3190">
    <p class='ocr_par' dir='ltr' id='par_1_10' title="bbox 0 1845 48 3190">
     <span class='ocr_line' id='line_1_23' title="bbox 0 1845 15 2059; baseline 0 -151"><span class='ocrx_word' id='word_1_153' title='bbox 0 1845 15 2059; x_wconf 95' lang='lat' dir='ltr'><strong><em>   </em></strong></span> 
     </span>
     <span class='ocr_line' id='line_1_24' title="bbox 0 2059 18 2306; baseline 0 -224"><span class='ocrx_word' id='word_1_154' title='bbox 0 2059 18 2306; x_wconf 95' lang='lat' dir='ltr'><strong><em>    </em></strong></span> 
     </span>
     <span class='ocr_line' id='line_1_25' title="bbox 0 2306 48 3190; baseline 0 0"><span class='ocrx_word' id='word_1_155' title='bbox 0 2306 48 3190; x_wconf 95' lang='lat' dir='ltr'><strong><em>    </em></strong></span> 
     </span>
    </p>
   </div>
   <div class='ocr_carea' id='block_1_10' title="bbox 5 1879 1612 2449">
    <p class='ocr_par' dir='ltr' id='par_1_11' title="bbox 5 1879 1612 2449">
     <span class='ocr_line' id='line_1_26' title="bbox 149 1879 1604 1949; baseline 0.001 -28"><span class='ocrx_word' id='word_1_156' title='bbox 149 1882 308 1922; x_wconf 80' lang='lat' dir='ltr'>Nomen</span> <span class='ocrx_word' id='word_1_157' title='bbox 339 1879 552 1949; x_wconf 83' lang='lat' dir='ltr'><strong><em>ambiguae</em></strong></span> <span class='ocrx_word' id='word_1_158' title='bbox 584 1884 646 1922; x_wconf 71' lang='lat' dir='ltr'><strong><em>osb</em></strong></span> <span class='ocrx_word' id='word_1_159' title='bbox 674 1881 991 1934; x_wconf 73' lang='lat' dir='ltr'>significationis.</span> <span class='ocrx_word' id='word_1_160' title='bbox 1051 1881 1229 1932; x_wconf 72' lang='lat' dir='ltr'><strong><em>Etymol.</em></strong></span> <span class='ocrx_word' id='word_1_161' title='bbox 1261 1882 1406 1933; x_wconf 81' lang='grc'>111.47,</span> <span class='ocrx_word' id='word_1_162' title='bbox 1429 1883 1484 1920; x_wconf 92' lang='grc'><strong><em>44</em></strong></span> <span class='ocrx_word' id='word_1_163' title='bbox 1514 1879 1604 1922; x_wconf 86' lang='grc' dir='ltr'><strong><em>άκε-</em></strong></span> 
     </span>
     <span class='ocr_line' id='line_1_27' title="bbox 5 1934 1607 2006; baseline 0.001 -29"><span class='ocrx_word' id='word_1_164' title='bbox 5 1968 9 1977; x_wconf 79' lang='grc'><strong><em>-,</em></strong></span> <span class='ocrx_word' id='word_1_165' title='bbox 36 1936 131 1990; x_wconf 81' lang='grc' dir='ltr'><strong><em>στὴς</em></strong></span> <span class='ocrx_word' id='word_1_166' title='bbox 161 1937 229 1978; x_wconf 81' lang='grc' dir='ltr'><strong><em>καὶ</em></strong></span> <span class='ocrx_word' id='word_1_167' title='bbox 257 1934 439 1991; x_wconf 83' lang='grc' dir='ltr'><strong><em>άκὲστρια</em></strong></span> <span class='ocrx_word' id='word_1_168' title='bbox 467 1934 558 1978; x_wconf 63' lang='lat' dir='ltr'><strong><em>dvxi</em></strong></span> <span class='ocrx_word' id='word_1_169' title='bbox 588 1943 658 1978; x_wconf 87' lang='grc' dir='ltr'><strong><em>τοῦ</em></strong></span> <span class='ocrx_word' id='word_1_170' title='bbox 687 1936 1031 2006; x_wconf 83' lang='grc' dir='ltr'><strong><em>θεραπεύτρια</em></strong></span> <span class='ocrx_word' id='word_1_171' title='bbox 1062 1936 1106 1990; x_wconf 84' lang='grc'><strong><em>(1.</em></strong></span> <span class='ocrx_word' id='word_1_172' title='bbox 1131 1951 1164 1978; x_wconf 88' lang='lat' dir='ltr'><strong><em>e.</em></strong></span> <span class='ocrx_word' id='word_1_173' title='bbox 1194 1937 1376 1991; x_wconf 79' lang='lat' dir='ltr'><strong><em>medica).</em></strong></span> <span class='ocrx_word' id='word_1_174' title='bbox 1436 1939 1607 1980; x_wconf 84' lang='lat' dir='ltr'><strong><em>Bekker.</em></strong></span> 
     </span>
     <span class='ocr_line' id='line_1_28' title="bbox 37 1990 1607 2046; baseline 0.001 -11"><span class='ocrx_word' id='word_1_175' title='bbox 37 1996 191 2036; x_wconf 80' lang='lat' dir='ltr'><strong><em>Anecd.</em></strong></span> <span class='ocrx_word' id='word_1_176' title='bbox 215 1997 311 2046; x_wconf 88' lang='lat'>364,</span> <span class='ocrx_word' id='word_1_177' title='bbox 333 1999 358 2037; x_wconf 93' lang='grc'>8</span> <span class='ocrx_word' id='word_1_178' title='bbox 389 1992 615 2035; x_wconf 80' lang='grc' dir='ltr'><strong><em>ἀκέσασθαι</em></strong></span> <span class='ocrx_word' id='word_1_179' title='bbox 644 1994 711 2036; x_wconf 84' lang='grc' dir='ltr'><strong><em>καὶ</em></strong></span> <span class='ocrx_word' id='word_1_180' title='bbox 739 1990 901 2035; x_wconf 84' lang='grc' dir='ltr'><strong><em>ἆκέσαι·</em></strong></span> <span class='ocrx_word' id='word_1_181' title='bbox 934 1994 1143 2035; x_wconf 79' lang='grc' dir='ltr'><strong><em>ἰάσασθαι.</em></strong></span> <span class='ocrx_word' id='word_1_182' title='bbox 1190 1992 1294 2035; x_wconf 84' lang='grc' dir='ltr'><strong><em>ὅθεν</em></strong></span> <span class='ocrx_word' id='word_1_183' title='bbox 1323 1994 1390 2034; x_wconf 80' lang='grc' dir='ltr'><strong><em>καὶ</em></strong></span> <span class='ocrx_word' id='word_1_184' title='bbox 1421 1995 1461 2034; x_wconf 82' lang='grc' dir='ltr'><strong><em>οἵ</em></strong></span> <span class='ocrx_word' id='word_1_185' title='bbox 1483 1992 1607 2036; x_wconf 83' lang='grc' dir='ltr'><strong><em>Ἀττι-</em></strong></span> 
     </span>
     <span class='ocr_line' id='line_1_29' title="bbox 36 2046 1606 2122; baseline 0.001 -30"><span class='ocrx_word' id='word_1_186' title='bbox 36 2050 99 2092; x_wconf 81' lang='grc' dir='ltr'><strong><em>κοὶ</em></strong></span> <span class='ocrx_word' id='word_1_187' title='bbox 131 2050 202 2104; x_wconf 85' lang='grc' dir='ltr'><strong><em>τὴν</em></strong></span> <span class='ocrx_word' id='word_1_188' title='bbox 232 2049 483 2105; x_wconf 78' lang='grc' dir='ltr'><strong><em>ἠπήτριαν</em></strong></span> <span class='ocrx_word' id='word_1_189' title='bbox 512 2046 726 2106; x_wconf 80' lang='grc' dir='ltr'><strong><em>άκέστριαν</em></strong></span> <span class='ocrx_word' id='word_1_190' title='bbox 755 2055 949 2092; x_wconf 85' lang='grc' dir='ltr'><strong><em>καλοῦσιν</em></strong></span> <span class='ocrx_word' id='word_1_191' title='bbox 969 2049 1040 2107; x_wconf 86' lang='lat' dir='ltr'><strong><em>(of.</em></strong></span> <span class='ocrx_word' id='word_1_192' title='bbox 1062 2053 1271 2104; x_wconf 80' lang='lat' dir='ltr'>Aristoph.</span> <span class='ocrx_word' id='word_1_193' title='bbox 1294 2053 1342 2095; x_wconf 87' lang='lat' dir='ltr'><strong><em>fr.</em></strong></span> <span class='ocrx_word' id='word_1_194' title='bbox 1367 2050 1483 2122; x_wconf 82' lang='grc'>227).</span> <span class='ocrx_word' id='word_1_195' title='bbox 1501 2055 1606 2094; x_wconf 89' lang='lat' dir='ltr'><strong>.Ael.</strong></span> 
     </span>
     <span class='ocr_line' id='line_1_30' title="bbox 36 2105 1609 2174; baseline 0.001 -25"><span class='ocrx_word' id='word_1_196' title='bbox 36 2109 203 2174; x_wconf 84' lang='lat' dir='ltr'>Dionys.</span> <span class='ocrx_word' id='word_1_197' title='bbox 234 2111 419 2151; x_wconf 74' lang='lat' dir='ltr'><strong>Eustath.</strong></span> <span class='ocrx_word' id='word_1_198' title='bbox 453 2112 575 2160; x_wconf 84' lang='lat'>1647,</span> <span class='ocrx_word' id='word_1_199' title='bbox 599 2112 652 2151; x_wconf 83' lang='lat'><strong><em>58</em></strong></span> <span class='ocrx_word' id='word_1_200' title='bbox 684 2113 725 2151; x_wconf 74' lang='lat' dir='ltr'><strong><em>et</em></strong></span> <span class='ocrx_word' id='word_1_201' title='bbox 754 2111 930 2163; x_wconf 76' lang='lat' dir='ltr'>Etymol.</span> <span class='ocrx_word' id='word_1_202' title='bbox 952 2125 1006 2150; x_wconf 93' lang='lat' dir='ltr'><strong><em>m.</em></strong></span> <span class='ocrx_word' id='word_1_203' title='bbox 1027 2111 1095 2161; x_wconf 88' lang='grc'><strong><em>46,</em></strong></span> <span class='ocrx_word' id='word_1_204' title='bbox 1118 2111 1172 2149; x_wconf 87' lang='grc'><strong><em>34</em></strong></span> <span class='ocrx_word' id='word_1_205' title='bbox 1202 2106 1387 2162; x_wconf 85' lang='grc' dir='ltr'><strong><em>ἆκέστρια</em></strong></span> <span class='ocrx_word' id='word_1_206' title='bbox 1417 2107 1485 2149; x_wconf 80' lang='grc' dir='ltr'><strong><em>καὶ</em></strong></span> <span class='ocrx_word' id='word_1_207' title='bbox 1516 2105 1609 2151; x_wconf 80' lang='grc' dir='ltr'><strong><em>ἄκε-</em></strong></span> 
     </span>
     <span class='ocr_line' id='line_1_31' title="bbox 10 2161 1608 2221; baseline 0.001 -16"><span class='ocrx_word' id='word_1_208' title='bbox 10 2161 156 2218; x_wconf 60' lang='grc' dir='ltr'><strong><em>,στής,</em></strong></span> <span class='ocrx_word' id='word_1_209' title='bbox 201 2164 273 2215; x_wconf 87' lang='grc' dir='ltr'><strong><em>οὑς</em></strong></span> <span class='ocrx_word' id='word_1_210' title='bbox 311 2167 390 2207; x_wconf 84' lang='grc' dir='ltr'><strong><em>νῦν</em></strong></span> <span class='ocrx_word' id='word_1_211' title='bbox 428 2163 618 2220; x_wconf 79' lang='grc' dir='ltr'><strong><em>ῤ’άπτας</em></strong></span> <span class='ocrx_word' id='word_1_212' title='bbox 658 2169 836 2207; x_wconf 80' lang='grc' dir='ltr'><strong><em>καλοῦσι.</em></strong></span> <span class='ocrx_word' id='word_1_213' title='bbox 897 2165 970 2221; x_wconf 85' lang='grc' dir='ltr'><strong><em>χρὴ</em></strong></span> <span class='ocrx_word' id='word_1_214' title='bbox 1008 2164 1053 2206; x_wconf 80' lang='grc' dir='ltr'><strong><em>δὲ</em></strong></span> <span class='ocrx_word' id='word_1_215' title='bbox 1083 2164 1252 2218; x_wconf 79' lang='grc' dir='ltr'><strong><em>εἰδέναι,</em></strong></span> <span class='ocrx_word' id='word_1_216' title='bbox 1294 2163 1349 2214; x_wconf 78' lang='grc' dir='ltr'><strong><em>ὥς</em></strong></span> <span class='ocrx_word' id='word_1_217' title='bbox 1379 2167 1421 2206; x_wconf 83' lang='grc' dir='ltr'><strong><em>οἱ</em></strong></span> <span class='ocrx_word' id='word_1_218' title='bbox 1445 2166 1608 2208; x_wconf 85' lang='grc' dir='ltr'><strong><em>παλαιοὶ</em></strong></span> 
     </span>
     <span class='ocr_line' id='line_1_32' title="bbox 38 2222 1608 2291; baseline 0.002 -28"><span class='ocrx_word' id='word_1_219' title='bbox 38 2222 221 2276; x_wconf 79' lang='grc' dir='ltr'><strong><em>γυναιξιν</em></strong></span> <span class='ocrx_word' id='word_1_220' title='bbox 250 2222 419 2278; x_wconf 76' lang='grc' dir='ltr'><strong><em>ἐχρῶντο</em></strong></span> <span class='ocrx_word' id='word_1_221' title='bbox 449 2225 504 2271; x_wconf 84' lang='grc' dir='ltr'><strong><em>εἰς</em></strong></span> <span class='ocrx_word' id='word_1_222' title='bbox 534 2223 682 2272; x_wconf 84' lang='grc' dir='ltr'><strong><em>ταύτας</em></strong></span> <span class='ocrx_word' id='word_1_223' title='bbox 714 2222 782 2271; x_wconf 81' lang='grc' dir='ltr'><strong><em>τὰς</em></strong></span> <span class='ocrx_word' id='word_1_224' title='bbox 812 2222 1011 2291; x_wconf 80' lang='grc' dir='ltr'><strong><em>ἐργασίας.</em></strong></span> <span class='ocrx_word' id='word_1_225' title='bbox 1058 2225 1107 2266; x_wconf 86' lang='lat' dir='ltr'><strong><em>cf.</em></strong></span> <span class='ocrx_word' id='word_1_226' title='bbox 1128 2224 1308 2275; x_wconf 80' lang='lat' dir='ltr'><strong><em>Xenoph.</em></strong></span> <span class='ocrx_word' id='word_1_227' title='bbox 1331 2223 1425 2276; x_wconf 84' lang='lat' dir='ltr'>Cyr.</span> <span class='ocrx_word' id='word_1_228' title='bbox 1445 2226 1480 2276; x_wconf 90' lang='lat'><strong><em>1,</em></strong></span> <span class='ocrx_word' id='word_1_229' title='bbox 1500 2227 1608 2277; x_wconf 84' lang='lat'>6,15</span> 
     </span>
     <span class='ocr_line' id='line_1_33' title="bbox 41 2256 1608 2334; baseline 0.001 -14"><span class='ocrx_word' id='word_1_230' title='bbox 41 2280 254 2331; x_wconf 83' lang='grc' dir='ltr'><strong><em>ἱματίων</em></strong></span> <span class='ocrx_word' id='word_1_231' title='bbox 299 2279 549 2334; x_wconf 75' lang='grc' dir='ltr'><strong><em>ῥαγέντων</em></strong></span> <span class='ocrx_word' id='word_1_232' title='bbox 593 2281 672 2322; x_wconf 84' lang='grc' dir='ltr'><strong><em>εἰσί</em></strong></span> <span class='ocrx_word' id='word_1_233' title='bbox 710 2296 814 2329; x_wconf 85' lang='grc' dir='ltr'><strong><em>τινες</em></strong></span> <span class='ocrx_word' id='word_1_234' title='bbox 863 2278 1033 2334; x_wconf 81' lang='grc' dir='ltr'><strong><em>ἥπηταί,</em></strong></span> <span class='ocrx_word' id='word_1_235' title='bbox 1079 2284 1120 2321; x_wconf 75' lang='lat' dir='ltr'><strong><em>et</em></strong></span> <span class='ocrx_word' id='word_1_236' title='bbox 1149 2282 1254 2321; x_wconf 80' lang='lat' dir='ltr'><strong>Plat.</strong></span> <span class='ocrx_word' id='word_1_237' title='bbox 1285 2281 1442 2322; x_wconf 76' lang='lat' dir='ltr'><strong><em>Politic.</em></strong></span> <span class='ocrx_word' id='word_1_238' title='bbox 1471 2256 1608 2322; x_wconf 73' lang='lat' dir='ltr'><strong><em>”.281b</em></strong></span> 
     </span>
     <span class='ocr_line' id='line_1_34' title="bbox 41 2335 1612 2394; baseline 0.001 -17"><span class='ocrx_word' id='word_1_239' title='bbox 41 2339 122 2378; x_wconf 88' lang='grc'><strong><em>282</em></strong></span> <span class='ocrx_word' id='word_1_240' title='bbox 133 2352 176 2391; x_wconf 81' lang='lat' dir='ltr'><strong><em>a,</em></strong></span> <span class='ocrx_word' id='word_1_241' title='bbox 219 2339 288 2378; x_wconf 89' lang='lat' dir='ltr'><strong><em>ubi</em></strong></span> <span class='ocrx_word' id='word_1_242' title='bbox 326 2335 514 2390; x_wconf 82' lang='grc' dir='ltr'><strong><em>άκεστική</em></strong></span> <span class='ocrx_word' id='word_1_243' title='bbox 551 2342 885 2379; x_wconf 74' lang='lat' dir='ltr'>commemoratur</span> <span class='ocrx_word' id='word_1_244' title='bbox 919 2341 1132 2379; x_wconf 80' lang='lat' dir='ltr'>coniuncta</span> <span class='ocrx_word' id='word_1_245' title='bbox 1170 2351 1261 2378; x_wconf 84' lang='lat' dir='ltr'><strong><em>oum</em></strong></span> <span class='ocrx_word' id='word_1_246' title='bbox 1290 2345 1540 2394; x_wconf 83' lang='grc' dir='ltr'><strong><em>κναφευτικῇ</em></strong></span> <span class='ocrx_word' id='word_1_247' title='bbox 1571 2342 1612 2379; x_wconf 74' lang='lat' dir='ltr'><strong><em>et</em></strong></span> 
     </span>
     <span class='ocr_line' id='line_1_35' title="bbox 40 2392 1606 2449; baseline 0.002 -16"><span class='ocrx_word' id='word_1_248' title='bbox 40 2394 248 2449; x_wconf 79' lang='grc' dir='ltr'><strong><em>πλυντικῇ.</em></strong></span> <span class='ocrx_word' id='word_1_249' title='bbox 299 2396 376 2436; x_wconf 85' lang='lat' dir='ltr'>fuit</span> <span class='ocrx_word' id='word_1_250' title='bbox 406 2397 529 2436; x_wconf 82' lang='lat' dir='ltr'>etiam</span> <span class='ocrx_word' id='word_1_251' title='bbox 560 2396 775 2448; x_wconf 85' lang='lat' dir='ltr'>Sophronis</span> <span class='ocrx_word' id='word_1_252' title='bbox 806 2398 952 2437; x_wconf 82' lang='lat' dir='ltr'>mimus</span> <span class='ocrx_word' id='word_1_253' title='bbox 969 2392 1200 2449; x_wconf 84' lang='grc' dir='ltr'><strong><em>Ἀκέστριαι.</em></strong></span> <span class='ocrx_word' id='word_1_254' title='bbox 1252 2396 1303 2436; x_wconf 86' lang='lat' dir='ltr'><strong><em>of.</em></strong></span> <span class='ocrx_word' id='word_1_255' title='bbox 1329 2397 1447 2435; x_wconf 89' lang='lat' dir='ltr'><strong>Mein.</strong></span> <span class='ocrx_word' id='word_1_256' title='bbox 1470 2397 1489 2435; x_wconf 97' lang='lat' dir='ltr'>I</span> <span class='ocrx_word' id='word_1_257' title='bbox 1511 2399 1606 2436; x_wconf 89' lang='lat'><strong>333.</strong></span> 
     </span>
    </p>
   </div>
   <div class='ocr_carea' id='block_1_11' title="bbox 117 2567 1437 3022">
    <p class='ocr_par' dir='ltr' id='par_1_12' title="bbox 117 2567 1437 3022">
     <span class='ocr_line' id='line_1_36' title="bbox 247 2567 1398 2631; baseline 0 -14"><span class='ocrx_word' id='word_1_258' title='bbox 247 2575 380 2631; x_wconf 84' lang='grc' dir='ltr'><strong><em>κρέας</em></strong></span> <span class='ocrx_word' id='word_1_259' title='bbox 410 2575 460 2619; x_wconf 81' lang='grc' dir='ltr'><strong><em>δὲ</em></strong></span> <span class='ocrx_word' id='word_1_260' title='bbox 491 2577 613 2626; x_wconf 90' lang='grc' dir='ltr'><strong><em>τίνος</em></strong></span> <span class='ocrx_word' id='word_1_261' title='bbox 641 2573 791 2630; x_wconf 81' lang='grc' dir='ltr'><strong><em>ἥδιστ’</em></strong></span> <span class='ocrx_word' id='word_1_262' title='bbox 824 2571 885 2618; x_wconf 75' lang='grc' dir='ltr'><strong><em>άν</em></strong></span> <span class='ocrx_word' id='word_1_263' title='bbox 916 2574 1110 2627; x_wconf 56' lang='lat' dir='ltr'><strong><em>&amp;aedom</em></strong></span> <span class='ocrx_word' id='word_1_264' title='bbox 1171 2578 1222 2617; x_wconf 90' lang='grc' dir='ltr'><strong><em>Β.</em></strong></span> <span class='ocrx_word' id='word_1_265' title='bbox 1253 2567 1398 2626; x_wconf 84' lang='grc' dir='ltr'><strong><em>τίνος;</em></strong></span> 
     </span>
     <span class='ocr_line' id='line_1_37' title="bbox 251 2637 1318 2699; baseline 0 -13"><span class='ocrx_word' id='word_1_266' title='bbox 251 2644 312 2693; x_wconf 85' lang='grc' dir='ltr'><strong><em>εἰς</em></strong></span> <span class='ocrx_word' id='word_1_267' title='bbox 343 2643 584 2687; x_wconf 81' lang='grc' dir='ltr'><strong><em>εὐτέλειαν.</em></strong></span> <span class='ocrx_word' id='word_1_268' title='bbox 644 2645 737 2686; x_wconf 72' lang='grc' dir='ltr'><strong><em>τῶν</em></strong></span> <span class='ocrx_word' id='word_1_269' title='bbox 766 2642 1008 2699; x_wconf 82' lang='grc' dir='ltr'><strong><em>προβάτων</em></strong></span> <span class='ocrx_word' id='word_1_270' title='bbox 1038 2643 1122 2698; x_wconf 79' lang='grc' dir='ltr'><strong><em>μὲν</em></strong></span> <span class='ocrx_word' id='word_1_271' title='bbox 1153 2637 1220 2694; x_wconf 82' lang='grc' dir='ltr'><strong><em>οἷς</em></strong></span> <span class='ocrx_word' id='word_1_272' title='bbox 1250 2644 1318 2686; x_wconf 81' lang='grc' dir='ltr'><strong><em>ἔνι</em></strong></span> 
     </span>
     <span class='ocr_line' id='line_1_38' title="bbox 249 2709 1230 2768; baseline -0.001 -14"><span class='ocrx_word' id='word_1_273' title='bbox 249 2709 350 2766; x_wconf 86' lang='grc' dir='ltr'><strong><em>μήτ’</em></strong></span> <span class='ocrx_word' id='word_1_274' title='bbox 385 2713 483 2766; x_wconf 85' lang='grc' dir='ltr'><strong><em>ἔρια</em></strong></span> <span class='ocrx_word' id='word_1_275' title='bbox 512 2711 622 2767; x_wconf 85' lang='grc' dir='ltr'><strong><em>μήτε</em></strong></span> <span class='ocrx_word' id='word_1_276' title='bbox 650 2711 807 2768; x_wconf 90' lang='grc' dir='ltr'><strong><em>τυρός,</em></strong></span> <span class='ocrx_word' id='word_1_277' title='bbox 841 2709 1001 2768; x_wconf 80' lang='grc' dir='ltr'><strong><em>ἀρνός,</em></strong></span> <span class='ocrx_word' id='word_1_278' title='bbox 1032 2712 1230 2767; x_wconf 78' lang='grc' dir='ltr'><strong><em>φίλτατε.</em></strong></span> 
     </span>
     <span class='ocr_line' id='line_1_39' title="bbox 250 2777 1437 2835; baseline 0 -14"><span class='ocrx_word' id='word_1_279' title='bbox 250 2782 343 2822; x_wconf 78' lang='grc' dir='ltr'><strong><em>τῶν</em></strong></span> <span class='ocrx_word' id='word_1_280' title='bbox 374 2777 414 2821; x_wconf 85' lang='grc' dir='ltr'><strong><em>δ’</em></strong></span> <span class='ocrx_word' id='word_1_281' title='bbox 439 2780 645 2833; x_wconf 81' lang='grc' dir='ltr'><strong><em>αἰγιδίων</em></strong></span> <span class='ocrx_word' id='word_1_282' title='bbox 675 2779 787 2823; x_wconf 75' lang='grc' dir='ltr'><strong><em>κατὰ</em></strong></span> <span class='ocrx_word' id='word_1_283' title='bbox 818 2777 1012 2823; x_wconf 67' lang='grc' dir='ltr'><strong><em>ταῦθ’ὁί</em></strong></span> <span class='ocrx_word' id='word_1_284' title='bbox 1041 2777 1100 2835; x_wconf 75' lang='grc' dir='ltr'><strong><em>μὴ</em></strong></span> <span class='ocrx_word' id='word_1_285' title='bbox 1132 2778 1273 2834; x_wconf 86' lang='grc' dir='ltr'><strong><em>τυρὸν</em></strong></span> <span class='ocrx_word' id='word_1_286' title='bbox 1304 2787 1437 2834; x_wconf 84' lang='grc' dir='ltr'><strong><em>ποιεῖ,</em></strong></span> 
     </span>
     <span class='ocr_line' id='line_1_40' title="bbox 201 2845 1387 2904; baseline 0.001 -16"><span class='ocrx_word' id='word_1_287' title='bbox 201 2858 222 2888; x_wconf 83' lang='lat'>5</span> <span class='ocrx_word' id='word_1_288' title='bbox 254 2847 439 2903; x_wconf 82' lang='grc' dir='ltr'><strong><em>ἐρίφου·</em></strong></span> <span class='ocrx_word' id='word_1_289' title='bbox 471 2846 546 2890; x_wconf 80' lang='grc' dir='ltr'><strong><em>’διὰ</em></strong></span> <span class='ocrx_word' id='word_1_290' title='bbox 574 2846 659 2904; x_wconf 82' lang='grc' dir='ltr'><strong><em>τὴν</em></strong></span> <span class='ocrx_word' id='word_1_291' title='bbox 690 2849 966 2903; x_wconf 85' lang='grc' dir='ltr'><strong><em>ἐπικαρπίαν</em></strong></span> <span class='ocrx_word' id='word_1_292' title='bbox 994 2846 1082 2903; x_wconf 81' lang='grc' dir='ltr'><strong><em>γὰρ</em></strong></span> <span class='ocrx_word' id='word_1_293' title='bbox 1113 2849 1205 2890; x_wconf 80' lang='grc' dir='ltr'><strong><em>τῶν</em></strong></span> <span class='ocrx_word' id='word_1_294' title='bbox 1235 2845 1387 2903; x_wconf 75' lang='grc' dir='ltr'><strong><em>ἁδρῶν</em></strong></span> 
     </span>
     <span class='ocr_line' id='line_1_41' title="bbox 252 2913 1103 2971; baseline 0 -14"><span class='ocrx_word' id='word_1_295' title='bbox 252 2913 378 2958; x_wconf 86' lang='grc' dir='ltr'><strong><em>ταῦτ’</em></strong></span> <span class='ocrx_word' id='word_1_296' title='bbox 413 2916 585 2958; x_wconf 84' lang='grc' dir='ltr'><strong><em>ἐσθίων</em></strong></span> <span class='ocrx_word' id='word_1_297' title='bbox 614 2915 668 2958; x_wconf 75' lang='grc' dir='ltr'><strong><em>τά</em></strong></span> <span class='ocrx_word' id='word_1_298' title='bbox 700 2914 844 2971; x_wconf 86' lang='grc' dir='ltr'><strong><em>φαῦλ’</em></strong></span> <span class='ocrx_word' id='word_1_299' title='bbox 875 2914 1103 2971; x_wconf 80' lang='grc' dir='ltr'><strong><em>ἀνέχομαι.</em></strong></span> 
     </span>
     <span class='ocr_line' id='line_1_42' title="bbox 117 2988 1338 3022; baseline 0.002 -6"><span class='ocrx_word' id='word_1_300' title='bbox 117 2990 232 3016; x_wconf 73' lang='lat' dir='ltr'>Comici</span> <span class='ocrx_word' id='word_1_301' title='bbox 253 2990 376 3022; x_wconf 73' lang='lat' dir='ltr'><strong><em>graeci,</em></strong></span> <span class='ocrx_word' id='word_1_302' title='bbox 397 2990 442 3016; x_wconf 83' lang='lat' dir='ltr'><strong><em>ed.</em></strong></span> <span class='ocrx_word' id='word_1_303' title='bbox 463 2990 524 3016; x_wconf 76' lang='lat' dir='ltr'>&#39;l&#39;h-</span> <span class='ocrx_word' id='word_1_304' title='bbox 544 2991 659 3018; x_wconf 87' lang='lat' dir='ltr'><strong>Koek.</strong></span> <span class='ocrx_word' id='word_1_305' title='bbox 698 2992 740 3018; x_wconf 89' lang='lat'><strong><em>11.</em></strong></span> <span class='ocrx_word' id='word_1_306' title='bbox 1318 2988 1338 3018; x_wconf 79' lang='lat'><strong>2</strong></span> 
     </span>
    </p>
   </div>
  </div>
 </body>
</html>
