1890 3190
261 189 317 230 62
695 243 699 246 ἡ
877 193 1199 227 ΑΝΤῙΦΑΝΟΤΣ

374 293 602 333 Athenaeus
633 295 676 344 3,·
694 296 746 361 95
764 295 783 332 f
818 290 1071 345 ἀκροκωλίων
1101 293 1145 333 δὲ
1173 293 1392 346 μέμνηται.
1411 294 1703 348 ..Ἀντιφάνης
1733 299 1814 339 Ko-

262 348 403 401 ριιθία
435 351 514 387 κτλ.
620 352 659 388 1.
688 347 1040 404 κάκροκ.1)111ᾶ1“.]
1073 350 1140 390 καὶ
1169 348 1302 403 ἀκροκ,
1334 354 1383 393 Α.
1490 356 1528 394 3.
1559 351 1671 408 ὑσὶν]
1699 351 1816 395 &salv

262 406 311 443 A.
399 399 432 443 ὥ
462 402 636 444 δέσποθ’
667 420 886 457 anonymus
917 408 1023 458 apud
1055 407 1294 461 Schweigh.]
1328 407 1499 448 δέσποτα
1529 412 1579 450 A.
1667 413 1708 451 4.
1713 423 1818 478 pro

259 457 419 513 ἀπεῖρξε
455 463 593 512 utique
632 463 884 502 scribendum
919 467 982 504 est
1009 460 1272 515 ἀπείθισε,
1304 467 1346 504 et
1374 480 1411 506 v.
1431 467 1455 504 5
1477 463 1520 506 τὸ
1538 467 1639 521 ζῷον
1667 461 1818 519 αὐτή,

265 531 297 559 τ,
330 517 367 557 δ.
398 518 437 569 β.
467 514 530 568 ἦν.

373 576 412 613 4.
443 575 628 614 Aeschin.
662 578 700 627 1,
723 577 777 615 34
806 579 890 622 ταῖς
920 577 1122 628 τιμωρίαις
1152 591 1316 624 τουτους
1346 574 1552 626 ἀπεθίζειν
1579 594 1668 632 χρτ.
1710 583 1750 630 1,
1760 581 1815 621 52
1846 615 1848 617 .

259 625 464 677 ἀπεθίζων
495 629 586 678 τοὺς
616 605 860 683 ἀνθρώπους
889 631 942 683 μὴ
973 631 1012 681 ἐξ
1035 631 1247 683 ὑποψίας.
1303 632 1405 681 .τὰς
1424 635 1572 687 κρίσεις
1592 639 1813 677 ποιεῖσθαι.

261 689 300 726 5.
337 688 446 727 boves
485 687 646 737 Qyprios
682 691 837 728 veteres
875 690 1059 729 dicebant
1096 693 1270 730 steicore
1306 693 1425 731 vesci.
1484 693 1652 744 Diogen.
1685 695 1732 743 3,
1757 694 1813 733 49

212 743 222 751 “
260 744 360 793 βοῦς
399 742 577 795 Κύπριος
615 739 671 783 εἷ·
710 743 798 796 η’τοι
823 745 1102 815 κοπροφάγος.
1150 752 1320 786 τοιοῦτοι
1355 746 1430 800 γὰρ
1468 747 1510 787 οἷ
1541 747 1668 789 ἐκεῖσε
1704 746 1812 800 βόες.

261 801 299 850 5,
319 802 374 839 80
404 796 580 852 Κύπριος
611 802 729 852 βοῦς·
771 800 834 840 ἐπὶ
874 802 956 841 τῶν
990 802 1257 866 κοπροφάγων
1293 803 1361 843 καὶ
1395 805 1572 846 εἰκαίων.
1629 807 1815 846 similiter

259 831 439 906 A’postol.
464 859 560 905 5,1.
611 859 781 909 Hesych.
811 859 909 910 βοῦς
941 853 1121 912 Κυπριος
1152 865 1193 899 et
1222 859 1402 912 Κύπριος
1430 862 1551 928 βοῦς,
1582 862 1696 902 Suid.
1714 862 1815 915 βοῦς

262 911 453 960 Κύπριος.
502 915 637 963 paullo
668 916 786 954 aliter
814 916 919 955 Plin.
950 917 1001 958 N.
1032 917 1070 956 h.
1104 918 1177 964 28,
1202 918 1282 956 266
1307 919 1423 958 boves
1450 921 1496 958 ‘m
1526 918 1630 970 prr
1629 932 1652 959 ο
1679 922 1816 960 contra

259 972 431 1009 tormina
458 971 660 1011 hominum
689 974 936 1012 excrementis
963 974 1038 1012 sibi
1066 975 1210 1013 mederi
1239 970 1428 1028 (dicunt).
1813 1007 1818 1011 .

869 1096 1211 1130 ΚΟΡΟΠΛΑΘΟΣ

375 1173 497 1214 Isocr.
521 1177 586 1226 15,
606 1178 629 1214 2
660 1173 794 1223 ωσπερ
824 1172 878 1214 ἀν
907 1174 949 1214 εἴ
973 1191 1030 1224 τις
1053 1176 1220 1215 Φειδίαν
1250 1175 1320 1216 τὸν
1349 1175 1391 1217 τὸ
1424 1183 1491 1229 τῆς
1515 1174 1702 1230 Ἀθηνᾶς
1724 1176 1814 1227 εδος

260 1228 525 1301 ἐργασάμενον
555 1230 708 1286 τολμωη
738 1233 875 1271 καλεῖν
904 1231 1239 1297 κοροπλάθον.
1300 1235 1467 1274 Bekker.
1486 1236 1635 1276 Aneod.
1652 1238 1747 1308 272,
1758 1233 1822 1276 31

259 1286 386 1339 κόρη.
434 1286 502 1327 ,τὸ
540 1287 683 1358 μικρὸν
711 1286 954 1341 ἀγαλμάτιον
982 1286 1025 1328 τὸ
1054 1285 1232 1341 γυψινον
1260 1288 1328 1329 καὶ
1357 1290 1538 1343 πήλινον,
1567 1288 1645 1342 ἀφ’
1667 1286 1719 1333 ου
1745 1291 1813 1332 καὶ
1882 1323 1884 1336 .

258 1341 506 1395 κοροπλάθος
544 1341 565 1384 ὃ
606 1350 732 1384 ταῦτα
767 1350 896 1384 ποιῶν
933 1348 1122 1386 καλεῖται.
1184 1348 1312 1387 801101.
1351 1349 1470 1388 Β1011.
1509 1349 1715 1418 chrysost.
1746 1351 1813 1401 31,

260 1402 378 1440 356d
410 1399 552 1451 κόρας·
584 1417 630 1440 τα
660 1400 767 1453 παρα
799 1403 877 1441 τῶν
897 1402 1165 1451 κοροπλάθων
1184 1402 1340 1456 γύψινα
1359 1403 1605 1457 πλαττόμενα
1625 1379 1813 1459 ἀνδριαν-
1840 1418 1843 1419 ’

260 1456 386 1510 τάρια.
434 1459 592 1499 Ruhnk.
626 1459 728 1499 Tim.
754 1461 846 1499 165.
868 1461 905 1498 6.

993 1536 1073 1578 127

527 1611 682 1668 γύναι,
713 1612 826 1669 πρὸς
855 1612 998 1656 αὐλὸν
1026 1606 1175 1670 ἦλθες.
1215 1613 1395 1672 ὀρχήσει
1423 1617 1561 1660 πάλιν

533 1680 615 1736 τήν
646 1683 766 1736 ἴγδιν
834 1717 842 1726 .
917 1716 927 1726 .
992 1680 1076 1736 τήν
1104 1684 1247 1726 θυΐαν
1277 1681 1475 1739 ἀγνοεῖς;

529 1747 655 1792 τοῦτ’
677 1751 800 1793 ε”στιν
829 1751 954 1805 ἴγδις.

376 1843 522 1882 Pollux
555 1844 730 1894 10,103
769 1843 878 1896 ἴγδιν
906 1840 1034 1895 αὐτὴν
1063 1837 1155 1899 (τὴν
1183 1843 1333 1914 θυίαν)
1362 1845 1576 1896 κεκλήκασι
1605 1845 1745 1886 Σόλων
1773 1860 1813 1886 τε
1880 1829 1885 1859 ”

326 1897 423 1938 ,καὶ
455 1898 508 1938 ε’τι
539 1897 783 1953 σαφέστερον
808 1895 1048 1952 ’Λντιφάνης
1078 1901 1345 1971 Κοροπλάθῳ
1376 1901 1495 1955 γύναι
1515 1926 1571 1932 -—
1590 1901 1664 1955 τὴν
1691 1901 1811 1955 ἴγδιν.

260 1954 341 1993 ἔστι
370 1953 444 2007 μὲν
473 1950 546 1994 οὗν
577 1955 679 2008 ι’γδις
708 1956 775 1996 καὶ
805 1954 1003 2024 ὀρχήσεως
1033 1957 1181 2008 σχῆμα·
1212 1955 1233 1997 ὁ
1263 1942 1313 1998 δὲ
1335 1959 1488 2007 παίζων
1514 1957 1615 2011 πρὸς
1637 1957 1812 2010 τουνομα

257 2017 442 2063 κωμικῶς
473 2011 668 2064 ἐπήγαγε
700 2010 772 2064 τὴν
800 2013 932 2052 θυίαν
961 2009 1141 2066 ἀγνοεῖς;
1174 2011 1415 2054 vovteeuv‘
1392 2031 1417 2067 η
1439 2014 1553 2068 ἴγδις.
1604 2018 1738 2068 Etym.
1759 2029 1811 2056 m.

257 2070 352 2125 464,
375 2070 428 2108 49
460 2066 580 2137 (Gud.
614 2067 807 2139 271,15)
839 2067 919 2108 ἔστι
949 2067 993 2108 δὲ
1021 2068 1088 2108 καὶ
1119 2065 1224 2118 εἶδος
1261 2066 1456 2124 ὀρχήσεως
1500 2070 1728 2124 ἴγδισμα,
1766 2070 1811 2117 ἐν

243 2119 297 2194 ,ᾖ
318 2121 493 2196 ἕλύγιζον
523 2123 596 2176 τὴν
625 2122 759 2176 ὀσφὺν
789 2124 966 2179 ἐμφερῶς
997 2140 1050 2181 τῳ
1068 2126 1252 2167 δοίδυκι.
1285 2130 1431 2170 Athen.
1454 2130 1520 2181 14,
1529 2131 1640 2169 629f
1664 2130 1812 2182 γελοῖαι
1838 2163 1839 2166 ,
1883 2148 1884 2152 =

259 2178 297 2219 δ’
323 2180 426 2221 εἰσὶν
446 2178 623 2234 ὀρχήσεις
656 2181 792 2234 ἴγδις
820 2181 888 2222 καὶ
915 2182 1155 2251 μακτρισμός
1186 2186 1266 2224 κτλ.
1316 2185 1460 2224 Pollux
1480 2186 1621 2236 4,101
1653 2187 1808 2238 βακτρι-
1838 2207 1840 2209 -
1880 2197 1881 2201 ’

256 2234 380 2290 ασμὸς
411 2235 455 2277 δὲ
484 2253 571 2279 και.
591 2237 745 2291 ..ι’γδις
774 2235 919 2292 ἀσελγῆ
948 2238 1037 2291 εἴδη
1069 2236 1269 2292 ὄρχησεων
1299 2239 1343 2280 ἕν
1366 2247 1413 2295 τῇ
1434 2246 1505 2293 τῆς
1525 2239 1678 2293 ὀσφύος
1697 2255 1810 2292 περι·

257 2300 375 2349 φοροῒ.
441 2296 590 2346 Phryn.
628 2296 713 2335 Εο1.
747 2297 827 2335 164
863 2295 1011 2335 θυείαν
1044 2294 1154 2348 λέγε,
1197 2295 1251 2348 μὴ
1290 2296 1414 2350 ἴγδιν,
1452 2296 1524 2339 ubi
1559 2300 1611 2339 ef.
1641 2297 1809 2340 Lobeck.

258 2352 513 2391 Heiwwelden
547 2353 661 2392 Stud.
693 2353 780 2394 crit.
812 2354 864 2392 83
896 2349 1053 2404 ὀρχήσει
1079 2349 1202 2392 πάλιν
1231 2369 1304 2405 την
1333 2353 1455 2406 ἴγδιν.
1502 2356 1547 2395 Β.
1578 2354 1710 2408 ἴγδιν;
1754 2354 1807 2396 Α.
1819 2352 1821 2357 ’

257 2406 329 2458 τὴν
367 2407 500 2447 θυίαν
535 2405 711 2460 &yvo-5593
773 2409 958 2448 dubitans
1003 2423 1053 2449 an
1091 2412 1268 2450 extrema.
1304 2411 1426 2451 verba
1464 2412 1684 2452 Meinekius
1727 2424 1810 2452 non

255 2468 362 2504 recte
392 2465 633 2515 Antiphanis
663 2466 887 2515 fragmento
918 2467 1117 2506 adiecerit.
1148 2489 1203 2496 --
1241 2467 1399 2507 videtur
1436 2469 1568 2507 nescio
1607 2469 1697 2519 quis
1724 2481 1808 2508 mu·
1833 2512 1837 2514 ,
1879 2517 1882 2524 Ι

256 2522 392 2560 lierem
419 2521 642 2578 simplicem
673 2522 823 2571 duplici
851 2523 959 2562 vocis
990 2520 1094 2574 ἴγδις
1124 2523 1413 2574 significat-ione
1443 2525 1634 2575 decipere.
1710 2522 1830 2579 πρὸς·
1880 2529 1883 2552 ἲ

255 2574 381 2616 αὐλὸν
409 2571 555 2628 ἦλθες,
585 2579 611 2620 i
634 2592 667 2617 e.
699 2579 899 2628 ‘tempore
929 2580 1096 2618 venisti:
1127 2580 1227 2619 tibia
1256 2581 1361 2619 enim
1393 2581 1585 2620 canitur'.

937 2700 1123 2736 ΚΟΤΡΙΣ
1191 2701 1195 2705 ’

370 2780 549 2834 Κουρίδα
578 2783 788 2833 Amphidis
818 2784 1037 2822 tonstricem
1058 2782 1231 2833 Grotius,
1263 2785 1493 2824 novae-ulam
1521 2759 1823 2835 interpretatui-
1879 2765 1882 2824 J

258 2837 547 2889 Daleoampius.
597 2843 639 2879 at
667 2839 873 2879 Helladius
903 2839 1019 2878 Phot.
1053 2839 1156 2879 Bibl.
1189 2841 1286 2891 530,
1308 2843 1359 2880 13
1390 2838 1460 2888 τὰς
1490 2846 1570 2879 νῦν
1597 2838 1807 2893 λεγομένας
1878 2865 1882 2915 ὲ
