1864 3204
237 197 321 239 443
894 192 1130 227 ΣΩΤΑΔΟΤ

442 293 624 349 ὤπτησα
655 291 708 335 τά
739 293 873 348 μέσα,
905 290 987 347 τὴν
1018 292 1067 333 δὲ
1098 292 1262 352 λοιπὴν
1291 291 1493 346 γρυμέαν

441 363 532 412 ἕψω
563 363 753 416 ποιήσας
781 367 946 415 τρῖμμα
976 361 1288 414 συκαμίνινον.

400 439 420 469 5
446 430 649 483 γλαύκου
680 428 803 482 φέρω
835 427 1058 481 κεφάλαια
1089 427 1352 482 παμμεγέθη
1385 427 1492 480 δύο,

443 497 493 538 έν
524 495 685 537 λοπάδι
715 495 885 551 μεγάλῃ
916 494 1076 548 ταῦτα,
1109 497 1241 545 λιτῶς
1269 492 1571 549 προσαγαγών

440 563 593 618 χλόην,
626 563 835 619 κύμινον,
867 561 997 617 ἅλας,
1029 560 1177 616 ὕδωρ,
1211 561 1408 606 ἐλάδιον.

442 632 648 686 λάβρακα
677 631 786 686 μετὰ
815 628 941 672 ταῦτ’
967 629 1191 686 ἐπριάμην
1221 627 1362 674 καλὸν
1393 629 1594 686 σφόδρα,

442 701 566 742 ἔσται
598 697 656 741 δι’
683 697 824 753 ἅλμης
855 697 1044 752 λιπαρὸς
1074 696 1215 752 ἑφθὸς
1244 697 1294 740 ἐν
1323 697 1451 754 χλόῃ,

377 776 419 808 10
443 762 644 816 ἀποδούς
675 764 745 808 ὅσ’
769 767 894 808 ἐστὶν
925 764 1002 807 ἀπ’
1026 765 1275 820 ὀβελίσκων
1307 764 1491 808 ὀπτανά.

441 837 622 890 τρίγλας
652 832 789 884 καλάς
818 831 1018 889 ἠγόρασα
1048 834 1121 875 καὶ
1153 835 1305 888 κίχλας
1333 834 1494 887 καλάς,

447 905 609 958 ἔρριψα
638 902 803 951 ταύτας
835 900 907 943 ἐπὶ
937 902 1017 943 τὸν
1047 899 1242 956 ἄνθραχ’
1267 898 1325 951 ὥς
1354 903 1465 956 ἔχει,

444 970 563 1027 ἅλμῃ
593 986 641 1013 τε
672 972 838 1025 λιπαρᾷ
868 969 1145 1024 παρατίθημ’
1169 967 1396 1024 ὀρίγανον.

442 1038 623 1088 ταύταις
652 1036 934 1093 προσέλαβον
966 1038 1127 1092 σηπίας
1156 1037 1232 1079 καὶ
1261 1038 1496 1087 τευθίδας·

376 1117 414 1147 15
449 1105 628 1149 ἀστεῖον
660 1106 778 1160 ἑφθὴ
811 1106 966 1155 τευθὶς
995 1103 1320 1160 ὠνθυλευμένη

443 1176 518 1216 καὶ
548 1172 755 1228 πτερύγι’
778 1170 960 1223 ἁπαλῶς
990 1175 1152 1228 σηπίας
1182 1171 1432 1228 ὠπτημένα.

443 1243 709 1298 τριμμάτιον
741 1239 944 1299 ᾠκείωσα
974 1240 1149 1290 τούτοις
1179 1238 1375 1283 ἀνθινὸν

447 1309 751 1352 παντοδαπόν.
803 1307 967 1364 ἑψητὸν
997 1309 1046 1351 δὲ
1076 1307 1186 1363 μετὰ
1215 1310 1380 1358 ταύτας
1409 1309 1526 1362 τινά,

447 1376 721 1432 ὀξυλίπαρον
751 1377 926 1425 τούτοις
956 1377 1103 1419 ἔδωκα
1133 1379 1307 1432 χυμίον.

373 1456 417 1487 20
447 1445 643 1501 γόγγρον
676 1445 748 1487 ἐπὶ
777 1444 952 1494 τούτοις
983 1445 1208 1500 ἐπριάμην
1238 1445 1387 1499 παχὺν
1418 1443 1619 1500 σφόδρα,

444 1511 669 1564 κατέπνιξ’
694 1513 745 1555 έν
775 1511 892 1568 ἅλμῃ
925 1515 1084 1554 τοῦτον
1116 1510 1432 1568 εὐανθεστέρᾳ.

445 1579 622 1637 κωβίδι’
645 1579 753 1623 ἄττα
784 1581 859 1623 καὶ
890 1588 1079 1635 πετραῖα
1110 1579 1165 1634 δή
1195 1595 1297 1622 τινα

446 1646 652 1705 ἰχθύδια,
684 1649 859 1691 τούτων
889 1648 1136 1698 ἀποκνίσας
1164 1646 1218 1690 τοὶ
1249 1649 1413 1703 κρανία

448 1715 629 1773 ἐμόλυν’
655 1715 833 1773 ἀλεύρῳ
900 1751 908 1760 .
984 1750 993 1759 .
1059 1714 1246 1772 τοιούτῳ
1275 1717 1387 1769 τινί,

373 1795 416 1827 25
447 1787 603 1841 πέμπω
634 1800 682 1827 τε
712 1791 807 1835 ταῖς
836 1792 987 1839 καρῖσι
1017 1783 1099 1839 την
1128 1781 1271 1839 αὐτὴν
1301 1780 1421 1826 ὁδόν.

445 1852 583 1910 ἀμίαν
613 1869 660 1896 τε
689 1854 847 1908 χήραν,
879 1853 1046 1908 θηρίον
1075 1849 1218 1894 καλὸν
1247 1849 1449 1906 σφόδρα,

448 1925 622 1978 θρίοισι
652 1921 821 1976 ταύτην
851 1919 950 1970 ἅλις
981 1919 1144 1976 έλαδίῳ
1175 1920 1284 1968 διεὶς

447 1988 775 2044 ἐσπαργάνωσα
805 1988 1056 2042 περιπάσας
1085 1986 1316 2043 ὀρίγανον,

448 2056 675 2111 ἐνέκρυψά
705 2056 754 2099 θ’
777 2055 930 2110 ὥσπερ
962 2053 1103 2097 δαλόν
1133 2056 1195 2104 εἰς
1225 2054 1398 2110 πολλὴν
1427 2054 1610 2109 τέφραν.

375 2136 419 2166 30
449 2124 608 2179 ἀφύαν
636 2123 689 2167 θ’
712 2123 790 2180 ἀμ’
814 2121 930 2179 αὐτῇ
959 2123 1218 2178 παρέλαβον
1250 2122 1526 2177 Φαληρικήν,

447 2188 509 2244 εἷς
539 2193 712 2242 κύαθος
743 2190 931 2235 ἐνταῦθ’
951 2189 1116 2240 ὕδατος
1147 2189 1378 2245 ἐπιχυθεὶς
1408 2191 1547 2232 πολύ·

445 2260 592 2315 τεμών
623 2260 672 2303 δὲ
703 2261 872 2314 λεπτήν
903 2261 980 2314 τῆς
1010 2258 1143 2313 χλόης
1173 2258 1248 2299 καὶ
1278 2259 1487 2312 πλείονα,

449 2329 535 2371 κάν
565 2323 594 2385 ᾗ
626 2327 860 2378 δικότυλος
888 2328 1113 2383 λήκυθος,
1145 2325 1450 2379 καταστρέφω.

445 2399 493 2439 τί
518 2397 700 2447 λοιπόν;
752 2392 907 2438 οὐδέν·
938 2390 1051 2436 ἀλλὰ
1083 2391 1203 2435 τοῦτ’
1228 2389 1377 2447 ἔσθ’ἡ
1408 2392 1564 2449 τέχνη,

373 2475 416 2505 35
447 2462 532 2507 οὐκ
565 2463 609 2515 ἐξ
641 2463 908 2519 ἀπογραφῆς
938 2460 1044 2505 οὐδὲ
1073 2460 1133 2504 δι’
1157 2457 1505 2520 ὑπομνημάτων.

358 2559 586 2598 Athenaeus
619 2560 654 2608 7,
679 2558 792 2596 293a
824 2554 1035 2606 Σωτάδης.
1055 2586 1064 2595 .
1084 2556 1211 2594 ,ποιεῖ
1233 2551 1299 2592 καὶ
1328 2549 1450 2599 αὐτὸς
1481 2550 1533 2603 ἐν,
1551 2549 1796 2605 Ἐγκλειομέ-

246 2630 332 2662 ναις
363 2611 488 2669 (οὕτω
518 2610 591 2667 γὰρ
621 2609 830 2665 ἐπιγράφει
859 2610 901 2651 τὸ
928 2608 1077 2665 δρᾶμα)
1114 2607 1280 2649 τοιάδε
1319 2605 1562 2661 μάγειρον
1589 2606 1796 2662 λέγοντα

243 2669 325 2711 κτλ.
415 2674 450 2711 1.
481 2670 647 2723 καρῖδας
677 2674 716 2709 et
747 2671 813 2708 25.
845 2672 980 2716 καρῖσι
1008 2664 1164 2719 Dindf.]
1195 2665 1374 2716 καρίδας,
1405 2665 1537 2717 καρίσι
1568 2668 1615 2707 Α.
1701 2663 1796 2705 ἀπε-

244 2727 437 2780 ταγήνισα
467 2725 607 2780 Mein]
645 2723 911 2777 ἀπετηγανισα
950 2726 1000 2763 A.
1089 2725 1128 2762 4.
1161 2722 1422 2773 συκαμίνινον
1452 2722 1638 2774 casaub]
1671 2721 1796 2761 συκά-

243 2799 360 2835 μινον
390 2785 438 2822 Α.
540 2786 578 2823 5.
609 2781 792 2835 γλαύκων
822 2783 1001 2822 Bothius.
1106 2782 1143 2819 7.
1175 2776 1331 2818 ἕλάδιον
1361 2778 1549 2831 Casaub]
1582 2776 1713 2818 ἔλαιον
1740 2779 1792 2818 Α.

245 2843 283 2883 8.
314 2839 408 2891 μετὰ
439 2837 474 2877 τ’
498 2841 548 2884 Α.
630 2839 692 2879 10.
725 2833 785 2878 ὅσ’
807 2836 968 2890 Adam]
999 2835 1046 2876 ’ὅσ
1075 2836 1125 2875 Α.
1212 2829 1285 2874 ἀπ’
1308 2831 1524 2887 ὀβελίσκων
1554 2833 1794 2887 Schweigh]
