1890 3190
601 194 816 231 ΔῐΔτΜοῐ
863 193 1128 229 mmmmm
1588 189 1645 232 45

59 271 197 342 *Gorn-
227 298 330 351 Περ.
433 311 512 339 am.
544 299 583 338 3.
641 299 779 349 Eurip
813 297 956 338 Troad.
986 297 1069 337 975
1100 292 1203 350 (tres
1232 292 1347 349 deae)
1385 293 1643 333 παιδιαῖσι

47 352 161 397 παὶ
203 354 349 411 χλιδῇ
370 298 518 395 Ελθον
554 352 653 407 πρὸς
691 353 819 405 Ἴδην.
878 367 1043 405 prorsus
1082 354 1220 393 eodem
1259 351 1376 392 modo
1415 352 1642 402 saepissime

74 411 235 469 σπουδῇ
207 417 247 469 ᾖ.
294 425 378 453 non
401 425 476 463 per
502 414 630 453 iocum
658 414 796 452 vinum
823 412 920 451 mihi
949 411 1112 459 infundi
1141 410 1260 456 iussi,
1298 409 1366 450 sed
1396 411 1442 448 ut
1472 409 1640 448 salutem

73 470 325 523 propinarem
347 470 508 521 reginae
527 469 706 520 regique.
782 469 821 508 5.
844 466 1039 519 εδιμοιριά
1060 470 1122 507 est
1142 466 1263 517 dupla
1283 466 1436 517 portio’
1471 464 1641 505 casaub.

45 526 125 570 τοί.
162 526 340 579 Xenoph.
374 528 495 578 Ages.
528 526 574 574 5,
599 527 638 565 1.
696 525 839 565 Horat.
870 523 1002 564 carm.
1034 525 1079 573 3,
1102 525 1150 573 8,
1176 525 1225 562 13
1255 535 1386 569 sume,
1415 523 1639 570 Maecenas,

75 584 232 635 cyathos
259 585 377 624 amici
404 584 559 633 sospitis
588 585 754 623 centum.

829 692 884 735 82

306 770 539 816 ἀπέλαυσα
569 773 754 815 πολλῶν
783 771 860 814 καὶ
889 772 1045 814 καλῶν
1075 770 1352 826 ἐδεσμάτων,

307 841 426 884 πιών
455 855 503 883 τε
532 839 776 895 προπόσεις
804 846 925 895 τρεῖς
954 842 1062 890 ἴσως
1090 835 1120 895 ἢ
1149 838 1360 893 τέτταρας

307 907 557 964 ἐστρηνίων
586 923 703 963 πως,
735 906 1091 964 καταβεβρωκως
1121 908 1240 950 σιτία

307 980 414 1027 ἴσως
444 975 708 1032 ἐλεφάντων
737 975 974 1032 τεττάρων.

185 1071 415 1112 Athenaeus
446 1072 494 1124 3,
520 1072 598 1111 127
615 1071 641 1110 d
678 1068 724 1109 τὰ
763 1068 807 1109 δὲ
843 1067 1038 1122 ἐδέσματα
1075 1065 1281 1122 ὠνόμασεν
1313 1064 1559 1121 Ἀντιφάνης
1596 1066 1641 1109 ἕν

74 1124 268 1180 Διδύμοις
298 1124 450 1168 οὑτωσί
474 1128 558 1167 κτλ.
648 1129 688 1166 2.
719 1125 840 1181 τρεῖς]
871 1130 974 1180 τρεῖς
1004 1126 1060 1175 εἰς
1090 1128 1139 1167 A.
1178 1127 1180 1129 ’
1219 1129 1259 1168 3.
1289 1127 1505 1178 Phrynich.
1525 1127 1638 1178 Epit.

77 1186 157 1226 381
197 1190 462 1237 στρηνιᾶν·
502 1182 628 1239 τούτω
658 1181 876 1236 ἐχρήσαντο
906 1183 948 1223 οἱ
974 1189 1058 1236 τῆς
1088 1181 1206 1231 νέας
1235 1183 1498 1238 κωμῳδίας
1527 1197 1639 1235 ποιη-

76 1240 162 1281 ταί·
191 1235 282 1297 ᾤ’*
253 1257 308 1282 αν
335 1240 474 1292 μανείς
504 1255 562 1290 τις
593 1224 797 1308 χρήσαιτο,
821 1238 953 1294 παρὸν
981 1240 1109 1294 λέγειν
1139 1245 1312 1294 τρυφᾶν.
1350 1241 1399 1281 cf.
1423 1241 1575 1292 Sophil.
1598 1243 1638 1280 6.

74 1282 227 1351 Diphi‘l.
255 1300 350 1340 132.
380 1322 435 1328 -
465 1300 664 1350 parasitus
692 1299 826 1340 neseio
855 1299 945 1350 quis
974 1299 1084 1350 loqui
1115 1299 1286 1340 videtur.

828 1410 883 1454 83

801 1490 1101 1545 οἰνογευστεῖ,
1131 1496 1373 1547 περιπατεῖ

347 1557 400 1600 ἐν
428 1564 523 1608 τοῖς
551 1556 807 1614 στεφάνοις.

189 1652 420 1692 Athenaeus
451 1654 489 1704 9,
500 1653 613 1693 380f
634 1647 876 1703 Ἀντιφάνης
907 1649 950 1692 ἐν
983 1650 1178 1704 Διδύμοις
1208 1654 1289 1695 κτλ.
1371 1648 1416 1691 ἕν
1444 1655 1526 1700 τοῖς
1557 1663 1640 1691 στε-

80 1705 238 1760 φάνοις,
268 1711 313 1749 in
341 1710 428 1758 foro
458 1710 673 1751 coronario.
724 1710 775 1749 cf.
806 1709 990 1752 Pherecr.
1011 1711 1051 1751 2.

346 1876 630 1933 συμπάσχειν
829 1820 886 1864 84

187 1956 231 1999 τὸ
260 1956 396 2000 ἐλεεῖν.
442 1954 686 2010 Ἀντιφάνης
717 1955 925 2010 Διδύμοις.
975 1961 1144 2000 Bekker.
1177 1961 1328 2001 Aneod.
1358 1962 1452 2012 114,
1473 1962 1512 2001 4.
1586 1963 1638 2002 ef.

33 2043 37 2047 ⁴
77 2015 285 2068 Koppiers.
317 2016 485 2058 observ.
515 2017 614 2069 phil.
647 2017 714 2056 22.

722 2163 988 2200 ΔῙΠΑΑΣΙΟῙ

827 2242 883 2285 85

278 2324 332 2363 A.
363 2322 412 2363 τί
436 2313 522 2363 οὖν
553 2320 731 2364 ἐνέσται
760 2328 854 2372 τοῖς
881 2325 1081 2374 &sottum
1134 2325 1184 2365 B.
1216 2320 1325 2365 οὐδὲ
1354 2322 1420 2379 ἓν,

280 2384 338 2431 ἂν
367 2388 426 2444 μή
460 2387 629 2445 κεράσῃ
659 2404 736 2439 τις.
787 2394 840 2434 A.
872 2393 991 2446 ἴσχε,
1023 2388 1102 2433 τὸν
1133 2388 1255 2448 ῷδὸν
1285 2389 1500 2447 λάμβανε.

281 2457 434 2499 ἔπειτα
462 2456 604 2513 μηδὲν
633 2458 725 2499 τῶν
756 2454 1143 2514 ἀπηρχαιωμένων

279 2524 456 2567 τούτων
484 2523 706 2582 περάνῃς,
736 2522 818 2568 τὸν
855 2528 1124 2583 Τελαμῶνα,
1154 2527 1267 2584 μηδὲ
1296 2526 1376 2571 τὸν

228 2600 249 2633 5
270 2594 492 2647 Παιωνα,
523 2590 630 2648 μηδ’
656 2590 906 2649 Ἁρμόδιον.

44 2724 46 2726 .
190 2687 420 2727 Athenaeus
439 2688 504 2738 11,
522 2688 603 2727 503
616 2687 670 2727 de
699 2684 825 2735 οὕτως
856 2683 1000 2743 (οόδὸς)
1031 2686 1206 2729 ἐκαλεῖτο
1235 2685 1277 2729 τὸ
1305 2688 1509 2756 ποτηριον,
1539 2689 1639 2758 φησὶ

74 2736 252 2812 Τρύφων
281 2740 324 2782 ἐν
354 2745 435 2791 τοῖς
461 2717 752 2795 Ὀνοματικοῖς,
782 2742 832 2784 τὸ
864 2727 943 2784 ἐπὶ
973 2746 1032 2800 τῷ
1061 2745 1245 2814 σκολίῳ
1271 2742 1556 2798 διδόμενον,
1586 2762 1638 2795 ως

74 2793 314 2851 Ἀντιφάνης
344 2799 580 2868 παρίστησιν
610 2797 654 2839 ἐν
683 2800 918 2850 Διπλασίοις
949 2805 1029 2843 κτλ.
1145 2804 1184 2841 2.
1215 2817 1270 2842 αν
1298 2802 1454 2857 Dindfi]
1485 2801 1557 2843 ἒαν
1585 2805 1636 2845 A.

76 2853 180 2910 ἴσχε]
214 2854 274 2908 ἔχε
304 2853 393 2911 (τὸν
421 2853 542 2912 ᾠδόν,
571 2855 624 2909 λ.)
655 2857 875 2899 Dobraeus.
966 2861 1005 2898 4.
1037 2855 1213 2912 περάνης
1243 2860 1292 2899 A.
