1890 3190
295 159 350 199 24
906 153 1222 197 ΑΝΤιΦΑΝοΤΣ
1840 164 1861 217 ,1
1886 166 1890 171 ·

297 259 377 309 νὸς.
493 264 533 302 4.
565 263 755 315 πιλίδιον]
788 263 979 314 πολίδιον,
1011 266 1078 304 sed
1111 279 1132 303 ο
1160 267 1202 304 in
1231 280 1246 303 ι
1275 259 1375 306 corr.
1408 265 1450 319 (a
1477 281 1581 308 man.
1612 267 1709 319 rec.)
1741 269 1790 310 A.

297 321 334 358 5.
374 317 470 370 βαιά
501 334 540 358 τε
569 317 666 365 πέζα
703 321 752 360 Κ.
784 321 884 360 Mus.
916 321 1041 363 Rhen.
1073 322 1182 361 XXX
1211 323 1306 362 404.
1329 321 1373 390 5]
1414 323 1556 375 βεβαία
1591 323 1760 376 τράπεζα
1795 324 1846 364 A.

296 374 390 425 βαιὰ
423 372 589 427 τραπεζα
619 378 664 415 L.
784 379 819 416 6.
846 373 1113 428 Ἀκαδήμειαν
1142 378 1298 431 Dindf.]
1330 374 1558 430 ἆκαδημίαν
1586 382 1636 420 Α.
1681 382 1730 421 cf.
1759 381 1849 421 Ale·

295 433 374 471 xid.
398 433 464 483 25,
489 434 526 470 2.
559 434 624 471 94.
675 433 798 472 Arist.
830 434 937 472 Nub.
965 436 1085 474 1005.
1137 433 1272 475 Cobet.
1305 436 1354 475 N.
1386 437 1411 475 l.
1445 439 1512 476 77.

411 502 479 527 cur
509 502 555 526 ex
586 503 623 528 v.
647 490 670 527 2
703 490 922 530 Meinekius
952 492 1097 542 conligi
1127 504 1241 541 posse
1273 493 1380 532 dicat
1410 505 1588 533 scaenam
1616 506 1698 533 non
1727 494 1848 534 fuisse

297 544 466 583 Athenis
487 558 567 584 non
589 547 796 597 perspicio,
819 547 1013 597 siquidem
1036 549 1155 587 etiam
1177 549 1347 588 Athenis
1368 562 1487 588 senex
1509 563 1592 589 esse
1611 552 1779 601 poterat,
1801 549 1848 589 de

298 602 409 640 cuius
420 602 552 650 patria
562 602 823 642 dubitaretur.
842 604 1086 643 simillimam
1096 606 1369 645 adulescentuli
1379 605 1604 646 Academici
1620 607 1847 657 descriptio-

297 670 387 696 nem
408 658 615 708 Ephippus
636 659 746 698 dedit
765 660 814 698 fr.
835 661 899 699 14.
949 674 986 700 v.
1006 662 1030 699 3
1053 663 1184 700 utrum
1206 660 1326 711 φαιός
1357 676 1407 701 an
1431 660 1569 714 ,φανός
1598 663 1849 703 scribendum

299 714 352 752 sit
382 714 552 753 discerni
580 728 662 754 non
691 718 840 766 potest:
887 717 1079 768 quidquid
1110 718 1215 756 enirn
1245 719 1465 758 Meinekius
1494 720 1542 758 ad
1579 719 1678 758 illud
1714 719 1849 759 defen·
1886 746 1890 749 -

301 770 475 809 dendum
505 772 546 809 in
577 772 638 811 ed.
662 773 752 811 mai.
784 775 825 812 et
843 774 877 810 V
899 774 950 812 73
981 774 1130 825 attulit,
1162 776 1308 824 partim
1339 776 1389 814 ad
1419 788 1579 826 prorsus
1609 777 1849 827 singularem

301 827 534 866 Philostrati
565 829 767 878 sophistae
797 830 1020 880 fortunam,
1056 831 1199 881 partim
1231 833 1279 870 ad
1310 833 1695 872 adulescentulorum
1724 833 1850 883 philo-

299 884 552 933 sophantium
581 887 769 925 vestitum
801 887 988 935 pertinet.

987 1009 1164 1043 ANTEIA

411 1087 602 1126 Fabulam
634 1089 682 1127 ab
714 1089 875 1128 Iobatae
905 1090 986 1129 filia
1015 1091 1336 1142 Bellerophontis
1367 1105 1498 1131 amore
1528 1093 1680 1131 famosa
1707 1105 1852 1131 nomen

299 1144 501 1193 accepisse
540 1146 743 1185 existimat
780 1146 998 1186 Meinekius
1029 1148 1048 1186 I
1079 1149 1178 1198 322,
1225 1149 1423 1198 prioribus
1460 1151 1601 1198 poetae
1638 1148 1853 1188 comoediis

301 1202 465 1249 propter
494 1201 659 1240 Peronis
689 1203 922 1242 memoriam
955 1203 1129 1256 (circiter
1160 1205 1220 1245 Ol.
1245 1204 1344 1256 100)
1376 1219 1461 1243 eam
1491 1206 1718 1257 adsignans.
1767 1203 1851 1242 δια-

305 1255 456 1307 σκευήν
485 1258 533 1296 ab
559 1258 725 1297 Alexide
755 1260 978 1299 institutam
1009 1273 1093 1300 esse
1123 1262 1237 1301 docet
1258 1262 1401 1300 Athen.
1425 1263 1592 1312 3,127b
1623 1259 1665 1300 τὸ
1694 1258 1738 1299 δὲ
1757 1257 1855 1300 αὐτὸ

300 1318 413 1352 τοῦτο
443 1312 572 1366 δρᾶμα
603 1312 762 1365 φέρεται
792 1314 859 1354 καὶ
888 1313 941 1363 ὡς
956 1311 1149 1365 Ἀλέξιδος
1181 1316 1224 1356 ἐν
1253 1313 1394 1369 ὀλίγοις
1424 1317 1579 1371 σφόδρα
1612 1315 1852 1356 διαλλάττον.

1049 1439 1105 1482 34
1709 1432 1732 1453 ⁶

444 1514 496 1557 ἐν
524 1522 620 1564 ταῖς
651 1518 837 1572 σπυρίσι
869 1516 917 1558 δὲ
947 1519 993 1559 τί
1020 1516 1118 1559 ποτ’
1140 1520 1308 1573 ἔνεστι,
1341 1520 1546 1573 φίλτατε;

443 1586 493 1626 Β.
527 1582 578 1626 ἐν
608 1590 703 1634 ταῖς
733 1584 880 1638 τρισὶν
909 1585 993 1640 μὲν
1023 1584 1213 1642 χόνδρος
1243 1584 1414 1640 ἀγαθὸς
1443 1586 1711 1641 Μεγαρικός.

445 1649 587 1696 Α.οὐ
619 1642 893 1696 Θετταλικὸν
923 1652 1001 1695 τὸν
1031 1652 1226 1709 χρηστὸν
1257 1651 1377 1697 εἷναί
1402 1664 1512 1709 φασι
1542 1654 1614 1705 δέ;

440 1722 655 1762 Β..
732 1754 740 1763 .
807 1724 884 1776 τῆς
915 1723 1129 1776 Φοινίκης
1195 1756 1203 1765 .
1279 1756 1288 1764 .
1364 1756 1373 1765 .

395 1795 414 1826 5
447 1753 699 1842 σεμίδαλις,
733 1788 783 1831 ἐκ
814 1790 982 1844 πολλῆς
1012 1787 1176 1845 σφόδρ’
1202 1788 1479 1846 ἐξηττημένη.

414 1881 643 1920 Athenaeus
665 1883 800 1931 3,127
817 1883 842 1921 b
874 1880 968 1931 λέξω
999 1879 1043 1922 δὲ
1072 1888 1230 1935 πρῶτον
1259 1882 1348 1936 περὶ
1377 1882 1447 1922 τοῦ
1475 1879 1642 1934 χόνδρον
1667 1881 1854 1936 Ἀντιφά-

307 1950 400 1983 νους
430 1935 748 1988 παρατιθέμενος
779 1937 819 1987 ἐξ
845 1934 1020 1986 Ἀντείας
1051 1939 1142 1979 τάδε
1172 1942 1255 1980 κτλ.
1354 1943 1390 1980 1.
1421 1938 1546 1979 ἔνεστι
1575 1939 1717 1993 Mein]
1751 1939 1858 1981 ἐστιν

302 1994 352 2033 A.
457 1996 494 2036 2
526 1993 653 2046 τρισιν
683 1994 840 2063 Dindf]
871 1994 971 2048 τρισὶ
1000 1998 1050 2035 A.
1153 1999 1190 2036 3.
1214 1998 1251 2035 4.
1273 1999 1297 2037 5
1329 1997 1532 2036 continuat
1561 1998 1610 2037 A.
1719 1999 1758 2037 3.
1790 1995 1853 2050 δέ]

303 2049 420 2089 δεῐνῬ
523 2052 562 2090 4.
594 2056 662 2103 τῆς
695 2049 737 2090 δὲ
767 2052 816 2092 Φ.
848 2054 967 2092 Mein.
1000 2054 1041 2092 in
1073 2053 1218 2093 Athen.
1209 2083 1233 2106 .‚
1272 2055 1458 2104 quoniam
1488 2059 1555 2105 τῆς
1588 2055 1639 2096 Φ.
1669 2056 1855 2094 continuo

303 2108 434 2156 posita
464 2108 505 2147 in
535 2109 716 2148 trimetro
746 2109 876 2149 locum
897 2122 978 2149 non
998 2110 1158 2150 habent.
1236 2114 1274 2150 5.
1305 2113 1453 2150 πολλοῦ
1482 2110 1637 2151 Coraes.
1710 2107 1853 2163 σφόδρ’

302 2162 460 2216 Dindf.]
493 2161 648 2217 σφόδρα
679 2167 727 2205 Α.
819 2163 1052 2217 ἐξηττημένη
1082 2166 1132 2220 P]
1166 2164 1398 2218 ἐξηττημένη
1428 2168 1478 2207 Α.

416 2221 464 2259 cf.
496 2221 704 2272 Hermipp.
729 2224 793 2272 63,
819 2225 842 2262 6
880 2236 969 2262 011111
1003 2237 1090 2263 mea
1126 2224 1262 2263 adnot.
1300 2227 1339 2263 et
1379 2225 1427 2263 de
1465 2225 1585 2278 verbo
1616 2222 1779 2272 ἐξαττᾶν
1814 2226 1856 2264 in

304 2277 504 2317 codicibus
533 2279 768 2330 plerumque
799 2282 983 2330 corrupto
1014 2280 1198 2322 Pherecr.
1222 2282 1316 2319 211.

1055 2390 1110 2433 35

390 2467 501 2527 πρὸς
531 2470 592 2525 τῷ
620 2469 866 2525 μυροπώλῃ
896 2468 1145 2523 γευόμενον
1175 2471 1505 2524 κατελίμπανον

390 2536 530 2582 αὐτὸν
561 2537 663 2591 περὶ
692 2536 840 2592 μύρον
878 2571 886 2580 .
935 2570 943 2580 .
991 2570 999 2579 .
1038 2537 1188 2591 μέλλει
1217 2552 1266 2580 τε
1296 2538 1484 2587 συνθείς
1514 2547 1585 2579 σοι
1616 2537 1773 2592 φέρειν

389 2622 442 2649 τα
473 2606 786 2660 κινναμώμινα
816 2607 955 2647 ταῦτα
986 2605 1059 2647 καὶ
1090 2604 1144 2646 τὰ
1177 2605 1381 2659 νάρδινα.

418 2700 644 2739 Athenaeus
679 2701 749 2749 15,
773 2700 892 2739 690a
934 2697 1172 2749 μνημονεύει
1214 2703 1286 2737 τοῦ
1329 2695 1564 2762 μυροπώλου
1607 2694 1747 2737 τούτου
1786 2703 1857 2738 τοῦ

308 2754 549 2808 Πέρωνος.
569 2750 827 2806 ,Ἀντιφανης
857 2753 900 2794 ἐν
925 2751 1080 2794 ’Λντεία
1109 2757 1189 2796 κτλ.
1266 2757 1299 2794 1.
1329 2749 1554 2806 γευόμενον,
1585 2768 1666 2794 11011
1694 2753 1853 2806 γενόμε-

306 2826 391 2864 νον,
423 2813 470 2862 Α,
503 2813 570 2863 qui
599 2813 709 2852 nullo
740 2814 900 2852 lacunae
922 2795 1070 2852 indicio
1090 2813 1222 2852 omnia
1243 2813 1460 2852 continuat.
1491 2812 1597 2851 idem
1619 2812 1713 2852 facit
1733 2812 1856 2852 eiecto
