1864 3204
617 211 842 246 AN'rlonH
890 210 1108 245 ΑΣΤΤΤΟΙ
1571 209 1653 254 169

843 312 895 355 12

332 391 503 436 πώνειν
533 393 618 447 μὲν
647 390 757 448 ἁμὲς
786 392 861 436 καὶ
891 400 1056 449 φαγεῖν
1086 391 1186 448 μέγ’
1208 390 1416 447 ἀνδρικοὶ

327 459 403 504 καὶ
432 468 740 517 καρτερεῖμεν,
774 468 865 511 τοῖς
895 459 936 503 δ’
967 458 1224 517 Ἀθηναίοις
1254 459 1402 515 λέγειν

330 528 406 571 καὶ
434 526 572 584 μικρὰ
603 528 819 585 φαγέμεν,
851 526 921 571 τοὶ
950 525 1000 571 δὲ
1032 530 1223 584 Θηβαῖοι
1251 529 1377 584 μέγα.

200 623 430 663 Athenaeus
464 625 534 675 10,
558 624 638 662 417
657 623 681 662 b
721 621 787 662 καὶ
817 620 920 674 ἔθνη
950 620 994 662 δὲ
1024 620 1096 661 ὅλα
1127 621 1182 670 εἰς
1212 624 1467 694 πολυφαγίαν
1497 623 1653 679 ἕκωμῳ·

87 678 204 730 δεῖτο,
235 676 288 727 ὦς
322 678 364 720 τὸ
396 678 581 720 Βοιωτόν.
615 678 824 732 Εὔβουλος
844 683 944 732 γοῦν
965 677 1009 719 ἕν
1028 678 1216 735 Ἀντιόπῃ
1237 680 1338 732 φησί
1355 683 1434 719 κτλ.
1466 683 1654 723 Eustath

85 737 179 788 954,
192 738 245 776 33
276 733 331 785 ὡς
363 734 405 776 δὲ
434 735 501 776 καὶ
521 735 803 788 ἐπολυφάγουν
824 736 882 788 (οἱ
899 734 1106 791 Βοιωτοί),
1137 735 1277 789 λεγέτω
1302 735 1523 790 Εὔβουλος,
1553 753 1635 789 παρ

83 787 116 848 ᾧ
145 793 270 844 φησί
296 808 371 842 τις
403 793 616 842 Βοιωτός
650 793 718 847 (cf.
748 794 907 834 Ahrens
928 794 1097 834 Dial.11
1118 793 1233 845 523),
1265 791 1328 833 ότι
1358 799 1498 836 πονεῖν
1527 795 1655 847 ἄμμες

82 847 149 890 καὶ
180 854 327 903 φαγεῖν
355 848 547 902 ἀνδρικοί.
639 854 676 893 1.
707 846 858 890 πώνειν
885 847 933 906 (i.
952 865 984 891 e.
1007 840 1158 921 πίνειν)
1179 851 1336 892 Ahrens
1356 854 1458 892 Dial.
1481 853 1522 892 II
1543 853 1648 907 524]

72 910 220 951 ,πονεῖν
250 910 299 948 Α.
416 903 512 959 ἀμὲς
541 907 718 961 Ahrens]
749 905 847 959 ἄμες
877 910 924 947 Α.
1041 905 1128 960 μέγ’
1162 905 1307 957 Mein]
1338 908 1412 960 μὲν
1445 911 1491 953 Α
1611 912 1649 950 2.

84 967 336 1017 καρτερεῖμεν
364 963 539 1018 Ahrens]
571 964 739 1017 καρτερὴ
769 962 844 1016 μὲν
863 964 913 1005 A.
987 968 1068 1012 τοῖς
1099 962 1139 1003 δ’
1169 962 1405 1036 Ἀθηναίοις
1437 965 1491 1020 A]
1524 965 1581 1006 τοὶ
1613 964 1652 1004 δ’

79 1018 305 1071 Ἀθηναῖοι.
400 1026 652 1074 καρτερεῖμεν
681 1021 785 1061 τοίδε
820 1022 1009 1074 Θηβαῖοι·
1041 1019 1168 1074 λέγειν
1193 1023 1199 1074 Ι
1227 1021 1294 1062 καὶ
1321 1022 1441 1075 μικρά
1473 1022 1654 1077 φαγέμεν

83 1081 164 1126 τοῖς
191 1074 422 1130 Ἀθηναίοις
460 1077 556 1130 μέτα
585 1080 752 1120 Ahrens.
812 1076 869 1118 τοὶ
906 1077 950 1119 δὲ
983 1079 1156 1130 Θηβαῖοι
1191 1077 1291 1132 μέγα
1327 1082 1526 1132 glossema
1566 1095 1653 1121 esse

83 1137 308 1187 suspicatur
346 1136 393 1178 G.
426 1138 475 1178 A.
504 1136 707 1188 Hirschig.
738 1137 847 1176 Anu.
880 1138 968 1179 crit.
1002 1138 1038 1178 5.
1114 1138 1178 1176 cui
1219 1138 1267 1177 de
1308 1135 1366 1177 τοὶ
1403 1135 1448 1176 δὲ
1483 1138 1656 1190 Θηβαῖοι

83 1194 298 1242 adsentior,
329 1194 399 1234 sed
429 1194 478 1233 ad
509 1194 745 1244 explendam
777 1192 1071 1245 oppositionem
1102 1206 1192 1233 cum
1215 1196 1248 1233 A
1280 1195 1535 1234 scribendum
1567 1209 1655 1235 cen-

85 1263 150 1290 seo
190 1253 270 1297 τοῖς
308 1245 346 1289 δ’
378 1246 611 1302 Ἀθηναίοις
651 1248 779 1303 λέγειν
815 1249 882 1290 καὶ
919 1249 1039 1302 μικρὰ
1079 1248 1270 1302 φαγέμεν,
1315 1250 1466 1304 μικρὰ
1511 1248 1553 1290 δ’
1594 1247 1655 1292 αὖ

83 1304 272 1346 πώνειν
300 1306 449 1359 μέλει.

355 1441 460 1496 περὶ
489 1441 699 1497 πρώτους
728 1440 905 1492 ὕπνους

205 1522 412 1576 Εὔβουλος
439 1519 638 1579 Ἀντιόπῃ.
690 1525 861 1564 Bekker.
895 1525 1044 1565 Anecd.
1079 1527 1172 1577 111,
1196 1527 1267 1565 22.

760 1672 976 1706 ΑΣΤΤΤΟῙ

198 1754 441 1805 Argumenti
471 1754 574 1793 ratio
606 1753 792 1793 facillime
822 1754 1081 1806 cognoscitur
1108 1767 1130 1792 e
1151 1754 1350 1794 Xenarchi
1370 1755 1419 1794 fr.
1446 1757 1482 1794 1.
1515 1755 1583 1794 sed
1605 1755 1656 1795 cf.

87 1811 136 1850 fr.
160 1812 211 1849 14
233 1813 334 1850 extr.

847 1865 900 1906 14

290 1945 350 1999 μὴ
382 1945 623 1998 παρατίθει
653 1959 729 1999 μοι
758 1944 1052 1998 θριδακίνας,
1085 1938 1121 1986 ὦ
1150 1942 1312 1999 γύναι,

294 2012 369 2055 ἐπὶ
398 2010 484 2068 τήν
513 2011 748 2068 τράπεζαν,
779 2010 811 2068 ἦ
842 2010 1040 2067 σεαυτὴν
1070 2013 1212 2055 αἰτιῶ.

294 2080 346 2124 ἐν
374 2082 435 2136 τῷ
467 2081 648 2138 λαχάνῳ
678 2079 822 2138 τούτῳ
851 2079 963 2137 γάρ,
994 2077 1054 2131 ὦς
1084 2077 1107 2122 ὁ
1139 2079 1292 2136 λόγος,
1326 2081 1432 2124 ποτὲ

291 2146 371 2191 τὸν
391 2147 587 2191 ’Ἁδωνιν
615 2146 911 2192 ἀποθανόντα
941 2146 1210 2204 προῦθηκεν
1238 2149 1435 2203 Κύπρις·

245 2225 266 2257 5
297 2213 405 2259 ὥστ’
430 2217 525 2260 ἐστι
555 2215 735 2260 νεκύων
763 2218 938 2272 βρῶμα.

203 2311 431 2351 Athenaeus
462 2312 507 2362 2,
530 2312 614 2351 690
652 2309 900 2361 Καλλίμαχος
938 2307 983 2349 δέ
1020 2321 1147 2362 φησιν
1185 2324 1246 2350 οτι
1283 2307 1308 2362 ἡ
1336 2307 1550 2364 Ἀφροδίτη
1588 2311 1659 2352 τὸν

51 2365 259 2406 .”Λδωνιν
297 2364 341 2406 ἐν
377 2366 610 2435 θριδακίνῃ
633 2365 853 2418 κρύψειεν,
896 2363 1223 2419 ἀλληγορούντων
1261 2372 1342 2407 τῶν
1376 2374 1556 2420 ποιητῶν
1597 2384 1656 2409 οτι

88 2419 278 2471 ἀσθενεῖς
323 2424 399 2464 εἰσι
442 2421 543 2473 πρὸς
586 2419 801 2476 ἀφροδίσια
846 2423 886 2462 οἰ
918 2429 1093 2475 συνεχῶς
1129 2423 1322 2476 χρώμενοι
1358 2424 1538 2492 θρίδαξι.
1587 2426 1654 2465 καὶ

89 2478 300 2530 Εὔβουλος
330 2477 370 2519 δ’
394 2478 439 2520 ἐν
464 2477 664 2529 Ἀστύτοις
696 2479 800 2532 φησί
826 2481 908 2520 κτλ.
979 2484 1015 2520 1.
1045 2479 1100 2532 μή
1131 2495 1210 2520 νυν
1239 2483 1305 2523 vel
1333 2497 1387 2534 μη
1418 2496 1460 2521 π.
1490 2497 1556 2534 μοι
1587 2481 1657 2530 τὰς

89 2538 254 2579 Person.
284 2535 338 2588 μὴ
367 2532 422 2589 μή
453 2535 577 2580 Mein.
629 2540 670 2577 et
701 2538 841 2588 quidni
870 2535 925 2589 μὴ
955 2536 1168 2590 παρατίθει
1196 2537 1246 2578 σύ
1275 2539 1372 2590 μοιῗ
1468 2542 1508 2580 3.
1540 2536 1560 2578 ὁ
1592 2537 1655 2578 λό-

90 2595 175 2647 γος]
209 2591 322 2646 λόγος
351 2594 399 2636 Β.

205 2652 413 2691 Dobraeus
443 2664 524 2691 non
556 2648 600 2689 ἐν
625 2646 838 2716 Ἀστύτοις,
871 2652 939 2691 sed
970 2650 1014 2692 ἕν
1042 2647 1246 2702 ἀστύτοις,
1276 2655 1379 2692 inter
1408 2655 1510 2693 cibos
1539 2653 1657 2693 Vene-

90 2722 173 2748 rem
202 2710 484 2758 eaestmyuemes
513 2708 718 2758 scripsisse
747 2708 999 2749 Athenaeum
1030 2711 1070 2749 et
1098 2710 1149 2749 ab
1170 2709 1364 2759 epitomes
1391 2713 1552 2749 auctore
1573 2711 1657 2750 eius

93 2766 214 2804 verba
251 2778 332 2804 non
368 2767 475 2804 recte
514 2764 718 2804 intellecta
754 2778 839 2806 esse
879 2767 1115 2817 suspicatur.
1184 2766 1289 2805 Plin.
1319 2766 1370 2806 N.
1402 2768 1442 2806 h.
1476 2768 1549 2817 19,
1577 2768 1654 2807 127

93 2821 309 2873 (lactucam
338 2818 501 2871 vocant)
531 2822 742 2861 rotundam
771 2835 818 2862 ac
844 2825 1012 2862 minima
1042 2825 1183 2868 radice,
1214 2824 1303 2862 latis
1331 2823 1455 2870 foliis,
1487 2826 1657 2874 astytida

93 2879 327 2928 quidamque
355 2879 586 2924 eunuchion,
616 2880 803 2927 quoniam
831 2880 924 2920 hacc
951 2881 1119 2920 maaec'me
1147 2879 1367 2930 refraqclur
1395 2879 1545 2920 Venen'.
1582 2882 1655 2921 ita-
