1864 3204
226 220 310 261 462
575 235 577 237 -
822 213 1149 248 ΤΙΜΟΚΛΕΟΤΣ

227 320 324 371 φησὶ
358 320 550 370 Τιμοκλῆς
580 320 660 357 κτλ.
700 318 750 356 cf.
775 317 884 356 Suid.
911 316 1119 367 Τιμοκλῆς.
1209 317 1245 353 1.
1277 311 1374 352 ὅσον
1401 313 1575 366 Iacobs.]
1609 311 1709 353 θεὸν
1729 314 1779 353 A.
1858 297 1864 311 ¹

228 380 264 417 3.
298 375 341 415 τὸ
361 381 517 426 πνεῦμα
538 376 658 415 Mein.
728 374 766 412 5.
797 370 1017 425 ἆγωνιασαι
1038 373 1086 411 A.
1156 384 1195 410 τε
1224 369 1399 423 Iacobs.]
1431 384 1487 422 γε.
1557 373 1596 410 6.
1618 371 1663 410 Β.
1686 370 1778 410 add.

227 434 273 472 K.
309 455 359 460 ——
392 435 429 471 3.
461 445 538 482 qua
567 445 610 470 re
641 432 740 471 color
767 430 936 481 virginis
966 432 1007 469 et
1036 429 1254 468 meretricis
1286 428 1393 467 inter
1422 440 1462 467 se
1494 427 1690 479 differant,
1721 427 1779 466 id-

226 503 301 540 que
331 492 469 539 noctu,
500 501 581 527 non
610 490 769 538 exputo.

912 597 1116 631 ΝΕΔῙΡΑ

338 681 527 720 Meretrix
557 681 640 719 sine
662 680 782 718 dubio
805 679 1050 730 significatur
1069 678 1348 717 famosissima.
1382 678 1460 716 fuit
1480 677 1638 717 Neaera
1657 676 1779 716 etiam

225 738 466 778 Philemonis
498 739 539 776 et
567 737 712 776 Licinii
741 736 938 775 Imbricis.
989 737 1038 774 cf.
1071 734 1118 775 O.
1141 735 1331 774 Ribbeck.
1355 733 1464 774 Com.
1487 735 1602 773 Rom.
1624 729 1782 774 fr.²35.

950 921 1049 966 ἀλλ’
1073 921 1208 978 ἔγωγ’
1232 921 1255 965 ὁ
1287 919 1513 978 δυστυχὴς

461 992 644 1049 Φρύνης
674 991 906 1048 ἐρασθείς,
937 989 1060 1048 ἡνίκ’
1083 993 1147 1034 ἔτι
1177 988 1261 1047 τὴν
1290 989 1525 1046 κάππαριν

458 1060 699 1115 συνέλεγεν
729 1058 855 1102 οὔπω
885 1059 927 1102 τ’
953 1056 1071 1115 εἶχεν
1103 1056 1271 1115 ὅσαπερ
1301 1062 1392 1102 νῦν
1422 1060 1534 1114 ἔχει,

457 1127 684 1184 πάμπολλ’
707 1126 968 1170 ἀναλίσκων
999 1125 1073 1182 ἐφ’
1102 1119 1273 1185 ἑκάστῳ
1303 1129 1380 1182 τῆς
1405 1126 1554 1182 θύρας

405 1205 426 1236 5
457 1194 757 1252 άπεκλῃόμην.

340 1278 565 1318 Athenaeus
600 1279 670 1329 13,
695 1279 807 1317 5670
845 1279 1014 1328 θρηνῶν
1053 1291 1110 1323 τις
1150 1269 1275 1316 αὑτὸν
1304 1275 1520 1330 παράγεται
1549 1272 1631 1315 ὑπὸ
1665 1278 1783 1342 Τιμο-

227 1331 364 1381 κλέους
397 1332 440 1373 ἕν
470 1333 624 1388 Νεαίρα
654 1337 734 1374 κτλ.
783 1335 889 1374 idem
911 1335 1030 1373 591d
1060 1333 1191 1386 εἴρηκε
1223 1331 1264 1372 δὲ
1293 1332 1381 1386 περὶ
1411 1338 1482 1372 τοῦ
1510 1331 1683 1372 πλούτου
1711 1347 1784 1372 αυ-

229 1396 298 1441 τῆς
330 1388 533 1445 (Φρύνης)
567 1393 760 1442 Τιμοκλῆς
799 1387 820 1430 ὁ
849 1385 1068 1442 κωμικόςε
1053 1389 1097 1430 ἐν
1126 1389 1282 1450 Νεαίρᾳ
1313 1387 1548 1459 (πρόκειται
1563 1388 1605 1429 τὸ
1634 1385 1784 1441 μαρτύ-

228 1445 347 1500 ριον).
443 1449 483 1487 4.
524 1446 731 1498 πάμπολλα
767 1447 816 1486 Α.
904 1449 942 1487 5.
985 1445 1248 1499 ἀπεκλειόμην
1285 1449 1332 1486 Α.
1355 1469 1405 1475 -—
1440 1442 1506 1497 ἐφ’
1529 1444 1680 1499 ἑκάστῳ
1711 1446 1786 1486 ‘ad

226 1506 400 1554 sinyuzos
430 1506 551 1544 coitus
582 1505 836 1544 obtinendos?
1011 1557 1040 1600 4
1844 1515 1846 1518 ’

498 1638 647 1679 ἔπειτα
678 1635 752 1679 διά
781 1651 829 1679 τε
859 1634 985 1679 ταῦτ’
1010 1634 1304 1693 άναρίστητος
1334 1635 1399 1679 ὤν

342 1731 483 1771 Suidas
514 1724 726 1782 άνάριστος
745 1732 895 1782 μᾶλλον
915 1726 944 1782 ἢ
963 1723 1241 1783 άναρίστητος.
1261 1761 1269 1770 .
1289 1760 1298 1770 .
1313 1731 1507 1782 Τιμοκλῆς
1528 1728 1684 1785 Νεαίρᾳ
1703 1731 1784 1770 κτλ.

228 1785 287 1841 τε]
317 1802 360 1841 γε
390 1788 637 1839 Bernhardy.

747 1900 841 1933 OPE
847 1898 1274 1934 ΣΤΑΤΤΟΚΛΕΙΔΗΣ

341 1981 574 2031 Harpocrat.
613 1975 916 2032 Αὐτοκλείδης.
964 1973 1105 2021 ,ουτοι
1139 1978 1471 2032 παιδερασταὶ
1507 1978 1695 2032 σφοδροί,
1730 1975 1787 2028 ὥς

228 2035 295 2075 καὶ
320 2031 612 2108 Ἀριστογείτων
641 2035 740 2076 κατὰ
775 2036 987 2088 Τιμάρχου.
1027 2039 1214 2078 Aeschin.
1232 2039 1267 2089 1,
1280 2039 1332 2076 52
1363 2033 1619 2089 ὑπερβαίνων
1647 2034 1788 2076 τούσδε

229 2092 320 2139 τούς
356 2090 519 2145 ἀγρίους
559 2091 626 2147 (cf.
657 2094 782 2134 Arist.
813 2095 920 2133 Nub.
952 2096 1032 2134 349
1071 2107 1159 2133 cum
1194 2094 1400 2144 interpr.)‚
1443 2092 1684 2144 Κηδωνίδην
1720 2090 1788 2132 καὶ

230 2147 575 2201 Αὐτοκλείδην
605 2148 672 2189 καὶ
694 2148 943 2203 Θέρσανδρον
971 2153 1053 2190 κτλ.
1092 2164 1182 2190 eum
1201 2164 1225 2190 a
1245 2151 1519 2190 meretricibus
1540 2153 1586 2190 ut
1606 2149 1786 2190 Orestem

228 2220 252 2246 a
271 2208 403 2247 Furiis
435 2208 555 2247 fuisse
585 2209 771 2248 vexatum
801 2208 844 2247 in
866 2208 1055 2248 Timoclis
1085 2208 1220 2247 fabula
1249 2221 1295 2247 ex
1324 2208 1373 2247 fr.
1397 2207 1450 2247 25
1472 2207 1641 2248 coniecit
1661 2207 1785 2254 Mein.
1860 2207 1864 2242 ἑ

228 2264 248 2302 Ι
279 2264 377 2303 432.

977 2318 1033 2362 25

883 2398 986 2454 περὶ
1016 2397 1066 2440 δὲ
1095 2394 1175 2440 τὸν
1203 2394 1461 2439 πανάθλιον

463 2463 647 2507 εὕδουσι
677 2467 832 2519 γρᾶες,
867 2464 1086 2519 Νάννιον,
1118 2464 1360 2519 Πλαγγών,
1391 2462 1546 2519 Λύκα,

463 2532 722 2587 Γνάθαινα,
755 2529 937 2588 Φρύνη,
970 2534 1252 2588 Πυθιονίκη,
1285 2533 1524 2588 Μυρρίνη,

464 2602 655 2656 Χρυσίς,
687 2602 932 2655 Κοναλλίς,
959 2599 1222 2657 Ἱερόκλεια,
1253 2599 1499 2642 Λοπάδιον.

344 2695 572 2735 Athenaeus
597 2697 659 2745 13,
674 2697 784 2734 567e
814 2692 881 2733 καὶ
911 2692 955 2733 ἐν
985 2694 1037 2748 τῷ
1066 2690 1364 2747 ἐπιγραφομένῳ
1394 2689 1431 2731 δ’
1459 2687 1785 2745 Ὀρεσταυτοκλεί-

233 2751 305 2803 δης
337 2749 357 2790 ὁ
387 2748 507 2799 αὐτὸς
531 2753 724 2802 Τιμοκλῆς
745 2762 842 2802 φησι
861 2753 943 2790 κτλ.
1005 2753 1042 2789 2.
1076 2764 1242 2790 ναννιον
1269 2752 1317 2798 εὴ,
1339 2751 1376 2789 4.
1409 2751 1711 2802 χρυσισκοναλις
1731 2749 1783 2789 Α.
1860 2766 1864 2797 ς

233 2808 423 2848 ‘forsitan
454 2807 651 2860 Κοβαλίς’
683 2809 816 2859 Mein.,
855 2808 924 2858 qui
961 2821 1141 2847 scaenam
1179 2819 1340 2858 prorsus
1370 2808 1416 2845 ut
1444 2807 1487 2845 in
1515 2806 1783 2845 Eumenidum
1860 2818 1864 2853 ξ

234 2866 401 2916 prologo
433 2866 685 2917 cogitandam
715 2878 798 2904 esse
829 2866 1061 2904 arbitratur.
