1864 3204
226 215 309 257 246
891 218 1115 252 ΑΜΦΙΔΟΣ

917 319 1090 353 ΣΑΠΦΩ

498 440 786 495 διενεχθῆναι
976 385 1032 428 32

339 518 428 561 ἀντὶ
458 525 529 560 τοῦ
555 520 765 574 μάχεσθαι.
794 520 943 574 ’Ἀμφις
973 525 1150 573 Σαπφοῖ.
1183 525 1352 564 Bekker.
1383 525 1533 565 Anecd.
1565 527 1632 576 89,
1655 526 1720 566 22.

847 646 1159 680 ΦΙΛΑΔΕΛΦΟΙ

978 713 1032 755 33

470 789 582 832 κατὰ
616 789 750 833 πόλλ’
774 789 943 833 ἐπαινῶ
973 793 1145 846 μᾶλλον
1173 788 1301 846 ἡμῶν
1330 790 1410 834 τὸν
1438 794 1540 847 βίον

467 855 548 900 τὸν
577 860 669 900 τῶν
698 860 960 912 φιλοποτῶν
988 857 1105 914 ἥπερ
1137 858 1264 913 ὑμῶν
1294 862 1386 901 τῶν
1415 860 1557 914 μόνον

469 927 520 968 ἐν
549 928 611 980 τῷ
640 925 829 981 μετώπῳ
860 928 973 967 νοῦν
1004 927 1121 981 ἔχειν
1154 925 1393 971 εἰωθότων.

468 991 494 1048 ἡ
525 993 607 1047 μὲν
636 991 723 1047 γὰρ
755 991 829 1034 ε’πὶ
858 994 942 1035 τοῦ
972 993 1272 1049 συντετάχθαι
1303 993 1377 1037 διὰ
1406 995 1564 1045 τέλους

415 1070 435 1100 5
467 1060 687 1116 φρόνησις
717 1054 859 1114 οὖσα,
891 1058 964 1102 διὰ
995 1059 1045 1102 τὸ
1075 1064 1245 1111 λεπτῶς
1275 1063 1350 1104 καὶ
1380 1066 1564 1114 πυκνῶς

467 1126 600 1169 πάντ’
624 1125 839 1179 ἐξετάζειν
865 1128 1018 1170 δέδιεν
1049 1128 1122 1170 ἐπὶ
1152 1128 1206 1172 τὰ
1237 1129 1474 1185 πράγματα

469 1193 614 1250 ὁρμᾶν
645 1197 912 1250 προχείρως,
944 1194 972 1252 ἡ
1004 1196 1054 1239 δὲ
1085 1194 1158 1238 διὰ
1188 1195 1239 1239 τὸ
1267 1196 1326 1252 μή
1361 1201 1516 1254 σαφῶς

470 1265 514 1304 τί
541 1260 641 1304 ποτ’
665 1260 745 1317 ἀφ’
769 1259 957 1305 ἑκάστου
987 1263 1243 1320 πράγματος
1273 1265 1545 1321 συμβήσεται

468 1330 808 1384 διαλελογίσθαι
839 1331 924 1387 δρᾷ
954 1346 996 1372 τι
1027 1329 1102 1373 καὶ
1131 1334 1345 1374 νεανικὸν

399 1406 441 1437 10
468 1397 541 1439 καὶ
570 1396 758 1451 θερμόν,

339 1479 566 1518 Athenaeus
591 1481 655 1528 10,
667 1481 782 1518 448a
804 1478 952 1530 ’Ἀμφις
983 1476 1021 1518 δ’
1046 1479 1090 1520 ἐν
1109 1480 1371 1532 Φιλαδέλφοις
1401 1479 1574 1523 ἐπαινῶν
1604 1482 1674 1523 τὸν
1702 1489 1781 1523 τῶν

226 1536 451 1585 φιλοποτῶν
481 1536 751 1587 (φιλοπωτῶν,
783 1551 813 1575 ω
844 1550 943 1577 corr.
972 1539 1015 1576 in
1041 1551 1062 1575 ο
1091 1551 1114 1577 a
1133 1551 1253 1578 manu
1273 1552 1351 1579 rec.
1374 1537 1431 1593 A)
1461 1539 1551 1592 βίον
1579 1539 1678 1591 φησὶ
1698 1543 1780 1582 κτλ.
1847 1540 1851 1545 ’

227 1606 265 1631 v.
301 1594 426 1631 1-—3
457 1593 691 1632 Eustathius
723 1594 850 1644 1015,
873 1595 926 1633 46
957 1595 1236 1634 Demosthenis
1266 1596 1367 1635 illud
1396 1598 1580 1637 adferens
1609 1611 1779 1637 καταπε-

226 1645 453 1699 πατημένον
483 1646 618 1701 φέρειν
649 1647 693 1688 ἐν
721 1647 906 1700 πτέρναις
934 1646 1173 1701 Ἀθηναίους
1205 1649 1274 1690 τὸν
1303 1650 1521 1704 ἐγκέφαλον
1549 1655 1607 1693 ita
1625 1653 1778 1705 pergit:

225 1701 250 1755 ἡ
284 1704 471 1764 κωμῳδία
502 1704 737 1744 σκώπτουσα
768 1704 859 1753 τοὺς
890 1705 1242 1757 σχηματιζομὲνους
1263 1708 1499 1759 φιλοσοφίας
1521 1708 1621 1764 λόγῳ
1642 1721 1778 1780 σεμνο-

227 1762 455 1813 προσωπεῐν
491 1761 545 1808 εἰς
588 1759 629 1800 τὸ
658 1761 837 1812 μέτωπον
866 1759 1001 1810 αὐτοῖς
1033 1761 1244 1815 ἐπιγράφει
1274 1762 1340 1803 τὸν
1370 1770 1480 1805 νουν.
1529 1765 1676 1818 λέγεται
1705 1760 1781 1806 ουν

218 1815 367 1868 ’Ἀμφις
397 1814 418 1855 ὁ
451 1816 623 1868 κωμικὸς
654 1818 780 1857 εἰπεῖν
817 1817 876 1857 ’ὅτι
916 1817 1065 1858 ἐπαινῶ
1093 1843 1145 1849 —-
1175 1818 1388 1862 εἰωθότων.
1506 1825 1544 1862 1.
1576 1820 1700 1862 πολλὰ
1725 1824 1779 1862 A.

228 1876 268 1913 2.
299 1874 536 1923 φιλοπωτῶν
557 1875 594 1913 Α
623 1872 725 1928 (non
746 1873 880 1926 corr..)
968 1877 1007 1915 4.
1039 1874 1306 1916 συντετάσθαι
1327 1879 1605 1929 Wy'ttenbaoh.
1627 1880 1778 1930 Eunap.

229 1932 294 1972 79.
384 1933 421 1969 9.
454 1926 734 1982 διαλελόγισται
764 1933 812 1971 Α.

343 1989 381 2026 3.
415 1986 514 2025 νοῦν
535 1988 664 2027 solum
691 1985 734 2026 ἐν
764 1993 821 2042 τῷ
841 1987 1006 2054 μετώπῳ
1026 1989 1174 2029 habent
1192 1991 1371 2031 homines
1392 1992 1530 2042 severi,
1561 2005 1642 2032 non
1661 1993 1779 2031 etiam
1854 2040 1856 2042 v

226 2043 311 2081 vini
349 2045 540 2092 calorem,
579 2044 685 2093 quod
724 2045 924 2083 interdum
961 2047 1091 2095 ipsum
1121 2059 1277 2097 quoque
1307 2048 1403 2086 utile
1434 2060 1517 2087 esse
1547 2049 1644 2087 dicit
1672 2049 1779 2098 quis-

227 2101 316 2148 quis
347 2100 535 2149 loquitur.
638 2101 678 2139 4.
709 2099 994 2151 συντεταμένος
1023 2104 1069 2157 οξ
1094 2101 1360 2141 συντετασθαι
1388 2104 1460 2143 hac
1490 2105 1777 2154 significatione

227 2155 344 2194 Plato
383 2159 423 2195 et
453 2157 700 2196 Plutarchus.
760 2155 822 2195 ἐπὶ
852 2162 922 2196 τοῦ
952 2167 988 2196 σ.
1019 2151 1143 2209 οὖσα,
1182 2162 1228 2198 ut
1256 2160 1460 2199 Demosth.
1491 2161 1529 2210 4,
1553 2162 1576 2199 7
1607 2157 1670 2199 ἐπι
1699 2165 1773 2209 τῆς

229 2210 411 2264 τοιαύτης
440 2209 630 2263 γενέσθαι
659 2209 831 2264 γνώμης.
866 2216 902 2264 6,
914 2214 940 2251 4
960 2209 1172 2253 κωλύσαιτ’
1189 2230 1241 2254 αν
1261 2213 1414 2254 ἐκεῖνον
1434 2229 1620 2268 πραττειν
1639 2221 1776 2267 ταῦτα,

229 2263 294 2316 ἐφ’
330 2264 387 2305 ὢν
426 2266 506 2306 ἐστὶ
546 2274 632 2310 νῦν
692 2271 815 2318 8,14
854 2269 990 2309 οἴεσθε
1029 2268 1121 2318 τοὺς
1152 2271 1397 2319 Βυζαντίους
1434 2275 1569 2324 μενεῖν
1607 2271 1670 2312 ἐπὶ
1708 2273 1777 2323 τῆς

226 2320 366 2371 ανοίας
397 2329 467 2375 τῆς
497 2320 621 2376 αὐτῆς
651 2323 783 2378 ώσπερ
815 2331 909 2371 νῦν;
952 2328 999 2366 cf.
1033 2329 1098 2377 21,
1123 2329 1215 2370 213.

978 2437 1033 2479 34

475 2509 714 2568 Ἄπολλον,
746 2512 806 2564 ῶς
835 2515 1116 2570 δυσάρεστόν
1147 2514 1241 2558 ἐστ’
1263 2511 1512 2574 ἀνιώμενος

487 2580 731 2636 ἄνθρωπος
762 2580 837 2636 ἐφ’
859 2580 1027 2625 ἅπασίν
1056 2598 1103 2625 τε
1133 2584 1364 2639 δυσχερῶς
1393 2586 1495 2639 ἔχει.

269 2721 287 2758 t
319 2662 534 2731 ''Stobaeus
564 2664 701 2703 Floril.
734 2666 798 2715 99,
822 2665 875 2703 24
897 2662 1093 2715 ’Ἀμφιδος
1124 2662 1385 2715 Φιλαδέλφων
1414 2667 1462 2705 Α.
1522 2668 1771 2707 scribendum

227 2731 267 2758 es
315 2733 428 2770 εχων.

851 2786 1152 2825 ΦΙΔΕΤΑΙΡΟΣ

339 2853 399 2893 Of.
432 2868 531 2905 quae
561 2857 610 2895 ad
641 2855 881 2906 Antiphanis
910 2856 1172 2897 Philetaerum
1201 2858 1492 2898 adnotavimus.

360 2996 377 3020 0
