1864 3204
395 158 686 194 ΔΗΜΗΤΡΙΟΣ
713 157 746 191 Η
772 157 1081 193 ΦΙΔΕΤΔΙΡΟΣ
1105 174 1148 181 -
1174 156 1384 191 ΔῙΔΤΜΟΙ
1597 153 1681 197 315

233 263 464 304 Athenaeus
496 264 534 314 7,
552 263 670 303 314d
692 260 847 311 ’Ἀλεξις
878 259 970 303 ἐν..
990 259 1221 315 ,Δημητρίῳ
1251 262 1331 300 κτλ.
1364 262 1405 300 et
1434 274 1480 300 ex
1512 259 1682 300 Crateua

121 317 190 374 (fr,
225 322 318 369 110,
342 322 367 360 9
388 318 466 371 sq.)
496 293 642 362 A‘then.
675 321 864 384 3,1070.
945 293 983 361 2.
1015 317 1082 358 δεῖ
1104 315 1155 372 C]
1186 315 1238 369 δὴ
1268 318 1307 358 A
1336 317 1566 368 utrubique.
1641 317 1679 358 3.

113 376 165 417 ’ἓν
194 377 231 417 Α
265 375 364 446 107]
397 374 441 416 ἐν
469 377 509 416 Α
539 377 635 420 314.
725 370 886 424 τούτους
916 376 956 415 A
987 373 1088 428 314]
1121 371 1271 415 τούτων
1302 374 1339 414 A
1374 375 1468 415 107.
1519 370 1683 420 τούτους

118 434 146 475 i.
168 447 205 477 e.
237 431 329 482 τοὺς
359 430 596 481 δακτύλους.
647 433 715 473 sed
746 433 914 473 fortasse
942 430 1133 485 λυπρὸν
1162 444 1205 471 π.

873 531 930 574 49

388 601 564 652 τοῦψον
593 601 815 656 λαβοῦσαι
846 601 981 642 τοῦτο
1011 595 1379 658 τᾶπεσταλμένον

392 666 640 723 σκευάζετ’,
654 665 942 725 ,εὐωχεῖσθε,
975 667 1221 725 προπόσεις
1250 669 1417 722 πίνετε,

394 736 609 791 λέπεσθε,
640 737 921 792 ματτυάζετε.

235 820 466 861 Athenaeus
488 821 553 871 14,
577 821 690 860 6630
719 823 976 871 συνεμφῆναι
1006 815 1080 871 γὰρ
1109 814 1352 872 βουλόμενος
1384 815 1405 858 ὃ
1427 817 1579 868 ’Ἀλεξις
1610 815 1684 871 τὴν

118 872 338 917 ἀκολασίαν
368 882 441 928 τῆς
471 880 726 946 παρασκευῆς
755 873 984 928 προσέθηκε
1014 873 1058 915 τὸ
1090 873 1295 918 λέπεσθαι.
1355 873 1432 927 ἔχει
1464 870 1501 913 δ’
1525 872 1550 928 ἡ
1582 873 1683 927 σύμ-

125 945 230 973 πασα
260 931 398 987 ἐκλογὴ
430 948 579 985 ουτως,
617 926 720 972 οὖσα
750 929 792 972 ἕκ
822 932 893 972 τοῦ
922 931 1254 984 διεσκευασμένου
1284 931 1505 985 δράματος,
1543 929 1569 972 ὃ
1598 930 1684 972 ἐπι-

126 986 318 1044 γράφεται
349 988 575 1058 Δημήτριος
605 992 685 1030 κτλ.
770 1003 807 1030 v.
837 990 861 1028 2
894 986 1143 1044 (προπόσεις)
1177 991 1202 1030 3
1233 991 1471 1030 Eustathius
1504 991 1635 1042 1752,
1658 991 1682 1029 2

116 1047 271 1097 ’Ἄλεξις
301 1046 400 1101 πρὸς
430 1043 606 1100 δήλωσιν
633 1039 854 1086 ἆκολοὶστου
883 1051 1139 1100 παρασκευῆς
1169 1044 1388 1100 προσέθετο
1418 1047 1465 1117 τῇ
1493 1045 1685 1118 ματτύῃ

126 1102 270 1160 (Arist.
304 1106 412 1146 Nub.
442 1106 538 1146 451.
578 1105 755 1145 Nicostr.
787 1105 826 1143 8.
863 1102 935 1158 17)
974 1101 1017 1144 τὸ
1047 1102 1316 1154 λέπεσθαι,
1348 1102 1473 1144 εἰπών
1501 1106 1582 1144 κτλ.
1632 1098 1686 1156 ἦν

123 1160 180 1214 δέ,
212 1161 327 1212 φασί,
357 1160 597 1202 λέπεσθαι..
615 1158 680 1200 ἐπὶ
706 1157 900 1213 ασελγοῦς
927 1159 994 1201 καὶ
1023 1166 1215 1215 φορτικῆς
1244 1156 1491 1213 ἀφροδισίων
1519 1158 1684 1213 ἡδονῆς.

122 1221 230 1260 inest
267 1219 388 1260 verbo
426 1232 520 1259 sane
559 1232 605 1259 ea
635 1231 792 1270 quoque
822 1214 1084 1270 significatio,
1130 1219 1180 1259 ef.
1213 1219 1394 1258 Mnesim.
1428 1220 1564 1270 4,18.
1622 1219 1686 1258 hie

122 1279 259 1316 tamen
288 1273 482 1316 λέπεσθαι
511 1276 616 1316 idem
637 1278 698 1316 eet
715 1277 836 1326 atque
856 1275 1001 1326 Eupol.
1026 1277 1120 1316 255.
1137 1276 1233 1315 427.
1264 1275 1487 1326 Antiphan.
1514 1276 1609 1316 135.
1632 1296 1681 1303 -

126 1335 164 1372 1.
205 1330 497 1385 ταπεταλμένον
534 1333 585 1373 Α.
637 1327 976 1396 τούπεσταλμένον
1011 1335 1118 1373 reete
1160 1332 1207 1374 G.
1245 1331 1294 1375 A.
1334 1333 1534 1384 Hirschig.
1577 1332 1682 1372 Ann-

122 1390 212 1430 erit.
245 1390 311 1430 10.

237 1526 464 1567 Athenaeus
492 1528 530 1577 3,
560 1527 671 1567 1082.
700 1523 1015 1579 ταγηνιστῶν
1045 1523 1241 1577 ἰχθύων
1269 1521 1510 1578 μνημονεύει
1532 1525 1686 1575 ’Ἀλεξις

126 1580 170 1622 έν
203 1581 414 1637 Δημητρίῳ
444 1581 632 1635 καθάπερ
661 1579 739 1622 κᾶν
768 1587 823 1638 τῷ
851 1580 1095 1637 προκειμένῳ
1125 1581 1294 1636 δράματι
1323 1580 1391 1636 (fr.
1425 1585 1519 1635 110,
1544 1580 1626 1638 12).

729 1694 1074 1734 ΔΙΔΠΛΕΟΤΣΑΙ

874 1763 930 1806 51

359 1828 697 1884 ἐπιχαιρέκακος
727 1826 768 1872 εἶ
797 1826 871 1871 καὶ
902 1833 1094 1885 φθονεῖς
1123 1836 1216 1879 τοῖς
1246 1831 1451 1885 πλησίον.

242 1912 412 1952 Bekker.
443 1911 594 1951 Anecd.
616 1914 683 1964 91,
701 1913 752 1951 21
786 1909 1106 1964 ἐπιχαιρέκακος·
1127 1909 1282 1960 ’Ἄλεξις
1313 1909 1358 1951 ἐν
1390 1911 1686 1960 Διαπλεούσαις

128 1966 229 2020 λέγει
257 1970 338 2008 κτλ.
389 1965 433 2008 ἕν
465 1966 538 2016 Δὶς
567 1967 780 2017 πλεούσαις
810 1969 931 2009 Mein.
962 1991 1016 1998 -
1048 1970 1097 2009 ef.
1130 1969 1402 2009 Anaxandrid.
1428 1972 1494 2009 59.

794 2081 1007 2116 ΔῙΔΤΜΟΙ

876 2148 932 2191 52

367 2213 607 2270 στεφάνων
637 2230 685 2258 τε
713 2214 889 2259 τούτων
919 2214 1063 2272 χύδην
1093 2216 1414 2271 πεπλεγμένων

241 2298 470 2338 Athenaeus
503 2299 575 2349 15,
599 2298 681 2339 686
697 2299 755 2338 ab
795 2295 944 2338 κελεύω
981 2292 1106 2338 αὐτὸν
1134 2297 1234 2337 κατὰ
1266 2297 1358 2346 τοὺς
1386 2294 1580 2348 Ἀλέξιδος
1615 2302 1686 2338 Δι-

128 2351 278 2405 δύμους
309 2353 489 2405 χυδαίοις
517 2351 828 2405 στεφανωθέντα
859 2353 1071 2405 στεφάνοις
1101 2352 1315 2406 ἐξάγεσθαι
1344 2360 1414 2395 τοῦ
1444 2356 1685 2407 συμποσίου·

128 2415 208 2450 τῶν
247 2407 291 2450 δὲ
328 2409 506 2461 χυδαίων
542 2409 753 2461 στεφάνων
789 2410 1056 2463 μνημονεύων
1092 2408 1113 2451 ὁ
1145 2410 1439 2466 κωμῳδιοποιός
1470 2425 1572 2464 φησι
1601 2415 1685 2453 κτλ,

131 2465 296 2507 τουτωνὶ
333 2467 449 2508 Cant.
480 2467 546 2520 L.]
586 2463 736 2508 τούτων
765 2469 816 2508 A.
867 2465 1019 2508 τούτων
1053 2474 1135 2508 τῶν
1164 2470 1281 2510 Mein.
1311 2469 1430 2509 Anal.
1461 2471 1557 2509 Ath.
1590 2471 1684 2509 335.

130 2526 171 2564 in
202 2527 316 2564 tanta.
345 2524 581 2576 fragmenti
592 2525 791 2566 brevitate
819 2537 900 2565 non
929 2526 1070 2576 liquet.

398 2678 543 2736 τούτῳ
571 2676 782 2735 πρόπιθ’,
813 2613 1084 2731 ἴναὸῗιαύτός
1113 2679 1249 2736 ἄλλῳ.

244 2744 477 2802 Athenaeus
509 2763 583 2812 10,
605 2762 723 2801 4461*
756 2760 823 2802 καὶ
851 2773 902 2802 συ
930 2757 1020 2813 οὖν,
1056 2778 1087 2802 ω
1120 2760 1262 2826 ἑταῖρε,
1292 2761 1391 2801 κατὰ
1423 2760 1494 2802 τὸν
1514 2762 1685 2814 ”,Αλεξιν

129 2814 174 2866 ὃς
206 2815 250 2857 ἐν
272 2814 464 2870 Διδύμοις
496 2817 599 2870 φησί
624 2819 705 2857 κτλ.
771 2814 942 2871 πρόπιθι
972 2822 1012 2859 et
1041 2817 1109 2858 καὶ
1139 2813 1259 2867 αὐτὸς
1289 2820 1341 2859 A.
1371 2820 1526 2860 emend.
1549 2821 1685 2860 Dindf.
