1864 3204
290 180 375 222 410
737 184 1020 219 ANTIAOTOT
1042 186 1404 221 ΜΕΜΨιΜοιΡοΣ

820 286 1028 321 ΑΔΗΛΟΤ
1053 287 1320 341 ΔΒΑΜΑΤΟΣ

1051 364 1080 406 5

1180 458 1184 465 .
1233 418 1355 473 οἶνος
1384 423 1575 478 Λέσβιος

562 485 617 530 ὃν
648 486 783 539 αὐτὸς
814 489 1024 544 ἐποίησεν
1054 488 1078 532 ὁ
1110 488 1287 546 Μάρων
1316 506 1391 546 μοι
1421 493 1554 534 δοκῶ.

402 581 628 621 Athenaeus
652 584 687 632 1,
711 584 795 621 28e
825 581 924 633 φησὶ
954 581 1167 650 Κλέαρχος.
1207 585 1441 624 Eustathius
1464 587 1584 636 1623,
1605 587 1658 626 47
1690 583 1841 639 Κλέαρ-

289 635 358 687 χός
388 651 466 684 τις.
485 635 581 688 ,ἔφη
613 635 654 676 τὸ
683 641 763 678 κτλ.
798 636 893 692 (om.
917 634 1068 694 αὐτὸς).
1100 664 1154 669 -
1185 641 1232 682 cf.
1262 642 1379 680 Hom.
1405 641 1656 693 Od.9‚197.
1689 642 1840 683 cratin.

291 695 385 733 135.
428 694 584 734 Alexid.
618 696 712 735 108.
801 694 1027 748 ἐξεποίησεν
1056 699 1120 738 vel
1150 695 1234 749 ἐμοὶ
1264 697 1372 736 δοκω
1401 699 1523 738 Mein.
1567 712 1633 749 μοι
1662 698 1768 738 δοκῶ
1796 703 1843 742 ut

289 751 476 790 Menand.
495 752 545 790 67
564 747 738 819 (Meinw)
762 755 798 792 3.
833 766 948 794 anon.
966 755 1049 794 430
1065 753 1168 807 (M.,)
1187 756 1225 796 9.
1257 754 1492 805 Hippoloch.
1513 756 1657 795 Athen.
1679 757 1842 807 4‚129a

264 804 614 864 ,ἐπεισβάλλουσιν
642 804 921 861 αὐλητρίδες..
941 808 1044 862 ,ε’μοὶ
1072 808 1146 862 μὲν
1174 808 1321 863 γυμναὶ
1351 810 1470 851 δοκῶ.

829 1059 1296 1109 ΑΝΤΙΔΟΤΟΣ

894 1163 1015 1202 Mein.
1038 1163 1058 1201 I
1079 1164 1174 1202 415.
1197 1166 1234 1206 6.

849 1274 1269 1308 ΜΕΜΨΙΜΟΙΡΟΣ

1050 1353 1072 1394 1

555 1404 864 1463 ὑπογάστριον

398 1487 459 1541 (τὸ
497 1484 649 1542 οὖθαρ)
689 1487 898 1542 ὠνόμασεν
932 1487 1152 1539 Ἀντίδοτος
1189 1489 1233 1530 ἐν
1270 1490 1556 1545 Μεμψιμοίρῳ.
1606 1475 1836 1531 Atheiiaeus

288 1546 352 1596 14,
376 1547 502 1586 6560.
891 1603 1226 1637 ΠΡῼΤοΧοΡοΣ

399 1659 460 1700 Cf.
493 1661 670 1700 Alexidis
701 1659 972 1714 Πρωτόχορος.

487 1790 599 1835 κατὰ
629 1791 711 1848 τὴν
741 1793 900 1836 στάσιν
930 1791 985 1849 δὴ
1017 1794 1200 1845 στάντες
1229 1791 1519 1849 ἀκροάσασθέ
1544 1810 1646 1851 μου,

488 1860 598 1916 πρὶν
630 1862 913 1917 ἐγγραφῆναι
943 1862 1018 1904 καὶ
1048 1864 1204 1917 λαβεῖν
1232 1860 1283 1904 τὸ
1313 1862 1575 1918 χλαμύδιον,

485 1930 589 1985 περὶ
618 1932 700 1972 τοῦ
731 1932 994 1985 παρασιτεῖν
1024 1933 1068 1972 εἴ
1091 1945 1156 1980 τις
1187 1929 1369 1986 ἐμπέσοι
1398 1929 1549 1985 λόγος,

485 1997 534 2039 τὸ
567 1999 742 2052 τεχνίον
774 1995 843 2039 ἀεὶ
873 1998 1006 2039 τοῦτό
1035 2013 1111 2052 μοι
1141 2000 1422 2051 κατεπίνετο,

437 2073 457 2105 5
489 2066 564 2106 καὶ
594 2063 880 2120 παιδομαθὴς
909 2060 1021 2120 πρὸς
1049 2063 1161 2108 αὐτὸ
1191 2063 1274 2120 τήν
1304 2065 1511 2108 διάνοιαν
1539 2060 1611 2120 ἦν.

395 2158 626 2198 Athenaeus
658 2160 703 2209 6,
727 2158 844 2198 24010
870 2154 1091 2203 Ἀντίδοτος
1120 2153 1157 2196 δ’
1183 2155 1227 2197 ἐν
1256 2163 1308 2212 τῷ
1339 2156 1638 2212 ἐπιγραφομένῳ
1668 2159 1829 2210 Πρωτοη

280 2213 383 2268 χόρῳ
414 2211 626 2267 παράγει
658 2213 794 2254 τινὰ.
842 2219 1029 2255 ,τοιαῦτα
1067 2213 1175 2267 περὶ
1206 2221 1536 2266 παρασιτικῆς
1566 2213 1738 2266 τέχνης
1767 2212 1830 2261 λέ

280 2286 399 2324 γοντα
429 2273 510 2310 κτλ.
598 2272 637 2310 4.
668 2269 744 2310 αἰεὶ
771 2271 820 2311 A.
907 2270 1135 2311 κατεπίνετο
1164 2269 1412 2325 Dalecamp]
1432 2268 1688 2311 ·xawmvs'voe
1716 2270 1766 2311 A.

396 2331 431 2368 1.
474 2329 593 2368 Mein.
624 2326 722 2366 κατὰ
753 2326 891 2366 στάσιν
922 2328 1166 2377 ‘confertim,
1197 2329 1313 2369 denso
1343 2330 1485 2368 coetu’.
1573 2330 1610 2367 2.
1641 2325 1738 2377 πρὶν
1767 2325 1829 2380 ἐγ-

279 2381 1824 2510 {5.“⁹2”}“.5253.‡3..0Httpssssissgfissssfi‘2253‘‘.5.33..{⁹32⁶;⁹.}35‘23.
1783 2455 1828 2478 τ..

279 2502 440 2552 πατρῷα
469 2498 704 2549 οἰκονομεῖν,
742 2494 841 2550 παρ’
867 2494 893 2536 ὁ
929 2496 996 2537 καὶ
1024 2495 1197 2548 τοῦνομα
1229 2494 1423 2551 (λέγουσι)
1452 2495 1655 2565 γεγονέναι
1684 2494 1750 2535 διὰ
1781 2494 1823 2535 τὸ

278 2560 360 2594 των
391 2553 539 2605 λήξεων
568 2553 714 2606 ἄρχειν.
765 2553 893 2605 λήξεις
923 2551 961 2593 δ’
986 2552 1086 2594 εἰσὶν
1115 2554 1221 2593 οἵτε
1250 2557 1386 2606 κλῆροι
1414 2553 1480 2593 καὶ
1509 2553 1555 2592 αἶ
1579 2549 1725 2592 οὐσίαι.
1775 2554 1826 2593 cf.

278 2612 378 2652 Isae.
412 2613 449 2660 7,
473 2613 538 2650 27.
579 2612 751 2662 Lycurg.
783 2611 919 2651 Leocr.
952 2613 1019 2650 76.
1059 2612 1244 2651 Aeschin.
1279 2615 1314 2660 1,
1336 2611 1404 2650 44.
1436 2632 1489 2638 -
1520 2607 1563 2648 τὸ
1595 2608 1826 2674 χλαμύδιον,

276 2666 320 2708 τὸ
352 2665 561 2720 ἐφηβικόν.
593 2669 644 2708 cf.
675 2668 841 2707 Philam.
856 2669 923 2707 34.
1002 2668 1041 2706 4.
1072 2667 1196 2708 Arist.
1227 2668 1326 2708 Ach.
1358 2667 1440 2706 484
1470 2664 1674 2706 καταπιών
1702 2661 1828 2717 Εὐρι-

278 2724 412 2775 πίδην.
462 2725 624 2764 Lucian.
655 2725 743 2774 Iup.
776 2726 876 2774 trag.
911 2727 928 2763 1
972 2721 1040 2762 τὸν
1076 2720 1307 2775 Εὐριπίδην
1343 2720 1438 2763 ὅλον
1473 2720 1826 2773 καταπεπώκαμεν.

280 2783 318 2821 5.
350 2778 603 2831 παιδομαθής
634 2780 870 2821 vocabulum
900 2781 1115 2832 novicium,
1156 2781 1274 2820 simili
1305 2780 1593 2832 significatione
1621 2793 1666 2820 ac
1695 2775 1826 2830 θυμό-

279 2847 401 2887 σοφος
432 2838 554 2878 Arist.
585 2838 689 2876 Nub.
721 2838 816 2877 877.
1129 2834 1134 2838 ’
