1864 3204
216 227 300 269 450
863 223 1120 259 ΤΙΜΟΘΕΟΣ

328 330 557 368 Athenaeus
579 329 616 378 9,
631 328 744 366 368a
774 324 964 378 Σωτάδης
994 323 1032 365 δ’
1056 323 1076 365 ὁ
1099 323 1269 377 κωμικὸς
1293 323 1665 380 Παραλυτρουμένῳ
1685 328 1769 367 κτλ.

220 386 402 436 Orobylus
436 387 499 424 est
536 397 754 434 cognomen
784 384 994 434 Heyesippi
1032 384 1250 423 Suniensis.
1311 383 1552 424 clarissimus
1588 384 1667 424 fuit
1694 384 1771 426 De-

218 443 433 482 mosthenis
472 442 667 491 aequalis,
707 441 818 479 cuius
854 443 948 480 sunt
983 441 1052 490 qui
1081 442 1224 490 putent
1253 452 1336 479 esse
1367 441 1586 480 orationem
1614 441 1663 480 de
1691 441 1772 483 Ha-

216 500 391 538 lonneso.
443 498 679 547 Harpocrat.
700 493 950 549 κρωβύλος..
970 493 1234 547 ΪΗγήσιππος
1263 494 1336 546 μέν
1365 494 1470 535 ἐστιν
1499 493 1520 535 6
1552 493 1771 549 Κρωβύλος

218 550 532 605 ἐπικαλούμενος.
564 553 713 605 κυρίως
744 550 785 592 δὲ
815 548 922 600 εἶδός
954 568 989 592 τι
1020 552 1216 623 ἐμπλοκῆς
1246 551 1353 592 ἐστιν
1372 550 1393 592 6
1413 551 1631 606 κρωβύλος,
1659 551 1772 593 καθά

216 622 315 661 φησι
347 609 599 661 Θουκυδίδης
629 610 686 662 (1,
710 607 769 668 6).
821 611 870 650 cf.
902 611 1009 650 idem
1037 607 1300 662 Ἡγήσιππος.
1347 611 1475 652 Schol.
1497 610 1679 650 Aeschin.
1705 612 1770 659 18,

218 669 269 707 32
301 665 523 719 Κρωβύλον
551 669 689 707 καλεῖ.
737 665 831 707 ,τὸν
855 663 1107 719 Ηγήσιππον
1137 664 1221 706 τὸν
1229 666 1455 731 μισοφίλ
1468 680 1636 717 ιππον,
1665 664 1772 707 καθὸ

215 720 335 771 αὐτὸς
365 722 506 774 ἤλειφε
536 722 609 774 τὴν
638 697 817 774 κεφαλὴν
846 722 913 763 καὶ
943 721 1168 772 ἐφιιῒοκάλει
1199 717 1268 770 τὰς
1299 723 1446 775 τρίχας.
1485 724 1535 763 cf.
1566 724 1770 763 Demosth-

218 783 254 830 9,
279 782 344 820 72.
379 783 442 830 18,
469 783 533 820 75.
577 782 642 828 19,
667 782 717 820 72
736 794 796 830 sq.
829 782 926 821 331.
974 782 1086 831 loqui
1116 781 1275 819 videtur
1304 794 1408 820 unus
1438 781 1580 831 aliquis
1610 793 1658 820 ex
1686 793 1771 820 ora-

215 838 381 888 toribus,
412 839 480 888 qui
510 851 532 876 Β
562 837 846 877 Macedonibus
875 838 1047 887 stabant,
1079 842 1222 876 τοῦτον
1249 839 1383 877 autem
1414 837 1512 877 dicit
1541 837 1770 888 Philippum

215 907 350 945 regem
380 895 522 945 ipsum.

775 1063 975 1128 ,TIMO
990 1064 1088 1114 ΘΕ
1102 1062 1200 1113 oz:

818 1168 989 1207 Meinek.
1020 1167 1041 1212 I
1070 1161 1166 1207 428.

873 1279 1126 1314 KTNAPION

986 1348 1005 1387 l

445 1411 692 1470 πειρώμεθ’
716 1411 941 1457 ὑποδύντ’
965 1415 1011 1464 ἐς
1039 1413 1090 1456 τὸ
1122 1414 1308 1456 δεῖπνον
1337 1412 1537 1457 ἀπιέναι·

447 1483 510 1532 εἰς
539 1481 808 1525 ἑπτάκλινον
839 1480 879 1523 δ’
906 1481 1043 1536 ἐστίν,
1075 1480 1133 1532 ὥς
1167 1481 1330 1537 ἔφραζέ
1355 1497 1454 1537 μοι,

446 1548 503 1593 ἂν
532 1550 590 1606 μὴ
623 1549 910 1606 παράβυστός
938 1564 1028 1593 που
1057 1549 1238 1606 γένηται
1268 1552 1526 1605 Χαιρεφων.

328 1645 554 1684 Athenaeus
586 1646 623 1693 6,
648 1645 760 1684 2430
794 1642 987 1695 Τιμόθεος
1019 1643 1206 1710 Κυναρίῳ
1236 1645 1316 1684 κτλ.
1385 1646 1421 1683 1.
1438 1637 1696 1714 πειρώμεσθ’
1717 1642 1771 1683 A.

217 1697 413 1740 ὑποδύντ’
439 1698 477 1748 ἐς
509 1701 647 1743 Cobet.
676 1702 725 1740 N.
755 1702 782 1740 1.
806 1700 879 1753 51]
914 1697 1128 1747 ἀποδόντες
1158 1703 1207 1741 Α.
1251 1695 1448 1739 ἆποδύντ’
1473 1698 1512 1747 ἐς
1545 1700 1767 1751 Schweigh.

217 1761 256 1798 2.
289 1756 361 1810 εἰς]
396 1755 437 1796 τὸ
468 1755 506 1796 δ’
539 1759 588 1799 Κ.
633 1771 709 1798 om.
743 1760 884 1808 postea
914 1754 970 1801 6'.
1058 1760 1096 1798 3.
1126 1754 1181 1797 ἀν
1210 1757 1449 1809 Sehweigh]
1483 1754 1554 1796 ἐὰν
1583 1758 1634 1797 A.

329 1816 377 1854 de
415 1814 700 1864 Ohaerephonte
736 1816 910 1865 parasito
948 1828 993 1855 eo
1033 1816 1119 1866 ipso
1159 1816 1287 1865 capite
1316 1814 1546 1854 Athenaeus
1576 1813 1772 1865 copiosius

215 1873 405 1923 disputat.
497 1874 532 1911 1.
565 1868 786 1922 ὑποδύντε,
823 1872 962 1920 furtim
991 1873 1036 1911 in
1064 1874 1221 1912 domum
1250 1873 1505 1912 convivatoris
1532 1872 1770 1911 invadentes.

216 1931 253 1970 3.
286 1929 436 1967 Athen.
470 1930 515 1979 6,
540 1930 657 1968 257a
695 1930 897 1969 καλεῖται.
947 1926 1296 1981 ,παράβυστος
1335 1926 1398 1967 διὰ
1436 1923 1478 1966 τὸ
1514 1925 1688 1966 καὶτῶν
1715 1923 1770 1978 μὴ

212 1982 597 2038 παραδεχομένων.
617 1984 904 2036 ,παραπίπτειν
933 1983 971 2031 ἐς
1001 1982 1070 2032 τὰς
1100 1982 1267 2036 ὁμιλίας.
1306 1985 1498 2035 Harpocr.
1515 1982 1772 2036 παραβύστου

281 2039 409 2082 ,κατὰ
438 2039 667 2107 μεταφορὰν
684 2038 774 2080 ’ἀπὸ
804 2047 884 2080 τῶν
914 2040 958 2081 ἕν
986 2044 1067 2089 τοῖς
1098 2041 1272 2094 φορτίοις
1292 2038 1630 2094 παραβυσμοῖτων,
1660 2053 1769 2079 τουτ-
1779 2049 1784 2053 ’

216 2096 297 2137 ἑστι
336 2095 730 2166 παραπληρωμοῖτων.
780 2111 824 2138 ac
862 2100 918 2139 sic
954 2099 1071 2138 Phot.
1110 2101 1150 2138 et
1189 2099 1343 2138 suidas.
1393 2098 1499 2137 Plut.
1530 2098 1629 2137 Mor.
1661 2097 1775 2137 6171'

216 2155 433 2206 Λαμπρίας
474 2153 515 2194 ἐκ
553 2152 811 2208 παραβύστου
846 2153 1088 2206 καθήμενος.
1156 2168 1238 2195 11011
1276 2157 1415 2211 ‘exstat
1455 2155 1496 2193 id
1533 2154 1770 2195 vocabulum

215 2213 321 2263 apud
351 2213 605 2263 antiquiores.

349 2335 828 2371 ΜΕΤΑΒΑΛΛΟΜΕΝΟΣ
866 2337 903 2369 Η
941 2334 1383 2370 ΜΕΤΑΦΕΡΟΜΕΝΟΣ
1423 2334 1633 2369 ΠΤΚΤΗΣ

787 2391 1196 2426 ΠΑΡΑΚΑΤΑΘΗΚΗ

329 2462 695 2503 Commemorantur
725 2477 747 2502 a
778 2463 911 2504 Suida.
962 2462 1134 2501 Meinek.
1165 2462 1186 2500 I
1214 2462 1309 2518 428.

761 2568 1220 2619 ΑΜΦΙΣΒΗΤΗΣΙΜΟΝ

980 2664 1007 2705 2

491 2739 623 2788 οὔθ’
648 2739 670 2783 ὁ
700 2741 922 2797 πτερωτὸς
953 2740 1044 2792 ἰξὸς
1074 2739 1285 2797 ὀμμάτων
1302 2738 1468 2822 ”Ερως,

513 2807 542 2851 6
567 2802 799 2864 Κύπριδος
826 2810 1044 2864 κυναγός,
1075 2806 1101 2863 ἡ
1133 2824 1318 2864 φρενων
1348 2806 1468 2862 ἆκις,

514 2873 538 2918 6
566 2875 626 2932 μὴ
655 2893 794 2919 τινων
823 2881 999 2920 θεοῖσιν
1029 2873 1197 2931 ὁρκίων
1227 2877 1366 2926 δίκας.
1430 2896 1435 2900 ⁴
