1864 3204
219 192 303 234 274
892 189 1110 230 ΑΝΑΞΙΛΑ

221 297 302 335 das.
382 291 462 348 ἀεὶ]
495 295 559 335 δεῖ
585 297 670 336 cod.
700 297 818 336 Phot.
854 319 902 323 —
933 297 984 335 cf.
1016 297 1140 335 Arist.
1173 297 1271 335 Rau.
1306 297 1411 335 1001
1447 298 1486 335 et
1514 292 1634 334 πλέον
1662 274 1780 335 ’πλέον

219 354 344 395 Arist.
377 353 483 392 Nub.
519 354 639 393 1288.
691 354 846 392 Alexid.
880 354 947 392 29.
983 354 1077 391 181.

752 475 957 510 ΑΔΗΛΩΝ
982 476 1250 509 ΔΡΑΜΑῚῺΝ

970 542 1025 584 33

422 611 468 652 οἱ
495 610 681 660 κόλακές
712 611 797 653 εἰσι
827 611 917 653 τῶν
949 608 1147 664 ἐχόντων
1177 608 1336 660 οὐσίας

425 678 664 733 σκώληκες.
713 680 774 729 εἰς
805 670 890 720 οὖν
920 676 1094 719 ἄκακον
1125 675 1375 731 ἀνθρώπου
1405 675 1575 732 τρόπον

424 744 576 797 εἰσδὺς
605 747 790 795 ἕκαστος
822 746 966 789 ἐσθίει
998 745 1276 800 καθήμενος,

423 815 506 865 ἕως
536 812 595 856 ἀν
625 813 776 869 ὥσπερ
807 812 957 869 πυρὸν
988 812 1201 868 ἀποδείξῃ
1232 813 1381 855 κενόν.

371 893 392 923 5
423 880 572 925 ἔπειθ’
599 880 622 924 ὁ
652 882 735 936 μεν
766 880 892 936 λέμμ’
919 881 1057 936 ἐστίν,
1091 878 1114 923 ὁ
1144 879 1188 922 δ’
1210 880 1367 935 ἕτερον
1398 879 1565 923 δάκνει.

334 967 560 1005 Athenaeus
593 967 630 1013 6,
651 965 732 1003 254
750 978 770 1004 c
800 960 860 1017 (οἱ
885 961 1071 1015 κόλακες)
1103 964 1250 1010 ζῶντας
1281 961 1336 1001 ἔτι
1366 961 1458 1009 τοὺς
1488 955 1670 1015 ἀγαθούς
1700 966 1782 1001 τῶν

219 1021 384 1075 ἀνδρων
413 995 686 1090 κατεσθίούσι.
738 1019 835 1071 φησὶ
864 1025 963 1073 γοῦν
991 1018 1059 1059 καὶ
1087 1016 1291 1068 Ἀναξίλας
1321 1019 1777 1067 κτλ.Ε1131;3.1;111118952,

224 1079 492 1120 51.1.οἱ“
518 1076 565 1131 C]
597 1076 694 1117 ε’νιοι
726 1079 772 1117 A.
804 1079 909 1116 unde
940 1074 982 1116 ἕν
1008 1074 1081 1115 Ἰοῖ
1107 1078 1239 1128 Mein,
1272 1075 1316 1115 ἐν
1345 1077 1478 1127 Νηρεῖ
1502 1077 1639 1116 Dindf.
1708 1072 1782 1115 εἰσὶ

221 1138 334 1176 Eusss.
366 1139 456 1187 post
485 1133 634 1182 οὐσίας.
733 1137 770 1175 3.
799 1131 1066 1185 ’γκαθήμενος
1097 1134 1303 1173 Herwerd.
1335 1134 1438 1174 Nov.
1469 1134 1558 1172 add.
1590 1134 1678 1172 erit.
1712 1134 1780 1172 29.

223 1195 262 1232 5.
295 1191 428 1243 ἕτερον
458 1189 595 1231 ὁακνει
627 1190 812 1244 Casaub]
843 1189 1096 1242 ἓτεροὸακνεῖ
1121 1192 1156 1229 A
1186 1194 1226 1230 et
1254 1191 1370 1229 Eust.

469 1381 760 1436 ἀπιστότερος
791 1378 832 1423 εἷ
859 1383 950 1423 τῶν
981 1381 1176 1434 κοχλιῶν
1206 1381 1358 1435 πολλῷ
1389 1381 1535 1433 πάνυ,

470 1467 511 1492 οι
543 1447 841 1505 περιφέρουσ’
865 1445 945 1490 ὑπ’
970 1446 1175 1497 ἀπιστίας
1204 1446 1281 1497 τὰς
1311 1448 1465 1497 οἰκίας.

335 1535 563 1574 Athenaeus
586 1536 622 1582 2,
639 1535 724 1573 633.
748 1528 932 1577 Ἡσίοδος
965 1528 1007 1569 δὲ
1037 1527 1108 1569 τὸν
1137 1529 1298 1587 κοχλίαν
1327 1527 1535 1580 φερέοικον
1554 1531 1676 1567 καλεῖ.
1716 1526 1783 1568 καὶ

217 1588 430 1639 Ἀναξίλας
461 1589 503 1627 δὲ
532 1592 613 1631 κτλ
706 1592 742 1628 1.
773 1584 1047 1639 ἀπιστότερος,
1078 1589 1103 1626 i.
1128 1601 1159 1626 e.
1190 1587 1309 1637 ἡττον
1338 1585 1470 1633 ἄλλοις
1501 1585 1638 1625 πίστιν
1667 1583 1780 1636 ἔχων.

974 1699 1030 1741 35
1093 1755 1167 1797 καὶ
1199 1756 1292 1804 πῶς
1322 1752 1463 1809 γυνή,

519 1823 670 1880 ὥσπερ
701 1825 928 1878 θάλαττα,
959 1825 1101 1878 νῆσον
1131 1821 1455 1877 ἀμφιέννυται;

334 1909 478 1948 Pollux
518 1909 563 1957 7,
587 1909 653 1946 52.
676 1909 700 1947 3
741 1904 786 1945 τά
826 1903 871 1945 δὲ
910 1904 1107 1957 περίνησα
1145 1902 1394 1956 πρόκροσσόν
1439 1901 1518 1942 ἐστι
1562 1902 1781 1955 περίβλημα

220 1964 311 2017 ἕχον
341 1963 387 2004 τὰ
417 1960 573 2015 νήματα
604 1961 866 2014 ἐξηρτημένον
898 1960 927 2014 ἢ
955 1959 1140 2013 πορφύρα
1171 1960 1304 2015 κύκλῳ
1325 1958 1372 2000 τὰ
1394 1958 1483 2011 τέλη
1505 1966 1575 1999 τοῦ
1593 1956 1780 2012 ὑφάσμα-

219 2036 283 2069 τος
314 2019 554 2092 περιέρχεται
583 2021 710 2072 νήσου
742 2025 871 2071 σχῆμα
901 2024 1071 2058 ποιοῦσα
1102 2023 1149 2071 τῇ
1169 2024 1362 2087 περιρροῇ
1377 2022 1448 2056 τοῦ
1467 2013 1678 2086 χρώματος.
1711 2015 1781 2056 καὶ

220 2076 329 2117 τοῦτ’
355 2078 450 2125 ἴσως
481 2083 608 2128 νησον
634 2075 840 2124 Ἀναξίλας
870 2074 1079 2126 ἀπεκάλει,
1110 2075 1146 2113 εἰ
1171 2073 1226 2125 μὴ
1256 2070 1389 2126 ἕτερόν
1410 2088 1446 2112 τι
1464 2072 1634 2125 ύφασμα
1654 2073 1780 2123 δηλοῖ,

219 2134 315 2174 ὅταν
345 2135 438 2189 εἴπῃ
468 2137 547 2173 κτλ.
613 2130 791 2172 θάλαττα
821 2132 962 2183 Mein]
993 2130 1212 2172 θάλατταν.
1247 2153 1298 2158 --
1330 2145 1380 2170 ne
1411 2132 1466 2170 sic
1497 2131 1657 2181 quidem
1687 2144 1781 2181 qua-

222 2194 311 2231 drat
341 2192 595 2243 comparatio.
646 2205 737 2230 nam
768 2203 877 2229 mare
908 2190 1077 2229 insulam
1109 2189 1254 2239 cingit,
1287 2201 1367 2227 non
1397 2188 1572 2238 cingitur
1600 2189 1742 2227 insula.

973 2301 1028 2343 36

451 2381 504 2424 τά
536 2383 585 2424 δὲ
617 2378 757 2437 σφύρ’
784 2378 891 2422 ὤὸει
921 2381 1096 2434 μᾶλλον
1125 2374 1153 2433 ἢ
1185 2375 1343 2427 σικυὸς
1373 2375 1540 2420 πέπων

334 2466 563 2505 Athenaeus
595 2466 634 2515 2,
654 2465 744 2503 68d
771 2459 978 2510 Ἀναξίλας
1008 2461 1370 2500 κτλ.Ε1131;ε,1;111115
1401 2461 1574 2507 211,14
1603 2473 1682 2499 0111.
1712 2473 1779 2498 no·

220 2524 327 2562 mine
358 2523 545 2562 auctoris.
633 2518 677 2558 δὲ
708 2534 784 2559 0111.
816 2521 929 2559 Eust.
1017 2512 1140 2569 σφύρ’
1174 2515 1332 2569 Dindf.]
1363 2514 1508 2586 σφυρὰ.

975 2630 1029 2672 37

392 2706 494 2767 φέρ’
519 2706 619 2753 αὔτ’
644 2709 828 2759 ἀνύσας.
879 2711 928 2751 Β.
962 2706 1057 2750 ἀλλ’
1083 2709 1176 2750 ἔστι
1206 2705 1443 2760 πενθηρόν
1473 2704 1607 2747 πάνυ.

333 2795 547 2833 Herodian.
577 2794 597 2832 Ι
630 2793 788 2842 197,15
819 2792 958 2830 Lentz.
989 2787 1192 2841 πενθηρός
1224 2787 1286 2828 ἐπὶ
1316 2787 1474 2839 ἱματίου
1503 2785 1669 2838 μέλανος
1700 2785 1777 2839 ἔφη

222 2850 422 2899 Αναξίλας
452 2853 531 2890 κτλ.
583 2851 688 2888 idem
719 2850 738 2887 I
769 2849 869 2897 530,
894 2850 957 2886 19.
989 2848 1029 2885 ΙΙ
1063 2849 1127 2897 15,
1151 2848 1203 2885 22
1235 2846 1304 2897 (cf.
1337 2845 1511 2884 Cramer.
1534 2845 1681 2883 Aneed.
1705 2844 1778 2884 Ox.
