1864 3204
657 212 822 247 ΤΙΤΘΑῙ
847 231 890 237 -
916 212 1173 247 ΧΡἝΣῙΛΑΑ
1617 210 1702 252 205

829 314 1003 351 ΦΟΙΝΙΞ

883 394 965 435 114

343 473 418 516 καὶ
447 488 535 528 γαρ
566 469 590 514 ὁ
617 487 736 522 ταως
766 469 841 515 διὰ
870 469 922 514 τὸ
952 468 1148 514 σπάνιον
1178 472 1467 528 θαυμάζεται.

249 556 478 596 Athenaeus
509 557 547 604 9,
572 555 721 595 397ab
752 551 814 593 ὅτι
844 550 1011 601 σπάνιος
1042 548 1158 601 ουτος
1189 550 1210 591 ὁ
1241 552 1351 606 ὄρνις
1383 552 1501 605 δηλοῖ
1518 583 1527 592 .
1551 584 1560 593 .
1585 551 1698 593 ,Εὕ-

135 613 279 665 βουλος
309 610 354 652 ἐν
376 612 536 651 Φοίνικι
567 614 647 654 κτλ,
699 605 804 657 ταως
826 608 965 664 Mein]
987 625 1088 658 ταως
1110 613 1158 650 Α.
1207 611 1427 660 Athenaei,
1458 624 1538 651 non
1561 614 1699 662 poetae

134 670 258 710 verba
286 683 372 710 esse
402 670 631 720 suspicatur
658 669 806 708 Naber.
836 669 984 707 Mnem.
1014 681 1109 708 nov.
1142 668 1242 707 VIII
1274 669 1370 707 247

805 791 1020 826 ΧΑΡΙΤΕΣ

883 870 963 912 115

338 947 413 992 καὶ
442 947 529 1004 γὰρ
561 948 687 1006 πόσῳ
718 948 928 1002 κάλλιον,
962 948 1174 1003 ἱκετεύω,
1205 949 1390 1005 τρέφειν

337 1016 588 1072 ἄνθρωπόν
619 1015 714 1060 ἐστ’
747 1014 996 1072 ἄνθρωπον
1007 1049 1019 1072 ,
1053 1013 1111 1059 ἂν
1140 1018 1216 1073 ἔχῃ
1247 1019 1376 1072 βίον,

335 1083 366 1141 ἢ
395 1088 510 1141 χῆνα
539 1086 867 1140 πλατυγίζοντα
898 1086 973 1128 καὶ
1003 1085 1245 1142 κεχηνότα,

339 1150 368 1210 ἢ
399 1153 653 1208 στρουθόν,
685 1151 714 1209 ἢ
744 1154 967 1210 πίθηκον,
1000 1153 1247 1209 ἐπίβουλον
1277 1153 1434 1196 κακόν.

243 1237 475 1276 Athenaeus
508 1237 573 1286 12,
596 1238 708 1276 519a
738 1233 815 1287 ἔφη
845 1234 1055 1288 Εὔβουλος
1086 1233 1107 1275 ὁ
1139 1233 1314 1285 κωμικὸς
1345 1233 1389 1274 ἐν
1419 1231 1597 1288 Χάρισιν
1626 1233 1699 1275 οὕ-

132 1307 207 1340 τως
238 1295 320 1333 κτλ.
415 1294 454 1332 2.
491 1288 548 1332 ἂν
583 1290 653 1347 ἔχῃ
690 1292 781 1345 βίον
811 1307 888 1333 om.
922 1293 962 1334 C.
1003 1316 1054 1322 --
1092 1293 1319 1344 adpellatur
1357 1293 1501 1344 aliquis
1531 1294 1600 1344 qui
1629 1296 1700 1333 aut

133 1351 218 1401 ipse
248 1350 548 1390 matrimonium
585 1351 847 1401 pertinaciter
887 1351 1148 1391 aversabatur
1185 1352 1256 1389 aut
1284 1350 1368 1389 filio
1399 1351 1700 1390 matrimonium

133 1408 234 1446 inire
263 1420 346 1447 non
375 1407 645 1458 permittebat.
739 1410 774 1446 1.
807 1420 896 1446 cum
929 1408 1164 1447 exclamatio
1196 1409 1269 1457 sit,
1310 1420 1392 1446 non
1422 1408 1698 1459 interrogatio,

131 1476 293 1514 prorsus
323 1464 560 1503 inusitatum
590 1468 652 1504 est
678 1461 793 1518 πόσῳ
823 1478 895 1515 pro
925 1461 1028 1518 οσῳ,
1067 1468 1114 1504 ut
1153 1465 1332 1503 dubitem
1363 1477 1413 1502 an
1445 1464 1699 1503 scribendum

131 1523 185 1559 sit
213 1519 280 1560 καὶ
307 1517 481 1571 πάτερ,
520 1515 611 1574 ὅσῳ.
661 1519 824 1560 ἱκετεύω
855 1522 1059 1566 absolute,
1102 1523 1149 1560 ut
1185 1517 1403 1572 αντιβολῶ,
1443 1521 1566 1560 Arist.
1598 1522 1699 1560 Ran.

133 1578 228 1617 745.
268 1578 375 1620 Eccl.
410 1579 533 1618 1071.
572 1560 674 1619 ‘Plan
696 1591 794 1620 com.
817 1579 911 1618 191.
958 1578 1170 1618 Philetaer.
1204 1580 1252 1627 7,
1278 1581 1312 1620 1.
1403 1579 1441 1617 2.
1472 1573 1528 1616 ἄν
1557 1575 1699 1631 ἐ’χῃ,ο

97 1639 101 1642 ’
131 1631 288 1686 τρέφων
318 1632 511 1685 δηλονότι.

781 1746 1040 1780 ΧΡΤΣΙΛΛΑ

246 1816 436 1855 Meretrix
467 1816 551 1855 sine
574 1816 695 1855 dubio
716 1816 988 1867 intellegenda
1009 1818 1089 1860 est,
1122 1816 1190 1856 sed
1212 1816 1367 1855 diversa
1387 1815 1436 1854 ab
1465 1816 1548 1867 illa,
1582 1829 1699 1866 quam

122 1872 352 1922 ,Teleclides
381 1874 666 1912 commemorat
694 1873 744 1911 fr.
780 1874 849 1912 17.
888 1873 1009 1912 Mein.
1040 1873 1062 1911 I
1082 1874 1178 1912 367.

814 1983 907 2026 116.
942 1984 1020 2026 117

1151 2076 1288 2111 κακος

337 2132 486 2180 κακῶς
515 2128 731 2173 ἀπόλοιθ’
764 2128 884 2180 ὅστις
911 2136 1108 2184 γυναῖκα
1140 2129 1351 2185 δεύτερος

337 2199 491 2253 ἔγημε·
526 2196 608 2241 τὸν
635 2196 722 2253 γὰρ
754 2200 935 2253 πρῶτον
965 2195 1051 2240 οὐκ
1086 2195 1174 2253 ἐρῶ
1207 2201 1376 2248 κακῶς·

337 2263 361 2307 ὁ
389 2266 473 2322 μὲν
502 2265 592 2322 γὰρ
622 2258 680 2322 ἦν
710 2264 919 2320 ἄπειρος,
951 2262 1095 2321 οἶμαι,
1127 2267 1209 2307 τοῦ
1239 2268 1406 2320 κακοῦ,

284 2343 305 2373 5
337 2330 361 2375 ὁ
390 2331 433 2376 δ’
465 2328 566 2377 οἷον
595 2328 655 2389 ἦν
684 2331 800 2389 γυνη
834 2333 980 2376 κακὸν
1010 2334 1295 2389 πεπυσμένος

337 2449 371 2499 ὦ
403 2460 494 2500 Ζεῦ
523 2455 805 2512 πολυτίμητ’,
838 2454 920 2500 εἶτ’
954 2456 1042 2512 ἐγώ
1073 2460 1224 2508 κακῶς
1253 2472 1362 2500 ποτε

340 2525 430 2579 ἐρῶ
458 2533 701 2580 γυναῖκαςς
734 2523 789 2579 νὴ
821 2524 900 2567 Δί’
932 2523 1184 2581 ἀπολοίμην
1215 2523 1324 2581 ἄρα,

338 2592 522 2635 πάντων
552 2591 740 2648 ἄριστον
770 2592 1021 2648 κτημάτων.
1085 2593 1128 2636 εί
1154 2591 1199 2635 δ’
1231 2594 1410 2648 ἐγένετο

338 2658 452 2715 κακὴ
481 2661 596 2717 γυνὴ
633 2660 839 2715 Μήδεια,
870 2661 1117 2717 Πηνελόπη
1148 2661 1200 2703 δέ
1225 2676 1276 2715 γε

258 2736 300 2767 10
329 2725 441 2782 μέγα
471 2726 655 2783 πρᾶγμ’.
719 2728 816 2783 ἐρεῖ
840 2744 907 2780 τις
932 2726 991 2778 ὦς
1021 2728 1400 2783 Κλυταιμνήστρα
1431 2729 1568 2783 κακή·

327 2793 569 2850 ’Ἄλκηστιν
598 2793 826 2851 ἀντέθηκα
856 2798 1069 2852 χρηστήν.
1131 2794 1231 2837 ἀλλ’
1263 2799 1370 2844 ἴσως

262 2908 264 2914 f
343 2863 550 2917 Φαίδραν
581 2862 679 2918 ἐρεῖ
704 2866 852 2915 κακῶς
882 2880 965 2914 τις·
1007 2862 1122 2906 ἀλλὰ
1153 2861 1212 2918 νὴ
1242 2865 1332 2906 Δία
