1806 3216
201 257 285 299 522
827 254 1130 288 ΦΙΛΗΜοΝοΣ

203 366 282 399 τῶν
312 362 382 408 τῆς
414 357 504 404 νέας
536 354 754 410 κωμῳδίας.
808 359 858 396 cf.
880 359 947 397 49.
980 357 1193 396 Herodian.
1226 358 1245 395 Ι
1268 358 1360 403 178,
1384 359 1422 398 7.
1453 357 1493 395 II
1523 357 1619 405 940,
1640 356 1679 395 4.
1701 378 1756 384 -

203 430 368 467 persona
406 417 515 465 prior
554 416 771 454 orationem
802 427 882 453 non
913 413 1069 452 finivit:
1112 414 1222 452 deest
1251 414 1357 451 enim
1388 413 1552 452 verbum
1582 413 1753 452 finitum.

202 474 448 512 simillimum
480 474 540 510 est
571 472 793 510 diverbium
826 470 944 520 Soph.
978 469 1098 509 OCol.
1131 471 1374 518 473-482,
1408 469 1475 508 'ubi
1507 470 1675 509 maxime
1703 470 1754 512 cf,

202 531 296 579 473,
329 529 391 567 cui
422 528 579 579 signum
610 529 855 577 interruptae
887 527 1078 566 orationis
1109 527 1333 565 addendum
1365 529 1444 577 est,
1475 527 1571 566 475.
1603 527 1643 566 9.

937 637 1016 679 143
1091 644 1094 647 ’

447 717 643 771 χαλεπόν
672 715 715 771 γ’
739 714 962 772 ἀκροατὴς
993 714 1211 764 ἀσύνετος
1240 717 1516 771 καθήμενος·

445 783 533 827 ὑπὸ
565 781 650 839 γὰρ
681 782 837 834 άνοίας
867 782 949 839 οὐχ
980 781 1140 826 ἑαυτὸν
1170 783 1402 839 μέμφεται.

314 879 521 928 Theophil.
552 878 686 917 Autol.
720 880 757 926 3,
776 878 892 918 3851}
923 872 1108 926 καθάπερ
1137 875 1204 916 καὶ
1233 873 1254 916 ὁ
1285 877 1475 928 Φιλήμων
1504 878 1585 916 κτλ.
1647 880 1684 917 1.
1714 873 1755 929 γ’

201 936 292 974 add.
325 936 549 999 Dobraeus,
567 949 639 1002 Ρτις,
664 938 781 1003 ἴ(383(θῆ
804 936 1187 1004 proceleusmaticus.
1238 936 1284 974 cf.
1316 935 1470 1001 ῌαιιον.
1501 935 1636 973 Exerc.
1666 935 1755 974 crit.

204 994 297 1031 151.
387 994 427 1030 2.
459 1005 529 1042 ουχ
561 1005 704 1030 εαυτον
734 1005 949 1042 μεμφεται,
980 993 1076 1030 αλλα
1110 1005 1178 1030 τον
1206 1005 1387 1042 ποιητήν.

938 1103 1018 1144 144

373 1168 493 1223 παρὰ
525 1171 607 1212 τοῦ
636 1171 855 1224 βασιλέως
883 1168 1114 1226 γράμμαθ’
1140 1169 1235 1224 ἥκει
1267 1180 1359 1222 σοι,
1392 1168 1543 1224 Μάγα.

372 1241 420 1279 Β.
453 1237 591 1292 Μάγα
623 1238 915 1293 κακόδαιμον,
947 1237 1170 1293 γράμματ’
1194 1235 1276 1279 οὐκ
1308 1237 1553 1290 ἐπίστασαι.

319 1333 555 1371 Plutarchus
577 1333 675 1373 Mor.
687 1333 801 1372 458a
830 1329 930 1370 καλὰ
961 1330 1005 1370 δὲ
1033 1329 1120 1372 καὶ.
1169 1328 1317 1382 ,Μάγα
1349 1346 1393 1368 τα
1424 1324 1520 1382 πρὸς
1541 1328 1758 1382 Φιλήμονα.

207 1388 402 1454 δημοσία
423 1382 497 1440 γάρ
541 1384 614 1426 ὑπ’
653 1383 778 1427 αὐτοῦ
817 1385 1073 1455 (Φιλήμονος)
1114 1386 1372 1440 κωμῳδηθεὶς
1411 1385 1455 1426 ἐν
1483 1386 1639 1453 θεάτρῳ
1674 1390 1757 1427 κτλ.

203 1440 337 1496 λαβὼν
381 1439 459 1483 ὑπὸ
503 1449 692 1495 χειμῶνος
738 1445 793 1492 εἰς
826 1441 1095 1496 Παραιτόνιον
1139 1442 1395 1495 ἐξενεχθέντα
1438 1443 1652 1513 στρατιώτῃ
1686 1441 1760 1495 μὲν

205 1498 382 1541 ἐκέλευσε
412 1507 544 1569 γυμνῇ
575 1506 621 1555 τῇ
650 1501 821 1555 μαχαίρα
853 1505 986 1554 θιγεῖν
1015 1507 1086 1540 τοῦ
1107 1497 1299 1552 τραχήλου
1318 1500 1460 1551 μόνον,
1491 1495 1571 1540 εἶτα
1591 1500 1760 1552 κοσμίως

202 1554 408 1599 ἀπελθεῖν.
448 1554 716 1610 ἀστραγάλους
748 1555 792 1596 δὲ
821 1557 889 1597 καὶ
919 1562 1096 1609 σφαῖραν
1126 1555 1179 1605 ὡς
1200 1557 1399 1610 παιδαρίῳ
1420 1557 1520 1596 νοῦν
1540 1554 1613 1596 οὐκ
1634 1556 1760 1609 ἔχοντι

204 1612 494 1667 προσέπεμψεν.
561 1616 666 1654 idem
697 1616 809 1655 449e
846 1611 866 1653 ὁ
906 1613 950 1653 δὲ
979 1612 1169 1670 (Μάγας)
1208 1619 1261 1669 τῷ
1289 1611 1482 1665 Φιλήμονι
1519 1612 1589 1653 τὸν
1618 1613 1762 1666 δήμιον

207 1669 414 1711 ἐκέλευσεν
459 1670 522 1710 ἐπὶ
559 1669 627 1710 τὸν
663 1669 854 1723 τράχηλον
891 1669 1092 1711 ἐπιθεῖναι
1129 1669 1288 1723 γυμνὴν
1325 1669 1397 1722 τὴν
1430 1669 1643 1722 μάχαιραν,
1686 1665 1756 1710 εἶτ’

205 1725 382 1777 ἀφεῖναι.
473 1731 509 1766 2.
542 1725 713 1795 Μάγας,
744 1728 1079 1780 κακόδαιμον,-
1101 1726 1300 1767 ἐπίσταται
1331 1728 1525 1776 Clericus,
1557 1729 1667 1767 nulla
1693 1741 1759 1768 ne-

206 1786 406 1825 cessitate.
439 1786 482 1825 Β,
507 1783 655 1837 Μάγα,
679 1784 935 1836 κακόδαιμον,
957 1809 1011 1813 —-
1025 1784 1227 1824 ἐπίσταται
1248 1785 1400 1835 Haupt.
1420 1784 1564 1835 Opusc.
1586 1785 1648 1824 III
1663 1786 1759 1824 554.

318 1843 395 1881 duo
417 1842 553 1893 Magas
577 1844 734 1881 constat
763 1843 901 1882 fuisse.
941 1857 963 1880 a
983 1843 1211 1882 Philemone
1243 1842 1488 1892 significatur
1505 1843 1602 1881 natu
1622 1842 1759 1893 maior,

206 1899 404 1950 Philippi,
438 1899 547 1938 ducis
578 1899 841 1950 Macedonici,
873 1902 913 1938 et
943 1900 1172 1950 Berenices,
1203 1900 1343 1950 postea
1371 1898 1585 1938 Ptolemaei
1614 1898 1759 1947 uxoris,

204 1955 330 2006 filius,
375 1956 548 2006 Cyrenes
585 1956 827 2006 praefectus,
873 1957 939 2007 qui
982 1959 1120 1995 contra
1156 1956 1426 1995 Ptolemaeum
1455 1955 1759 2005 Philadelphum

206 2012 283 2051 duo
325 2013 429 2052 bella
457 2013 603 2063 gessit,
645 2026 681 2052 a.
714 2014 794 2051 258
825 2027 859 2052 a.
890 2013 981 2053 Chr.
1020 2013 1194 2063 corporis
1233 2012 1494 2052 crassitudine
1532 2012 1758 2051 suffocatus.

202 2068 320 2111 Paus.
347 2072 382 2119 1,
407 2071 453 2115 6,
467 2071 492 2108 8
525 2067 713 2120 Κυρήνης
743 2064 971 2118 ἀποστάσης
1002 2067 1151 2121 Μάγας
1181 2068 1446 2120 Βερενίκης
1476 2066 1583 2115 υιὸς
1615 2068 1759 2106 Πτολε-

204 2123 306 2177 μαίῳ
336 2122 419 2165 τότε
450 2125 716 2176 συνοικούσης
748 2124 823 2164 ε’τει
853 2123 1027 2194 πέμπτῳ
1047 2124 1142 2176 μετὰ
1173 2121 1246 2175 τὴν
1274 2122 1496 2163 ἀπόστασιν
1525 2119 1603 2164 εἷλε
1624 2122 1759 2175 Κυρή-

204 2195 293 2231 νην.
355 2183 398 2230 7,
425 2183 444 2219 1
465 2195 522 2232 sq.
555 2179 704 2233 Μάγας
735 2179 778 2221 δὲ
807 2177 979 2232 ἀδελφὸς
1009 2179 1243 2233 ὁμομήτριος
1274 2179 1522 2232 Πτολεμαίου
1550 2178 1657 2233 παρὰ
1687 2182 1759 2219 Βε-

202 2237 359 2288 ρενίκης
397 2241 468 2288 τῆς
505 2236 653 2289 μητρὸς
690 2235 874 2286 ἀξιωθεὶς
915 2235 1184 2291 ἑπιτροπευειν
1222 2236 1506 2290 Κυρήνην..
1531 2234 1759 2289 ἀποστήσας

203 2294 452 2344 Πτολεμαίου
475 2294 730 2346 Κυρηναίους
759 2293 938 2346 ἤλαυνεν
968 2292 1032 2335 ἐπ’
1056 2294 1279 2348 Αἴγυπτον.
1309 2295 1593 2346 Agatharchid.
1614 2294 1760 2334 Athen.

207 2352 270 2402 12,
293 2352 452 2391 550bc.
485 2353 670 2404 Polyaen.
705 2354 742 2401 2,
768 2354 833 2392 28.
875 2354 1070 2404 Droysen.
1104 2353 1338 2402 Hellenism.
1368 2352 1388 2390 Ι
1418 2352 1513 2390 417.
1538 2352 1577 2391 8.
1607 2350 1648 2390 11
1678 2350 1758 2389 242

942 2463 1021 2505 145

476 2530 530 2573 οὐ
561 2530 667 2581 τοὺς
696 2517 871 2586 ἀώρους
901 2527 1003 2573 εἶπά
1034 2541 1126 2584 σοι,
1157 2515 1392 2585 μαστιγία,

477 2599 619 2650 πόδας
649 2601 892 2655 πρίασθαις
925 2596 981 2640 σύ
1013 2598 1061 2640 δὲ
1093 2597 1244 2652 φέρεις
1273 2594 1526 2647 ὀπισθίους.

316 2682 485 2721 Bekker.
518 2683 665 2721 Anecd.
700 2682 870 2732 476,14
908 2678 1032 2732 ἄωροι
1061 2677 1205 2730 πόδες,
1236 2678 1276 2717 οἱ
1303 2676 1588 2731 ἒμπρόσθιοι..
1609 2676 1760 2729 ,Φιλή-

203 2754 290 2790 μων
319 2739 692 2778 κτλ.Ει131;8,1;11ἰι18
725 2739 854 2786 1715,
878 2740 929 2776 23
969 2734 1042 2776 εἰσὶ
1073 2733 1118 2775 δὲ
1147 2736 1186 2774 οἳ
1216 2730 1304 2782 τοὺς
1336 2732 1603 2787 ἐμπροσθίους
1633 2732 1761 2782 πόδας

203 2793 358 2847 ἀώρους
388 2794 501 2845 φασί,
531 2792 717 2846 φέροντες
748 2791 813 2832 καὶ
844 2799 984 2845 χρῆσιν
1014 2798 1083 2832 τοῦ
1113 2798 1290 2843 κωμικοῦ
1311 2790 1489 2839 εἰπόντος
1510 2793 1592 2830 κτλ.
1625 2791 1756 2831 Schol.

205 2853 347 2903 odyss.
373 2854 437 2902 12,
451 2853 519 2891 89.
612 2854 646 2889 1.
678 2845 770 2889 εἶπά
800 2848 881 2903 σοι]
911 2845 1024 2898 εἶπας
1055 2851 1168 2889 Eust.
1218 2862 1292 2889 om.
1322 2847 1519 2901 μαστιγία.
1599 2849 1637 2888 2.
1668 2847 1759 2898 πρί-

205 2907 350 2962 ασθαι]
380 2907 553 2959 κομίζειν
582 2908 860 2950 Eust.Sch01.
