1864 3204
487 228 642 264 ΛιΝοΣ
666 247 709 254 -
733 227 1254 264 MANAPAPOPIZOMENH
1292 240 1297 245 ·
1577 226 1661 277 347

844 330 923 374 137

863 409 914 452 αἰ
940 409 989 452 δὲ
1019 409 1176 459 παῖδες
1206 409 1428 465 παρέχεον

329 478 357 536 ἡ
386 480 471 534 μὲν
500 477 550 522 τὸ
579 479 770 534 θερμόν,
801 476 829 534 ἡ
860 475 904 520 δ’
928 476 1055 532 ἑτέρα
1084 477 1135 520 τὸ
1165 477 1424 534 μετάκερας.

209 575 437 615 Athenaeus
467 573 652 623 3,123e
690 569 734 611 τὸ
771 569 816 611 δὲ
853 569 1016 624 χλιαρὸν
1053 566 1162 623 ὕδωρ
1197 566 1407 622 Ἀθηναῖοι
1444 569 1661 622 μετάκερας

97 634 291 671 καλοῦσιν
308 662 317 671 .
336 661 345 671 .
365 629 535 679 ,Ἄλεξις
565 627 610 668 ἐν
640 631 816 681 Λοκροῖς
845 630 927 668 κτλ.
1016 626 1061 667 τὸ
1089 625 1302 679 μετάκερας
1333 629 1464 668 Bentl.
1489 629 1658 668 Philem.

96 702 134 740 p.
159 689 256 740 113]
287 685 514 740 μετάκερας.
565 687 759 727 ‘fortasse
788 682 908 738 ἁτέρα
939 682 984 725 δὲ
1012 683 1257 738 μετάκερας.’
1291 686 1429 726 Dindf.
1482 686 1533 726 cf.
1565 686 1658 725 Phi-

97 746 185 798 lyll.
219 747 287 788 32.

842 796 924 840 138

370 855 645 911 ναυκληρεῖν
714 911 718 913 q

209 934 299 977 ἀντὶ
339 942 409 977 τοῦ
447 936 573 984 οἰκίας
613 934 833 984 δεσπόζειν.
878 934 1032 985 ’Ἄλεξις
1061 938 1250 990 Λοκροῖς.
1301 936 1473 976 Bekker.
1505 936 1659 975 Anecd.

100 997 272 1046 109,19.
310 995 478 1034 Photius
510 996 768 1045 ναυκληρεῖν·
799 991 867 1033 καὶ
896 991 938 1033 τὸ
970 992 1096 1040 οἰκίας
1128 989 1347 1041 δεσπόζειν.
1371 991 1537 1041 Ἄλεξις,
1579 1006 1659 1032 me-

99 1054 176 1093 lius
206 1053 496 1120 interpretatur
525 1052 759 1102 Harpocrat.
785 1049 1055 1103 ναύκληρος..
1074 1048 1160 1090 ,καὶ
1182 1048 1245 1090 ἐπὶ
1265 1055 1335 1090 τοῦ
1354 1048 1662 1101 μεμισθωμένου

97 1107 163 1149 ἐπὶ
199 1114 254 1164 τῷ
291 1106 337 1148 τὰ
370 1105 519 1147 ἕνοίκια
550 1106 721 1159 ἐκλέγειν
750 1104 780 1160 ἢ
809 1107 938 1156 οἰκίας
967 1104 995 1159 ἢ
1024 1119 1076 1146 σι
1068 1106 1246 1176 ζνοικίας.
1306 1107 1477 1147 Bekker.
1509 1107 1660 1146 Anecd.

98 1167 193 1217 282,
218 1149 272 1206 10
301 1161 580 1217 ναύκληρος..
598 1164 814 1216 ,σημαίνει
842 1163 910 1205 καὶ
938 1162 1009 1204 τὸν
1038 1179 1085 1202 τα
1116 1162 1266 1204 ἐνοίκια
1297 1169 1367 1216 τῆς
1397 1162 1525 1210 οἰκίας
1555 1161 1662 1202 ἐκλέ-

97 1236 228 1276 γοντα.
289 1223 462 1274 Hesych.
494 1220 738 1275 ναύκληρος·
771 1217 793 1261 ὁ
825 1221 1031 1271 συνοικίας
1062 1220 1277 1274 προεστώς.
1334 1222 1383 1261 cf.
1417 1221 1588 1272 Sannyr.
1623 1222 1660 1262 6.

746 1346 1005 1380 ΑΤΚῙΣΚΟΣ

210 1417 452 1456 Archontem
484 1416 549 1456 Ol.
574 1418 667 1466 109,
693 1418 712 1454 1
747 1415 1118 1469 (Pseudodemostb.
1142 1416 1209 1467 58,
1232 1411 1306 1470 28)
1337 1415 1552 1467 significari
1582 1428 1663 1454 non

102 1474 352 1514 crediderim.
846 1527 925 1570 139

212 1611 440 1650 Athenaeus
475 1611 538 1660 13,
561 1610 678 1650 595d
707 1605 945 1660 μνημονεύει
976 1605 1014 1647 δ’
1037 1604 1162 1659 αὐτῆς
1194 1607 1564 1662 (Πυθιονίκης)
1597 1606 1664 1647 καὶ

90 1665 242 1715 ’Ἀλεξις
272 1664 317 1705 ἐν
337 1665 544 1720 Λυκίσκῳ,
574 1667 742 1707 fortasse
772 1680 852 1706 una
879 1680 968 1706 eum
989 1667 1181 1717 Harpalo.
1221 1666 1270 1706 cf.
1293 1662 1458 1705 Diodor.
1485 1667 1548 1714 17,
1569 1667 1661 1705 108.

99 1724 268 1764 Philam.
305 1726 367 1764 16.

842 1778 920 1819 140

373 1833 590 1890 ζῳδάριον

206 1903 357 1953 ’Ἀλεξις
389 1904 593 1959 Λυκίσκῳ.
641 1905 814 1945 Bekker.
845 1905 995 1944 Anecd.
1027 1906 1095 1956 98,
1119 1907 1157 1945 2.

623 2028 1146 2063 ΜΑΝΔΡΑΓΟΡῙΖΟΜΕΝΗ

217 2098 414 2161 Theophr.
444 2098 496 2138 H
526 2099 584 2149 pl.
616 2100 654 2149 9,
677 2100 715 2150 9,
740 2101 761 2137 1
796 2101 863 2137 τοῦ
891 2113 965 2151 γαρ
993 2096 1292 2169 μανδραγόρου.
1311 2096 1532 2166 ,χρήσιμον
1561 2092 1668 2137 εἶναί

102 2165 249 2206 φασι..
269 2148 363 2206 ,τὴν
385 2153 546 2206 ρίζαν..
566 2152 706 2205 .πρός
736 2149 894 2195 ύπνον
924 2154 1006 2195 καὶ
1036 2148 1227 2207 φίλτρα.
1267 2153 1425 2194 διδόασι
1445 2150 1485 2194 δ’
1504 2153 1548 2194 ἐν
1567 2155 1664 2208 οινῳ

102 2227 128 2263 η
159 2210 253 2261 ὁξει.
304 2211 420 2254 Caus.
453 2212 506 2274 pl.
540 2214 577 2261 6,
599 2214 638 2260 4,
660 2215 684 2252 5
716 2212 757 2251 οἱ
783 2208 820 2250 δ’
844 2207 1060 2252 ὑπνωτικοὶ
1079 2210 1239 2277 (χυμοὶ)
1271 2213 1430 2260 πλείους
1461 2196 1664 2260 διδόμενοι

102 2267 169 2308 καὶ
198 2265 577 2320 θανατηφόροι,
617 2268 803 2319 καθάπερ
833 2265 854 2308 ὁ
884 2265 1176 2321 μανδραγόρας.
1229 2271 1386 2320 Atropa
1415 2270 1664 2309 Belladonna

102 2326 148 2368 L
180 2326 303 2364 Fraus
341 2324 510 2376 Synops.
551 2326 675 2376 plant.
710 2328 804 2366 166.
839 2327 877 2368 7.
935 2327 985 2368 cf.
1017 2327 1188 2366 Aristot.
1219 2326 1278 2365 De
1309 2339 1436 2366 somn.
1469 2327 1508 2365 3.
1557 2326 1662 2365 Plin.

101 2382 153 2422 N.
184 2382 221 2421 h.
252 2382 436 2430 25,149.
460 2383 526 2421 50.
557 2383 938 2433 Frontimstrateg.
963 2384 1061 2433 2‚5,
1091 2384 1153 2421 12.
1190 2382 1371 2433 Xenoph
1396 2383 1537 2445 Symp.
1563 2384 1599 2430 2,
1623 2384 1662 2422 4.

103 2439 208 2479 Plat.
229 2438 341 2489 Reip.
366 2440 402 2486 6,
425 2439 551 2478 4880.
582 2439 746 2479 Lucian.
769 2439 872 2478 Tim.
896 2440 935 2478 2.
969 2436 1309 2491 [Demosth]10,
1333 2442 1356 2479 6
1387 2432 1475 2478 οὐδ’
1500 2435 1662 2490 άνεγερ-

103 2498 230 2546 θῆναι
262 2493 489 2545 δυνάμεθα,
518 2489 615 2534 ἀλλὰ
645 2494 924 2547 μανδραγόραν
952 2494 1179 2535 πεπωκόσιν
1208 2492 1238 2545 ἤ
1268 2509 1303 2534 τι
1333 2491 1547 2548 φάρμακον
1566 2493 1665 2534 αλλο

105 2556 284 2591 τοιοῦτον
321 2547 514 2602 ἐοίκαμεν.
572 2552 651 2591 fuit
688 2553 809 2591 etiam
844 2545 1057 2604 Ἀφροδίτη
1089 2550 1429 2604 Μανδραγορῖτις.
1491 2553 1663 2603 Hesych.

102 2606 421 2660 μανδραγορῖτις.
471 2609 670 2659 quomodo
708 2610 933 2659 quaerenda
970 2610 1023 2648 sit
1058 2609 1181 2648 herba
1211 2613 1348 2648 narrat
1377 2609 1578 2659 Theophr.
1610 2609 1662 2647 H.

103 2666 158 2716 pl.
191 2667 229 2714 9,
252 2665 291 2711 8,
315 2665 340 2702 8
370 2663 631 2716 περιγράφειν
661 2662 705 2703 δὲ
736 2662 809 2704 τὸν
835 2662 1120 2732 μανδραγόραν
1151 2665 1207 2712 εἰς
1239 2664 1318 2716 τρὶς
1350 2665 1478 2715 ξίφει,
1509 2663 1665 2715 τέμνειν

104 2718 148 2760 δὲ
176 2717 276 2771 πρὸς
307 2717 475 2770 ἑσπέραν
503 2719 717 2789 βλέποντα·
758 2718 828 2760 τὸν
864 2716 903 2760 δ’
936 2719 1071 2770 ετερον
1099 2721 1231 2775 κύκλῳ
1265 2724 1564 2773 περιορχεῖσθαι
1594 2719 1661 2759 καὶ

105 2775 233 2830 λέγειν
262 2772 315 2823 ὥς
345 2778 509 2816 πλεῖστα
538 2775 627 2829 περὶ
655 2773 916 2828 ἀφροδισίων.
969 2780 1104 2830 itaque
1134 2779 1300 2817 dubium
1329 2782 1390 2818 est
1416 2781 1550 2817 utrum
1579 2792 1663 2817 mu-

105 2836 180 2874 lier
210 2833 455 2885 significetur
491 2834 640 2884 philtro
682 2835 729 2873 ad
766 2848 938 2875 amorem
977 2836 1191 2875 sollicitata
1227 2848 1278 2874 an
1309 2838 1354 2874 ut
1384 2835 1662 2887 Shakespearii

105 2891 208 2930 Iulia
236 2890 500 2942 mandragora
526 2892 667 2942 sopita.
717 2892 767 2932 ef.
799 2892 846 2931 fr.
881 2893 974 2932 143.
1001 2893 1092 2933 144.
