1864 3204
613 207 872 242 ΑΡΑΡΟΤΟΣ
920 206 1108 241 ΑΔῼΝΙΣ
1562 205 1646 247 215

79 318 218 360 tentia.
271 314 442 356 ‘Eubuli
471 314 617 364 locum,
648 314 691 352 in
720 325 798 364 quo
834 312 964 363 ipsum
1002 312 1103 351 illud
1139 315 1321 362 ποταμοῦ
1348 314 1461 361 σῶμα
1489 308 1644 361 riserat,

79 375 272 416 excidisse
286 377 311 425 ’‚
342 371 507 412 tertium
539 373 671 410 autem
703 366 869 410 versum'
889 381 1018 420 neque
1039 368 1320 408 Chaeremonis
1348 381 1476 421 neque
1498 367 1646 407 Eubuli

5 450 9 455 ·
77 445 163 473 osse
193 431 417 482 suspicatur
446 427 682 467 Meinekius.

191 545 253 586 cf.
286 527 497 595 Eupolidis
528 542 576 582 fr.
610 541 705 581 136.
828 479 910 522 152

825 605 906 648 153

191 693 343 744 Hygin.
377 692 541 732 Astron.
575 691 627 728 29
665 689 850 728 Eububus
887 691 1019 728 autem
1061 687 1264 737 Cecropem
1300 689 1538 727 demowstrat
1568 701 1649 727 esse

76 746 336 806 (aquarium),
365 749 638 798 antiquitatem
653 748 807 796 yeneris
827 758 1133 786 commemorans
1153 749 1187 784 et
1216 746 1418 784 ostendens
1438 748 1650 793 antequam

74 811 212 848 vinwm
241 808 431 847 traditum
458 806 507 844 sit
535 804 778 849 hominibus,
809 816 916 851 aqua
942 804 987 842 in
1015 801 1220 850 sacrifieiis
1249 803 1408 841 deorum
1437 814 1528 841 usos
1555 815 1646 847 esse,

76 869 111 905 et
140 868 231 905 ante
263 863 466 912 Cecropem
493 872 676 912 reynasse
705 873 824 909 quam
853 861 992 899 vinum
1020 861 1070 899 sit
1090 861 1304 900 inventum.
1357 872 1453 897 num
1475 859 1648 898 comicus

75 922 258 961 Eubulus
289 919 539 972 significetur
568 918 763 957 incertum
795 919 867 956 est.

823 1027 903 1070 154

191 1114 325 1155 Schol.
357 1114 458 1153 Ven.
490 1113 607 1153 Hom.
637 1111 684 1150 Il.
718 1111 792 1161 22,
821 1112 898 1150 162
929 1108 1019 1162 περὶ
1050 1107 1234 1161 τέρματα·
1277 1105 1367 1148 ἀντὶ
1398 1114 1470 1148 τοῦ
1502 1108 1568 1147 διὰ
1600 1107 1646 1148 τὰ

76 1169 257 1224 τέρματα.
308 1171 364 1219 εἰς
394 1168 470 1223 γὰρ
501 1167 663 1214 τούτους
693 1161 737 1206 τὸ
765 1166 870 1214 τέλος
891 1172 960 1218 τῆς
992 1165 1107 1216 νίκης
1127 1162 1357 1217 ἀπόκειται,
1390 1164 1474 1205 ἐπεὶ
1502 1165 1538 1205 εἰ
1557 1164 1646 1217 περὶ

74 1229 122 1267 τὰ
153 1226 321 1280 τέρματα
350 1226 594 1279 δραμοῦσιν,
632 1220 794 1275 εὐφυῶς
831 1222 1027 1275 κάμπτειν
1064 1219 1111 1263 οὐ
1141 1222 1352 1262 δύνανται.
1403 1221 1531 1270 οὕτως
1562 1221 1645 1263 Εὕ-

76 1285 233 1337 βουλος.
282 1286 346 1326 hic
375 1298 534 1337 quoque
564 1285 653 1334 quis
683 1282 867 1322 Eubulus
898 1282 1159 1333 intellegatur
1190 1282 1356 1320 dubium
1387 1283 1460 1320 est.

653 1530 1068 1582 ΦΙΛΙΠΠΟΣ

573 1630 798 1676 Meinokius
829 1636 847 1675 Ι
880 1636 1137 1675 340-343.

610 1737 817 1770 ΑΔΗΛΟΤ
843 1735 1109 1770 ΔΡΑΜΑΤΟΣ

348 1803 633 1860 ἆποσιμῶσαι

191 1887 233 1928 τὸ
255 1887 456 1938 ἐπικῦψαι
476 1886 544 1927 καὶ
564 1885 638 1938 τὴν
658 1883 792 1938 πυγὴν
812 1888 1014 1938 προτεῖναι
1036 1880 1205 1937 γυμνήν.
1246 1884 1457 1929 Φίλιππος.
1501 1886 1646 1924 Suidas

77 1951 118 1986 et.
149 1948 295 1986 omisso
327 1946 501 1996 Philippi
531 1946 693 1985 nomine
723 1944 892 1982 Bekker.
914 1943 1067 1982 Anecd.
1088 1943 1184 1991 434,
1209 1943 1276 1980 22.
1328 1943 1507 1981 Erotian.
1530 1943 1596 1989 93,
1621 1944 1644 1980 2

77 2003 208 2044 Klein.
239 2001 494 2054 λορδότατον·
527 1999 570 2041 τὸ
598 1997 946 2051 ἄποσεσιμωμένον
966 1997 1033 2038 καὶ
1054 1997 1236 2038 ἐναντίον
1259 2003 1312 2053 τῷ
1342 2003 1471 2052 κυρτῷ
1502 1997 1647 2050 λορδὸν

76 2061 275 2111 καλεῖται,
314 2054 336 2099 ὃ
372 2056 424 2109 δὴ
460 2057 528 2098 καὶ
563 2051 697 2108 κυφὸν
735 2059 858 2096 καλεῖ.
926 2057 1120 2097 indicavit
1158 2056 1206 2095 H.
1248 2056 1382 2095 Iacobi
1421 2056 1540 2095 Mein.
1583 2056 1644 2095 ed.

78 2118 175 2160 min.
206 2130 292 2158 xv1.
343 2129 432 2156 cum
463 2117 656 2156 Erotiano
686 2116 770 2154 fere
801 2115 1004 2154 consentit
1033 2114 1199 2153 Photius
1228 2108 1381 2165 λορδόν.

701 2361 1022 2412 ΑΡΑΡΩΣ

631 2467 751 2507 Mein.
784 2463 804 2505 Ι
835 2465 1087 2505 343—346.

769 2566 953 2601 ΑΔΩΝῙΣ

849 2646 868 2686 1

355 2722 379 2766 ὁ
408 2722 500 2779 γὰρ
529 2722 637 2774 θεὸς
665 2722 716 2766 τὸ
748 2722 912 2780 ῥύγχος
941 2721 1003 2774 ὥς
1031 2721 1147 2778 ἡμᾶς
1177 2722 1370 2776 στρέφει.

194 2819 428 2885 Atheuaeus
456 2819 503 2869 3,
526 2820 608 2858 950
645 2816 712 2856 καὶ
747 2813 921 2887 Ἀραρώς
948 2814 1136 2856 Ἀδώνιδι
1164 2817 1245 2854 κτλ.
1293 2814 1462 2854 Bekkor.
1493 2814 1643 2854 Anecd.

86 2878 188 2928 113,
219 2878 249 2922 9,
275 2874 440 2928 ρυγχος·
480 2872 522 2914 τὸ
553 2872 778 2927 πρόσωπον.
810 2872 980 2928 Αραρῶς
1009 2875 1091 2913 κτλ.
1159 2871 1215 2919 εἰς
1253 2867 1360 2922 ἡμᾶς
1400 2868 1530 2924 τρέφει
1559 2872 1644 2912 cod.
