1806 3216
154 202 236 244 578
821 200 1032 238 ΔΙΦῙΛΟΤ

322 303 433 357 θείῳ
461 298 499 341 τ’
525 299 740 356 ἀσφάλτῳ
770 314 818 342 τε
847 301 1171 356 πολυφλοίσβῳ
1201 315 1248 342 τε
1278 299 1488 356 θαλάσσῃ

275 378 295 408 5
329 368 374 419 ἐξ
405 366 729 422 ἀκαλαρρείταο
758 366 1028 422 βαθυρρόου
1054 364 1299 410 Ὠκεανοῖο.

322 432 435 477 ἀλλὰ
464 433 612 490 μάκαρ
641 430 746 489 Ἀήρ
777 434 853 476 διὰ
882 437 974 477 τῶν
1003 435 1179 490 νεφέων
1210 434 1466 490 διάπεμψον

319 500 600 556 Ἀντικύραν,
631 502 707 544 ἵνα
736 501 867 545 τόνδε
898 501 1027 557 κόριν
1058 505 1239 557 κηφῆνα
1269 502 1455 558 ποιήσω.

267 585 448 625 Clemens
477 584 591 623 Alex.
624 584 767 623 strom.
801 587 837 635 7,
859 586 898 634 4,
921 587 973 624 26
1016 581 1037 623 ὁ
1072 582 1243 635 κωμικὸς
1283 584 1450 634 Δίφιλος
1490 585 1718 640 κωμῳδεῖ

163 639 279 687 τοὺς
307 641 489 692 γόητας
520 638 585 678 διὰ
616 640 742 680 τῶνδε
771 643 853 681 κτλ.
954 643 990 680 2.
1024 639 1086 680 ε’πι
1119 639 1255 694 Mein.]
1287 639 1342 680 ἕν.
1445 641 1588 694 τοῖσδε,
1619 641 1710 697 δαδὶ

151 703 222 752 μιᾷ
257 696 389 750 Sylb.]
420 700 501 743 τοῖς
532 696 747 747 δεδασμίας
777 699 825 738 L.
901 700 942 737 3.
951 696 1069 793 5τόσα
1100 698 1229 749 Grot.]
1262 694 1362 736 πόσα
1392 699 1437 739 L.
1524 700 1564 740 4.
1593 701 1710 738 πολυ-

154 754 358 805 φλοίσβοιο
388 752 595 804 θαλάσσης
625 758 719 793 ante
750 755 862 805 Sylb.
951 756 989 793 5.
1029 752 1333 806 ἐξακαλαρρίταο
1362 756 1408 795 L.
1504 757 1542 795 6.
1574 756 1709 796 Solon.
1768 803 1777 806 -

158 813 210 849 14
242 811 390 862 Bergk.
421 805 514 848 ουδὲ
542 807 680 860 μάκαρ
700 807 830 857 οὐδεὶς
861 808 1014 849 πέλεται
1042 810 1183 862 βροτός
1213 807 1383 874 (μακαρς
1412 811 1710 863 D1ndf)7.

152 868 367 907 Herodian.
392 868 411 906 I
442 868 535 934 261,
560 868 610 930 21
644 865 689 906 τὰ
720 867 774 914 εἰς
806 881 861 917 ρα
891 864 991 919 ὑπὲρ
1021 867 1096 906 δύο
1126 862 1326 934 συλλαβας
1356 873 1409 921 τῷ
1437 871 1464 906 ὗ
1480 864 1710 933 παραληγό-

152 938 265 974 μενα,
296 922 332 962 εἰ
349 921 423 974 μὲν
443 921 511 977 ἔχῃ
541 918 584 961 τὸ
612 927 639 962 ἆ
671 922 839 976 μακρόν,
870 922 1255 975 παροξύνεται..
1275 908 1551 976 ,Ἀντικύρα
1579 922 1710 972 πόλεις

151 977 245 1031 δύο,
283 976 308 1030 ἡ
347 977 420 1030 μὲν
457 979 659 1031 Φωκίδος,
699 977 725 1031 ἡ
766 977 808 1019 δὲ
838 979 882 1019 ἐν
911 982 1156 1020 Μαλιεῦσιν.
1237 980 1351 1020 τόνδε
1382 986 1544 1032 κηφῆνα
1575 980 1707 1035 Sylb.]

151 1036 220 1076 τόν
251 1042 530 1087 τε-κιφῆνα
560 1037 608 1076 L.

264 1094 315 1132 ef.
348 1094 511 1132 Preller.
545 1094 672 1144 Myth.
703 1091 783 1144 gr.²
813 1094 854 1132 II
887 1095 939 1133 55
963 1107 1019 1144 sq.
1071 1095 1268 1133 ‘dubitari
1298 1097 1431 1144 potest
1458 1097 1594 1134 utrum
1622 1096 1707 1135 Me—
1782 1115 1784 1117 >

152 1152 326 1199 lampum
356 1151 462 1189 dieat
491 1163 542 1189 an
571 1149 880 1199 Aesculapium?
913 1151 1032 1189 Mein.
1093 1151 1143 1189 cf.
1175 1151 1350 1190 Lobeck.
1381 1150 1580 1202 Aglaoph.
1613 1153 1707 1191 299.

150 1207 309 1245 Alexid.
343 1208 443 1256 112,
474 1207 511 1247 4.
562 1210 605 1246 at
643 1208 870 1246 Athenaeus
911 1208 1074 1257 planum
1109 1207 1284 1268 aliquem
1322 1208 1485 1246 inrideri
1523 1209 1706 1248 testatur.

150 1264 188 1305 3,
218 1263 382 1302 Lueian.
414 1264 588 1314 Menipp.
613 1266 635 1302 7
667 1261 731 1302 ἐπὶ
760 1262 829 1302 τὸν
862 1263 1034 1315 Τίγρητα
1063 1256 1243 1314 ποταμὸν
1271 1260 1437 1315 ἀγαγών
1466 1259 1640 1316 ε’καθηρέ
1669 1262 1709 1303 τέ

148 1333 194 1370 με
223 1317 291 1357 καὶ
321 1316 494 1369 ἀπέμαξε
524 1318 590 1358 καὶ
619 1315 845 1371 περιήγνισε
876 1318 1028 1374 δαδίοις
1058 1318 1303 1373 καὶϊῖκίλλῃ.
1358 1321 1707 1371 Ζο11.Η181;.2,5

150 1375 266 1430 δᾷδες
295 1374 362 1414 καὶ
391 1378 508 1415 θεῖον
536 1374 601 1414 καὶ
631 1374 831 1425 α’σφαλτος
862 1362 1038 1444 (Μθὶῃη)
1099 1381 1228 1426 φωτες
1257 1377 1323 1415 hic
1351 1377 1457 1415 idem
1488 1379 1606 1427 atque
1634 1375 1707 1416 ἄν·

148 1436 318 1484 θρωποι.
363 1433 501 1483 Eurip.
534 1433 672 1472 Helen.
705 1434 814 1472 1094
845 1429 912 1471 δύ’
936 1431 1075 1484 οἰκτρώ
1107 1447 1216 1482 φωτε
1247 1429 1490 1486 (Menelaum
1521 1436 1562 1473 et
1589 1434 1708 1473 Hele-

146 1489 270 1538 nam).
359 1490 396 1527 5.
429 1490 547 1528 Hom.
579 1490 626 1530 ΙΙ
661 1491 697 1539 7,
719 1491 816 1527 422.
866 1489 939 1529 Od.
976 1492 1039 1540 19,
1062 1491 1157 1531 434
1245 1491 1282 1532 6.
1315 1490 1365 1528 of.
1397 1490 1562 1529 Philem.
1583 1491 1648 1539 91,
1665 1491 1705 1530 4.

151 1549 188 1585 7.
225 1545 458 1595 Anticyram
495 1559 567 1595 pro
605 1546 693 1595 ipso
734 1547 891 1586 elleboro
933 1520 1165 1586 nominavit.
1215 1547 1321 1585 Plut.
1354 1546 1452 1585 Mor.
1484 1547 1604 1585 4621)
1635 1543 1709 1598 τὴν

147 1602 296 1653 μανίαν
331 1599 356 1652 ἡ
391 1598 600 1650 Ἀντικύρα
638 1601 853 1654 θεραπεύει
891 1598 1064 1656 (Mein.).
1130 1599 1237 1653 κόρις
1277 1606 1338 1641 est
1375 1603 1493 1642 homo
1531 1604 1706 1642 mordax.

148 1660 289 1698 Horat.
322 1659 403 1698 Sat.
439 1661 473 1708 1,
499 1660 562 1706 10,
587 1660 638 1697 78
678 1659 780 1698 men'
815 1663 963 1699 moveat
1000 1661 1157 1699 cimex
1184 1660 1412 1698 Pantilius?
1462 1659 1545 1707 fuci
1573 1661 1707 1698 autem

150 1719 243 1755 sunt
271 1717 355 1755 sine
384 1717 526 1755 aculeo.
558 1715 810 1766 Arist.Vesp.
838 1717 959 1755 1114.
984 1717 1021 1755 5.
1054 1716 1159 1755 Plin.
1181 1716 1233 1754 N.
1255 1716 1293 1754 h.
1318 1717 1382 1765 11,
1407 1717 1473 1755 27.
1497 1717 1563 1755 57.
1596 1716 1706 1755 Suid.

147 1771 285 1823 κηφήν
310 1802 318 1810 .
346 1803 355 1812 .
379 1802 389 1811 .
418 1769 567 1823 λέγεται
604 1770 671 1810 καὶ
707 1769 925 1824 ἄνθρωπος
963 1768 984 1810 ὁ
1014 1770 1143 1823 μηδὲν
1172 1771 1274 1824 δρᾶν
1304 1770 1537 1822 δυνάμενος.
1584 1771 1706 1823 Verg.

149 1829 295 1879 Georg.
327 1830 480 1877 4,168
510 1831 699 1879 ignavum
727 1829 836 1877 fucos
857 1841 991 1878 pecus.
1038 1829 1196 1868 Ruhnk.
1229 1828 1330 1867 Tim.
1369 1829 1462 1867 157.
1484 1829 1521 1867 8.
1570 1829 1706 1878 itaque

150 1886 224 1924 hoc
257 1886 385 1924 dicere
417 1886 592 1924 videtur:
640 1886 705 1924 ‘ut
734 1886 825 1925 huic
852 1887 1024 1925 mordaci
1052 1887 1200 1941 homini
1229 1887 1406 1925 aculeum
1433 1887 1620 1925 adimam.
1650 1907 1706 1912 -

147 1943 315 1981 fortasse
344 1943 394 1981 ad
420 1938 804 1994 Ἐλλεβοριζομένους
834 1943 1021 1992 pertinet.

556 2120 566 2134 Ι
885 2063 964 2105 127

420 2135 593 2174 γρυμεα

263 2203 430 2241 Bekker.
464 2202 613 2241 Anecd.
646 2203 712 2250 33,
735 2203 788 2241 33
827 2203 1009 2253 γρυμεῖα·
1040 2197 1096 2250 ἣν
1125 2200 1166 2239 οἱ
1190 2199 1324 2239 πολλοὶ
1353 2199 1503 2253 γρύτην
1531 2199 1705 2241 καλοῦσι

151 2258 318 2307 Δίφιλος
357 2256 457 2297 α’νευ
495 2263 566 2296 τοῦ
603 2272 618 2295 ι
655 2255 887 2316 γρυμέαν,
937 2255 1016 2295 ε’στι
1053 2254 1096 2295 δὲ
1126 2254 1223 2308 παρ’
1251 2253 1481 2307 Ἀθηναίοις
1510 2255 1617 2309 πήρα
1646 2270 1703 2304 τις

146 2313 294 2367 γρυμέα
325 2312 570 2365 καλουμένη,
602 2312 644 2352 ἐν
674 2317 699 2368 ᾑ
731 2317 899 2353 παντοῖα
930 2309 1052 2364 σκεύη
1084 2311 1176 2354 ἔστί.
1226 2315 1277 2354 ef.
1310 2314 1447 2356 Sotad.
1481 2316 1516 2365 1,
1539 2315 1577 2353 3.

886 2436 966 2478 128

418 2507 700 2558 θυροκοπεῐν
731 2504 805 2546 καὶ
835 2504 1091 2556 θυροκοπιά

268 2586 449 2637 Δίφιλος.
480 2586 648 2625 Bekker.
680 2586 830 2625 Anecd.
864 2587 929 2633 99,
956 2587 1020 2624 17.
1066 2586 1114 2624 cf.
1147 2582 1364 2634 Antiphan.
1398 2585 1493 2634 239,
1515 2585 1553 2623 3.

884 2706 964 2748 129

416 2778 582 2816 νεκρον

260 2840 332 2897 τὴν
359 2849 546 2897 γυναῖκα.
580 2844 759 2895 Δίφιλος.
792 2845 958 2884 Bekker.
990 2845 1141 2884 Anecd.
1176 2844 1269 2894 109,
1293 2844 1358 2882 16.

1803 3104 1806 3115 .,
1803 3067 1806 3085 -.
1796 2885 1806 3041 ,κῃ-,ΑΛ
1803 2862 1806 2868 .
1799 2781 1806 2835 ΔΛ.
1798 2743 1806 2769 u...
1795 2715 1806 2729 ι’.
1795 2145 1806 2685 ΑωΔΛ-ω-Μι-*Μῴε
1797 2109 1806 2133 -
1786 1938 1806 2096 Q
1797 1900 1799 1904 ἡ
1796 1830 1798 1834 ’
