1806 3216
598 227 804 263 ΑΔΗΛΩΝ
829 226 1097 264 ΔΡΔΜΑΤΩΝ
1544 223 1629 268 523

808 328 886 372 146

336 407 410 450 καὶ
442 410 523 450 τοῦ
553 408 720 462 θέρους
749 407 832 464 μὲν
863 403 982 464 εἶχεν
1013 407 1192 464 [μα’τιον
1222 406 1360 463 δασύ,

335 473 399 517 ἵν’
423 474 642 531 ἐγκρατὴς
671 468 724 532 ᾖ,
755 478 837 519 τοῦ
867 476 917 520 δὲ
947 478 1165 531 χειμῶνος
1195 475 1344 532 ῥάκος.

175 569 375 621 Diogenes
394 570 528 610 Laert.
551 572 588 620 6,
611 571 664 609 87
695 564 819 610 αὐτὸν
848 567 1137 622 δὲ(1(ρατητα)
1159 576 1356 623 καρτερῶς
1386 567 1490 610 οὕτω
1521 574 1630 621 φιλο-

6 651 20 681 1.
61 627 225 676 σοφεῖν,
268 623 368 665 ωστε
404 626 473 666 καὶ
512 625 721 678 Φιλήμονα
763 622 831 667 τὸν
867 624 1044 678 κωμικὸν
1079 623 1208 667 αὐτοῦ
1236 630 1491 679 μεμνῆσθαι·
1534 626 1635 679 φησὶ

60 687 162 735 γοῦν
189 684 274 722 κτλ.
392 684 430 724 2
463 680 520 722 ἵν’
554 681 763 753 ἐγκρατὴς]
804 682 873 723 ἴνα
904 680 1061 736 Κράτης
1091 685 1247 725 Kuehn.
1285 680 1344 724 ιν’
1375 681 1431 732 ὥς
1472 680 1630 735 Κρατης

50 734 201 780 nnbat.
241 739 410 780 fortasse
448 754 530 780 ινα
567 738 622 792 δὴ
666 740 825 794 Κράτης
859 735 899 796 ᾗ.
961 741 1013 781 ad
1049 742 1301 792 Philosophos
1338 743 1506 782 sortasse
1545 756 1633 794 per-

66 797 193 836 tinere
221 797 444 837 arbitratur
474 798 709 838 Meinekius.

102 871 106 876 ’
811 875 889 918 147

332 952 393 1010 μὴ
425 954 635 1009 νουθέτει
665 953 853 1011 γέρονθ’
876 953 1195 1011 ἁμαρτάνοντά
1226 969 1287 997 τι·

333 1023 529 1077 δένδρον
558 1022 756 1066 παλαιόν
784 1022 1115 1079 μεταφυτεύειν
1145 1022 1388 1066 δύσκολον.

175 1115 358 1168 Compar.
380 1118 485 1156 Men.
519 1122 561 1156 et
590 1118 694 1160 Phil.
714 1132 756 1168 p.
774 1119 869 1158 358
901 1118 1052 1157 Anton.
1075 1118 1169 1157 Mel.
1193 1118 1259 1157 64.
1353 1120 1388 1156 1.
1421 1131 1458 1157 τι
1489 1115 1628 1172 Grot.]

62 1185 170 1212 ποτε.
223 1186 301 1213 om.
332 1174 429 1213 Ant
483 1175 650 1214 sortasse
692 1187 800 1214 που.
891 1176 930 1214 2.
961 1171 1128 1227 δένδρον
1157 1172 1233 1226 γὰρ
1263 1178 1305 1214 et
1333 1180 1629 1225 μεταφυτεῦσαι

64 1230 216 1270 Anton.
287 1231 433 1270 Zenob.
466 1233 556 1282 2,1
590 1229 838 1283 γερανδρυον
865 1229 1174 1283 μεταφυτεύειν·
1220 1228 1284 1269 ἐπὶ
1315 1237 1384 1270 τοῦ
1414 1228 1628 1272 ἀδυνάτου.

61 1292 266 1352 παρεγγυᾷ
302 1283 347 1326 δὲ
383 1285 444 1327 ὅτι
479 1285 533 1339 μὴ
572 1287 639 1327 δεῖ
669 1286 761 1336 τοὺς
798 1287 1087 1341 παρηβηκότας
1128 1287 1270 1340 προάγε
1258 1302 1317 1327 ειν
1357 1286 1422 1327 ἐπὶ
1460 1287 1506 1327 τὰ
1551 1294 1630 1328 τῶν

59 1327 319 1395 ἀκμαζόντων
347 1342 452 1397 ἔργα.
500 1345 549 1384 cf.
580 1346 816 1396 Diogenian.
850 1347 894 1395 3,
927 1348 992 1386 77.
1053 1346 1170 1396 Greg.
1193 1345 1309 1396 cypr.
1334 1347 1463 1396 Mosq.
1488 1348 1533 1396 2,
1559 1348 1628 1386 76.

68 1401 250 1452 Apostol.
285 1404 321 1450 6,
345 1404 384 1444 5.
436 1403 548 1442 Suid.
578 1401 838 1454 γεράνδρυον.
871 1403 1060 1454 Toeppel.
1083 1403 1219 1453 Progr.
1245 1403 1390 1442 Neobr.
1416 1404 1537 1452 1867,
1563 1405 1627 1443 18

813 1513 892 1556 148

293 1573 330 1623 ὦ
362 1579 587 1637 adaquas,
619 1579 656 1623 ὁ·
674 1581 838 1637 χρόνος
868 1580 924 1624 οὐ
953 1581 1098 1636 μόνον
1127 1581 1181 1624 τὰ
1212 1581 1395 1637 σώματα

294 1646 420 1701 αὔξει
449 1649 660 1704 βαδίζων,
692 1648 806 1692 ἀλλὰ
837 1649 910 1692 καὶ
942 1647 995 1692 τοὶ
1027 1649 1277 1704 πράγματα.

179 1743 375 1783 Stobaeus
406 1744 491 1783 Ecl.
527 1746 570 1794 1,
603 1745 649 1794 8,
682 1746 706 1783 3
738 1744 941 1785 Wachsm.
972 1742 1198 1795 Φιλήμονος
1228 1745 1350 1784 Farn.
1382 1745 1470 1783 Par.
1501 1758 1626 1795 marg.

64 1802 101 1840 2.
133 1797 179 1840 τὰ
210 1797 420 1853 πράγματα
450 1803 543 1840 sunt
571 1802 776 1842 molestiae.

811 1889 891 1931 149

285 1955 386 2000 ὅσαι
417 1957 568 2012 τέχναι
598 1958 837 2012 γεγόνασι,
869 1954 1056 2012 ταύτας,
1087 1951 1124 2000 ὦ
1155 1958 1328 2013 Λάχης,

282 2023 428 2075 πάσας
460 2024 667 2076 ἐδίδαξεν
697 2023 722 2068 ὁ
755 2025 936 2080 χρόνος,
969 2023 1051 2081 οὐχ
1082 2023 1106 2068 ὁ
1137 2025 1422 2076 διδάσκαλος.

182 2120 377 2159 Stobaeus
398 2119 483 2158 Ecl.
507 2121 543 2166 1,
567 2121 605 2167 8,
629 2121 682 2159 34
706 2120 902 2162 Wachsm.
926 2118 1154 2171 Φιλήμονος
1178 2120 1262 2161 Par.
1285 2134 1428 2172 marg„
1460 2122 1510 2160 ad
1542 2134 1579 2159 v.
1605 2122 1628 2158 2

67 2177 181 2218 Farn.
216 2189 339 2227 marg.
431 2179 466 2216 1.
505 2174 645 2227 Λάχης
678 2173 813 2230 Grot.]
845 2175 965 2227 λα’της
995 2178 1042 2217 F.
1074 2176 1197 2228 λάγης
1228 2177 1273 2216 Ρ.
1364 2179 1401 2220 2.
1426 2174 1627 2231 ἐδίδαξεν]

63 2234 232 2273 fortasse
263 2230 416 2281 ἔδειξε
431 2247 465 2272 ν.

813 2287 895 2329 150

325 2352 409 2398 ὅσα
439 2355 514 2397 διὰ
545 2354 651 2405 τούς
678 2354 958 2408 πράττοντας
987 2352 1155 2406 αὐτοὺς
1185 2357 1381 2410 γίνεται,

326 2421 483 2466 οὐδενὶ
513 2424 757 2478 πρόσεστιν
788 2422 895 2466 ουδὲ
927 2430 1141 2466 κοινωνεῖ
1166 2423 1287 2478 τύχη.

180 2517 376 2557 Stobaeus
397 2517 480 2557 Eel.
500 2518 537 2565 2,
557 2513 677 2573 8(7),
696 2519 715 2556 1
740 2517 939 2557 Wachsm.
959 2515 1195 2568 Φιλήμονος.
1284 2519 1323 2556 2.
1354 2520 1563 2556 κοινωνεῖν
1585 2518 1627 2557 Ρ.

65 2569 164 2624 τύχη
195 2573 328 2625 Grot.]
359 2570 487 2624 ψυχή.
539 2575 581 2613 in
619 2576 675 2613 eis
714 2586 815 2625 quae
854 2574 1036 2613 homines
1074 2574 1156 2614 suis
1189 2570 1368 2614 consiliis
1398 2574 1628 2625 viribusque

65 2630 287 2697 perficiaqt
302 2631 485 2670 fortunae
514 2633 648 2681 part-es
679 2643 765 2671 esse
794 2634 927 2682 negat.
978 2633 1099 2682 oaput
1128 2631 1154 2670 8
1184 2631 1418 2681 inscriptum
1449 2634 1511 2670 est
1539 2628 1627 2681 περὶ

67 2691 147 2726 των
176 2679 243 2736 ἐφ’
266 2683 375 2738 ἡμῖν.

813 2740 888 2783 151

340 2817 456 2862 ἐπὰν
487 2816 512 2861 ὅ
540 2821 650 2870 νοῦς
678 2814 709 2876 ᾖ
738 2817 798 2876 μὴ
829 2819 1119 2874 καθεστηκώς
1147 2835 1258 2873 τινι,

339 2884 425 2930 οὐκ
454 2885 547 2931 ἔστ’
569 2885 757 2932 ἀκούειν
788 2885 924 2931 οὐδὲν
954 2884 1095 2931 αὐτὸν
1125 2884 1227 2931 οὐδ’
1249 2885 1377 2943 ὁρᾶν.

1762 635 1771 657 δ
