1864 3204
557 182 836 219 ΕΡΕΤΡικοΣ
852 201 895 208 -
913 182 1202 218 ΘΕΣΠΡΩΤοι
1576 181 1661 224 325

99 286 247 340 Bergk.
307 284 456 340 βλέπον
486 286 537 327 Α.
566 288 758 328 ‘fortasse
788 282 851 338 ἔμ’
873 285 1063 340 ἔβλεπεν’
1093 287 1232 327 Dindf.
1273 287 1307 327 si
1328 284 1490 339 βλέπων
1520 300 1656 327 verum

99 346 174 395 eet,
204 345 331 384 oratio
362 357 441 384 non
471 347 534 384 est
563 344 689 384 finita.

213 400 312 441 Cum
344 401 419 441 hoo
450 402 673 453 fragmento
703 401 754 441 H.
787 401 922 442 Iacobi
952 402 1072 441 Mein.
1105 400 1142 439 V
1173 413 1280 442 ccxv
1308 401 1579 452 coniungebat
1609 401 1657 440 fr.

100 458 197 499 261.

707 557 1043 593 ΘΕΟΦΟΡΗΤΟΣ

211 640 504 690 Argumentum
537 640 663 678 simile
693 640 735 679 in
764 636 1070 694 Θεοφορουμένῃ
1100 642 1141 679 et
1166 636 1305 694 Ἱερείᾳ
1337 641 1570 681 tractavisse
1600 642 1659 681 vi-

101 696 219 736 detur
249 696 475 738 Menander.
505 696 680 737 Lobeok.
714 696 911 748 Aglaoph.
945 697 1040 736 628.
1089 697 1207 736 Mein.
1238 697 1257 736 I
1288 698 1383 737 400.

853 807 906 850 87

368 882 497 940 οἶμαί
520 883 564 941 γ’
589 884 798 941 ἐπιτιμᾶν
827 888 919 929 τῶν
949 884 1258 930 ἀπαντώντων
1287 885 1414 938 τινὰς

369 951 492 1009 ἡμῖν,
524 951 590 996 ὅτι
619 957 866 1009 τηνικαῦτα
894 954 1082 1010 μεθύων
1111 957 1364 1009 περιπατῶ·

368 1028 497 1072 ποῖος
525 1021 613 1077 γάρ
644 1021 740 1065 ἐστι
770 1022 940 1077 φανός,
972 1014 1008 1064 ὦ
1038 1022 1152 1078 πρὸς
1178 1024 1271 1066 τῶν
1298 1027 1441 1079 θεῶν,

366 1092 568 1141 τοιοῦτος
596 1083 690 1141 οἷος
719 1086 744 1132 ὁ
771 1090 1050 1145 γλυκύτατος
1078 1089 1225 1146 ἥλιος;

207 1185 435 1224 Athenaeus
468 1186 532 1235 15,
557 1185 670 1225 7002.
721 1181 766 1224 ἐν
810 1182 1076 1254 Θεοφορήτῳ.
1102 1178 1272 1234 ,Ἄλεξις
1317 1188 1399 1226 κτλ.
1488 1201 1527 1228 v.
1560 1190 1599 1228 3.
1630 1189 1657 1226 4

98 1241 336 1282 Eustathius
370 1243 492 1291 1571,
517 1239 600 1280 11’
599 1239 760 1290 Ἄλεξις.
779 1239 845 1282 ,ἐν
872 1240 1004 1290 ἄλλοις
1035 1239 1130 1294 ἔφη·
1163 1241 1276 1290 ποῖός
1308 1241 1389 1282 ἐστι
1418 1241 1549 1294 φανὸς
1579 1258 1657 1283 τοι-

96 1299 210 1346 οὗτος
241 1292 322 1344 οἷος
351 1300 432 1337 κτλ.
544 1300 580 1337 1.
617 1293 655 1350 γ’
688 1298 838 1341 Iaoobs.
868 1300 974 1340 Add.
1006 1300 1100 1342 Ath.
1133 1297 1234 1354 368]
1264 1298 1339 1352 γὰρ
1369 1302 1419 1341 A.
1527 1314 1657 1341 απαν-

98 1369 258 1394 τωντων
288 1356 339 1395 A.
428 1356 467 1395 3.
501 1352 610 1394 ἐστιν
639 1356 688 1395 A.

209 1414 248 1454 2.
279 1416 510 1463 τηνικαῦτα,
539 1413 565 1452 i.
586 1425 619 1454 e.
651 1412 732 1452 sole
762 1413 891 1454 adhuc
921 1413 1091 1454 lucente.
1130 1413 1298 1454 ridicule
1319 1415 1443 1455 solem
1464 1415 1658 1466 optimam

96 1481 182 1510 esse
212 1469 308 1509 dicit
336 1470 463 1509 facem
493 1472 741 1510 nocturnam.

852 1557 906 1600 88
929 1557 941 1567 '

327 1638 449 1678 λαλῶ
480 1638 746 1693 Πτολεμαίῳ
775 1637 1044 1692 γογγυλίδος
1073 1635 1225 1681 ὀπτῶν
1254 1635 1431 1693 τόμους.

207 1730 436 1770 Athenaeus
459 1732 497 1781 9,
515 1731 627 1770 3690
650 1727 801 1779 ’Ἄλεξις
823 1728 867 1769 ἐν
888 1727 1125 1785 Θεοφορήτῳ
1153 1733 1233 1772 κτλ.
1293 1733 1398 1772 λαλω
1419 1735 1468 1774 A.
1528 1730 1652 1785 ὀπτῆς

95 1787 139 1827 C.
203 1789 274 1826 aut
302 1787 376 1826 hoc
406 1789 476 1826 aut
503 1786 749 1839 γογγυλίδων
778 1788 1042 1827 scribendum.
1106 1784 1197 1839 λάβ’
1220 1803 1251 1828 ω
1283 1790 1503 1840 Πτολεμαῖε
1534 1792 1655 1831 Mein.

95 1845 157 1883 ed.
189 1844 281 1883 mai.
314 1844 406 1883 ‘sed
436 1845 478 1884 in
507 1846 589 1883 tam
619 1844 817 1884 minutulo
847 1845 1072 1896 fragmento
1102 1846 1191 1896 quis
1221 1847 1468 1896 spondeat?’

726 2001 1019 2037 ΘΕΣΠΡΩΤΟῙ

207 2082 393 2122 Fortasse
423 2080 465 2121 τὸ
496 2085 797 2133 νεκρομαντεῖον
825 2084 929 2135 quod
960 2087 1047 2124 erat
1074 2086 1115 2125 in
1136 2086 1373 2136 Thesprotia
1392 2086 1654 2138 significatur.

92 2138 286 2178 Herodot.
319 2139 358 2188 5,
380 2140 446 2184 92,
471 2141 508 2179 7.
552 2140 720 2180 Pausan.
753 2143 790 2192 9,
814 2142 879 2192 30,
904 2143 928 2181 6
949 2139 1024 2194 (3).

849 2251 904 2294 89

320 2325 457 2383 Ἑρμῆ
485 2330 663 2383 νεκρῶν
692 2329 930 2384 προπομπὲ
961 2331 1036 2372 καὶ
1067 2333 1346 2375 Φιλιππίδου

330 2397 575 2452 κληροῦχε,
607 2396 772 2453 νυκτός
800 2395 841 2439 τ’
863 2395 982 2454 ὄμμα
1012 2401 1090 2453 τῆς
1117 2400 1441 2455 μελαμπέπλου

323 2461 517 2519 (Ἑκάτη)
548 2489 602 2496 -

206 2558 436 2598 Athenaeus
469 2559 533 2609 12,
557 2559 638 2598 552
656 2558 713 2597 de
738 2553 893 2608 ’Ἄλεξις
922 2557 967 2599 ἐν
1001 2559 1252 2612 Θεσπρωτοῖς
1283 2574 1410 2613 φησιν
1438 2564 1521 2602 κτλ.
1612 2567 1649 2603 1.

97 2619 252 2666 νεκρῶν
282 2614 448 2654 Casaub.
479 2617 522 2654 et
551 2614 691 2654 Cobet.
714 2615 763 2658 N.
785 2616 812 2655 l.
837 2618 929 2656 119.
952 2615 1025 2670 20]
1056 2617 1167 2658 θεῶν
1194 2618 1245 2658 A.
1323 2622 1362 2659 3.
1388 2615 1564 2669 Ἑκάτη
1594 2622 1651 2660 in-

92 2672 217 2711 seruit
245 2671 312 2719 K„
343 2671 619 2711 oblitteratum
650 2672 692 2711 in
722 2672 808 2712 cod.
840 2673 1037 2714 Athenaei
1066 2678 1255 2725 sequente
1285 2674 1365 2715 καί.
1401 2676 1450 2716 de
1480 2677 1652 2717 Hecatae

93 2741 183 2768 oum
213 2728 410 2767 Mercurio
441 2729 627 2767 societate
664 2728 714 2768 of.
746 2729 912 2770 Preller.
944 2731 1072 2782 Myth.
1103 2745 1162 2782 gr.
1168 2729 1184 2754 ²
1214 2732 1234 2771 I
1266 2733 1346 2772 246
1363 2745 1423 2782 sq.
1456 2734 1551 2773 316.
1603 2735 1652 2773 de

91 2780 313 2834 Philippide
343 2785 392 2824 cf.
427 2785 519 2823 144.
564 2784 840 2835 Aristophont.
872 2787 911 2826 8.
967 2786 1210 2828 Φιλιππίδου
1240 2788 1454 2841 κληροῦχε,
1492 2792 1539 2831 ut
1568 2793 1649 2832 tam

92 2842 296 2882 macilenti
326 2854 446 2892 quam
476 2844 570 2882 sunt
598 2842 758 2882 mortui.
