1864 3204
684 242 856 276 ΛΕΒΗΣ
880 258 922 266 -
949 240 1103 275 Amor.
1589 237 1676 283 345

109 362 196 392 cese
230 361 314 390 non
351 349 503 415 potest3
544 346 640 398 quia
668 345 796 386 Attici
827 346 948 386 verbo
977 344 1147 397 μαστίζω
1177 358 1257 386 non
1287 347 1472 386 utuntur.
1533 344 1671 384 Photii

113 407 247 461 glossa.
275 404 448 456 μαστίξω
478 401 570 443 αντὶ
598 406 671 442 τοῦ
701 401 825 442 κνίσω
854 415 933 453 quo
963 403 1166 453 pertineat
1185 403 1380 443 incertum
1401 405 1473 442 est,
1505 402 1674 442 fortasse

109 462 344 517 μάλαξον.
427 462 464 503 6.
496 455 586 513 ἠδ’]
615 454 689 499 εἶτ’
713 460 833 499 Mein.
875 459 966 499 ‘sed
996 460 1106 500 aliud
1136 461 1261 500 latere
1293 460 1484 500 videtur?
1522 459 1675 499 seilicet

114 521 237 561 etiem
265 514 356 559 ἁλσὶ
385 513 588 557 σάττειν
628 516 725 568 quid
755 517 809 556 sit
839 516 1002 557 difficile
1032 518 1108 556 erit
1138 517 1280 557 dicere.
1330 518 1463 567 itaque
1493 529 1575 556 non
1605 516 1675 555 du·

113 579 200 618 bito
231 578 329 629 quin
360 574 613 616 seribendum
643 574 698 613 sit
726 577 832 628 τυρῷ
861 587 901 612 τε
931 571 1066 623 σάξον,
1096 569 1350 624 ἀλφίτοις,
1381 566 1562 627 ὀριγάνῳ.

234 636 271 673 1.
302 632 519 673 Herodian.
549 631 569 670 I
601 632 694 677 193,
717 630 742 669 5
771 627 988 682 βαρύνεται
1017 631 1209 682 φλαῦρος,
1241 635 1443 682 σαῦρος.
1463 660 1472 669 .
1492 628 1674 681 .ταῦρος.

115 703 275 732 sautum
315 691 462 742 piscem
502 687 704 728 describit·
730 686 886 727 Aelian.
917 687 969 727 H.
1001 701 1065 727 an.
1101 689 1165 738 12,
1188 688 1254 729 25.
1361 688 1401 726 4.
1431 683 1677 739 παράσχισον

115 749 209 799 ‘per
252 747 425 787 medium
468 747 595 795 finde,
640 747 687 783 ut
724 743 951 794 Epicharm.
981 744 1131 784 Athen.
1155 746 1202 796 7,
1225 745 1340 784 309e
1380 741 1575 795 κόκκυγες
1605 739 1678 790 οὓς

117 803 406 857 παρσχίζομες.’
437 803 558 842 Mein.
620 801 811 841 Herodot.
845 801 891 850 2,
914 802 968 842 86
1005 800 1108 855 λίθῳ
1139 797 1219 851 ὀξέι
1247 800 1563 854 παρασχίσαντες
1593 798 1677 851 (τὸν

116 857 278 916 νεκρὸν)
307 858 413 912 παρὰ
447 857 519 911 τὴν
551 856 733 917 λαπάρην
762 855 803 906 ἐξ
836 850 895 897 οὖν
923 851 1032 897 εἷλον
1061 856 1134 911 τὴν
1162 857 1327 910 κοιλίην.

801 982 999 1016 ΛΗΜΝΙΑ

863 1061 943 1103 134

387 1142 462 1184 καὶ
491 1144 580 1197 μὴν
611 1142 764 1196 παρῆν
793 1138 1050 1196 άνθράκιον
1079 1136 1186 1195 ἡμῖν
1219 1139 1270 1182 ἐν
1298 1138 1418 1196 μέσῳ

389 1211 556 1252 σείσων
586 1223 633 1251 τε
663 1206 851 1263 κυάμων
880 1208 1053 1263 μεστός.

231 1305 374 1344 Pollux
409 1305 476 1355 10,
507 1304 585 1343 100
623 1303 779 1355 βαῦνον
807 1299 861 1341 ἂν
891 1300 1017 1348 εἴποις
1048 1299 1130 1341 τὸν
1159 1299 1467 1353 χυτρόποδα,
1505 1300 1576 1340 καί
1601 1313 1681 1339 που

118 1359 185 1401 καὶ
214 1356 454 1411 ἆνθράκιον,
483 1357 678 1408 Ἀλέξιδος
709 1358 888 1406 εἰπόντος
920 1356 964 1398 ἐν
993 1358 1158 1412 Λημνία
1188 1360 1271 1398 κτλ.
1323 1357 1390 1397 καὶ
1419 1356 1494 1410 γὰρ
1522 1355 1543 1396 ὁ
1577 1358 1680 1397 σεί-

118 1430 218 1458 σων
253 1414 427 1471 άγγεῖον,
466 1411 499 1472 ᾧ
537 1415 716 1468 κυάμους
754 1412 783 1468 ἢ
817 1414 913 1455 ἄλλο
951 1430 987 1454 τι
1017 1421 1195 1454 τοιοῦτον
1225 1412 1461 1468 ἐνέφρυγον.
1510 1415 1681 1455 Bekker,

118 1476 270 1517 Anecd.
302 1476 406 1525 404,
429 1477 453 1514 9
482 1469 739 1524 ’άνθράκιον·
780 1470 908 1525 βραχὺ
939 1472 1207 1524 τριποδίσκιον
1235 1471 1534 1524 παραλεξείδιον
1563 1467 1679 1525 (παρ’

118 1529 285 1581 Ἀλέξιδι
316 1528 470 1586 Mein.).
522 1531 571 1571 cf.
605 1531 746 1570 Suidas
782 1525 1010 1582 ἀνθράκων
1047 1533 1086 1570 et
1116 1529 1263 1581 τρίπος.
1313 1530 1454 1568 Pollux
1487 1531 1523 1579 7,
1550 1530 1627 1568 181
1659 1525 1680 1566 ὁ

119 1586 163 1628 δὲ
192 1586 410 1640 φρυγεὺς
440 1586 507 1626 καὶ
537 1586 681 1626 σείσων
709 1589 897 1626 καλεῖται.
948 1587 1122 1638 Hesycb.
1154 1585 1316 1625 σείσων·
1347 1584 1470 1637 ἄγγος
1500 1599 1680 1636 κεραμει-

120 1644 197 1685 κόν
226 1641 498 1699 (κεραμεοῦν),
530 1642 573 1683 ἐν
602 1634 633 1698 ᾧ
663 1642 754 1691 τοὺς
784 1640 964 1694 κυάμους
994 1642 1232 1695 φρύγουσιν.
1279 1655 1426 1682 nomen
1456 1643 1540 1682 sine
1562 1643 1684 1681 dubio

120 1705 338 1754 acceperat,
370 1704 475 1752 quod
507 1701 725 1740 identidem
757 1698 914 1740 ἐσείετο.
964 1701 1013 1739 cf.
1045 1700 1226 1740 Axionic.
1261 1702 1298 1750 7,
1322 1701 1360 1739 2.

825 1846 913 1879 AIN
915 1845 981 1879 ΟΣ

238 1930 296 1969 Cf.
330 1928 500 1967 Meinek.
532 1928 551 1966 I
583 1929 677 1966 392.
720 1927 956 1977 Apollodor.
989 1928 1026 1975 2,
1049 1927 1087 1972 4,
1110 1928 1134 1966 9
1166 1923 1364 1977 ἐδιδάχθη
1389 1923 1591 1977 “Ηρακλῆς
1610 1956 1618 1965 .
1638 1956 1647 1965 .
1667 1956 1677 1965 .

125 1985 368 2040 κιθαρῳδεῖν
398 1978 477 2023 ὑπὸ
507 1982 652 2024 Λίνου.
702 1984 750 2023 ef.
784 1984 914 2024 Schol.
937 1984 1054 2023 Hom.
1077 1983 1124 2022 Il.
1156 1985 1220 2034 18,
1244 1985 1340 2023 570.
1388 1984 1550 2022 Diodor.
1576 1985 1615 2035 3,
1632 1984 1685 2022 67

126 2043 277 2094 Λίνον.
296 2073 305 2082 .
324 2038 526 2092 ,μαθητὰς
557 2043 664 2091 σχεῖν
683 2039 877 2090 πολλούς,
909 2037 1243 2090 ἐπιφανεστάτους
1264 2038 1306 2078 δὲ
1329 2043 1445 2090 τρεῖς,
1471 2036 1686 2090 “Ηρακλεά,

129 2098 325 2150 Θαμύραν
353 2095 418 2137 καὶ
446 2095 604 2148 Ὀρφέα.
660 2097 811 2136 τούτων
839 2094 884 2136 δὲ
915 2095 985 2136 τὸν
1012 2095 1085 2148 μὲν
1110 2092 1305 2148 Ἡρακλέα
1334 2095 1557 2146 κιθαρίζειν
1585 2110 1685 2147 μαν-

126 2155 307 2196 θάνοντα
343 2153 409 2194 διὰ
447 2153 520 2206 τὴν
550 2159 619 2219 της
649 2159 783 2205 ψυχῆς
812 2152 1040 2206 βραδύτητα
1069 2150 1123 2204 μὴ
1156 2152 1360 2192 δύνασθαι
1389 2151 1583 2203 δέξασθαι
1613 2150 1689 2202 τὴν

126 2212 322 2266 μάθησιν,
352 2209 485 2251 ἔπειθ’
517 2207 597 2249 ὑπο
626 2216 696 2250 τοῦ
728 2210 860 2250 Λίνου
890 2213 1059 2263 πληγαῖς
1090 2208 1375 2262 ἐπιτιμηθέντα
1405 2210 1686 2262 διοργισθῆναι

131 2268 197 2309 καὶ
228 2275 275 2324 τῇ
305 2267 455 2322 κιθάρᾳ
486 2265 558 2307 τὸν
587 2265 829 2307 διδάσκαλον
857 2264 1083 2316 πατάξαντα
1103 2263 1346 2307 ἀποκτεῖναι.
1379 2281 1479 2318 quae
1501 2280 1687 2318 magnam

129 2330 284 2379 purtem
318 2326 502 2365 videntur
531 2338 579 2364 ex
608 2325 810 2365 comoedia
839 2325 1078 2375 deprompta
1107 2338 1205 2366 esse.

867 2435 946 2477 135

658 2513 686 2535 ἡ
1014 2493 1139 2537 ΛΙΝ,
1169 2491 1365 2545 βυβλίον

336 2560 554 2603 ἐντεῦθεν
584 2558 609 2601 ὃ
638 2575 679 2601 τι
709 2557 864 2613 βούλει
895 2556 1165 2613 προσελθών
1194 2558 1282 2613 γὰρ
1313 2557 1444 2613 λαβέ,

337 2626 475 2671 ἔπειτ’
496 2625 771 2682 ἀναγνώσει,
803 2624 924 2668 πάνυ
952 2641 1003 2680 γε
1033 2627 1294 2669 διασκοπῶν

337 2693 426 2738 άπὸ
455 2698 547 2738 τῶν
578 2692 926 2749 ἐπιγραμμάτων
955 2692 1123 2749 ἀτρέμα
1152 2710 1199 2736 τε
1230 2693 1304 2735 καὶ
1334 2695 1486 2748 σχολῇ.

213 2759 217 2763 ’
287 2774 307 2804 5
333 2762 524 2818 Ὀρφεὺς
553 2764 743 2816 ἔνεστιν,
768 2755 994 2816 Ἡσίοδος,
1025 2761 1273 2818 τραγῳδία,

338 2832 569 2885 Χοιρίλος,
588 2828 805 2885 Ὅμηρος,
837 2827 928 2872 ἔστ’
956 2828 1242 2884 Ἐπίχαρμος,
1274 2826 1511 2884 γράμματα

338 2896 617 2942 παντοδαπά.
669 2896 888 2953 δηλώσεις
916 2898 1004 2953 γὰρ
1035 2896 1153 2940 οὕτω
1184 2897 1268 2953 τὴν
1298 2894 1455 2952 φύσιν,
