1864 3204
822 351 1176 417 ΔΙΟΔΩΡΟΣ

796 471 966 510 Meinek.
998 470 1018 508 I
1050 470 1144 508 418.
1174 471 1214 508 9.

879 591 1135 626 ΑΤΛΗΤΡΙΣ

991 671 1012 712 1

499 749 613 793 ἐπὰν
643 750 848 799 κυάθους
877 751 956 805 πίῃ
987 764 1074 803 τις,
1106 743 1141 791 ὦ
1173 749 1368 803 Κρίτων,
1400 746 1524 802 δέκα,

499 818 568 860 ἀεὶ
599 816 703 871 παρ’
730 816 920 860 ἕκαστον
951 817 1196 871 ἐνδελεχῶς
1225 815 1275 858 τὸ
1307 816 1524 871 ποτήριον

498 888 618 929 πίνει
648 884 698 928 τὸ
729 883 904 939 λοιπόν,
936 881 1042 934 τούς
1072 881 1314 938 λογισμούς
1344 881 1388 925 δ’
1414 882 1570 937 ἐξεμεῖ.

502 957 645 998 ταῦτα
675 953 833 996 σκόπει
863 952 976 1007 πρὸς
1006 953 1188 995 σαυτόν.
1588 959 1592 963 ”

1851 557 1864 647 ἒ

1842 658 1864 915 1¹

362 1050 589 1088 Athenaeus
624 1050 693 1097 10,
716 1049 832 1087 4310
865 1044 1064 1098 Διόδωρος
1095 1042 1116 1084 ὁ
1147 1043 1356 1092 Σινωπεὺς
1387 1042 1430 1083 ἕν
1459 1040 1678 1096 Αὐλητρίδι
1701 1045 1785 1086 κτλ.
1853 1043 1864 1100 5

234 1109 273 1144 1.
309 1106 380 1160 πίῃ
411 1107 536 1145 Naek.
560 1105 702 1144 Choer.
727 1102 825 1156 174]
856 1103 969 1154 πίνηι
998 1103 1046 1142 A.
1136 1103 1174 1141 2.
1204 1098 1266 1141 ἀεὶ
1294 1099 1442 1155 Dobr.]
1473 1101 1509 1140 εἰ
1526 1101 1576 1140 A.
1607 1094 1707 1139 εἶτα
1736 1101 1786 1140 Κ.
1850 1111 1864 1144 jz

231 1165 269 1201 3.
302 1162 410 1201 πίνει
438 1160 583 1214 Dobr.]
613 1161 746 1200 πίνειν
764 1161 813 1199 Α.
853 1159 983 1199 πίνων
1013 1174 1045 1199 τ.
1067 1157 1275 1210 λογισμοὺς
1307 1156 1437 1209 ἐξεμεῖ
1460 1158 1663 1200 Herwerd.
1684 1157 1786 1197 Nov.
1849 1181 1864 1194 ι

230 1220 319 1260 add.
352 1221 417 1259 35.
506 1216 547 1257 τὸ
577 1215 733 1270 λοιπὸν]
764 1230 803 1254 τε
833 1209 971 1255 λοιπὸν
990 1216 1041 1255 Α.
1073 1214 1162 1254 τὸν
1192 1209 1330 1254 οἶνον
1360 1216 1505 1254 Nabar.
1527 1215 1674 1253 Mnem.
1692 1226 1785 1255 nov.
1849 1248 1851 1250 ,

230 1276 330 1314 VIII
361 1277 455 1315 266.
543 1271 583 1312 δ’
607 1273 737 1325 ἐξεμεῖ
759 1271 901 1326 Dobr.]
933 1271 1083 1323 δέξαιμι
1112 1272 1161 1310 A.
1211 1274 1247 1311 si
1276 1274 1362 1321 quis
1391 1273 1544 1322 cyathos
1573 1272 1698 1311 decem
1726 1281 1788 1310 em-

231 1334 387 1378 hausit,
426 1333 563 1371 deinde
594 1334 779 1380 perpetuo
814 1332 867 1370 ad
895 1331 1052 1379 simula
1082 1341 1182 1378 quae
1202 1341 1323 1377 porro
1354 1329 1449 1367 bibit
1471 1329 1615 1377 pocula
1643 1330 1788 1376 quanto
1849 1329 1854 1371 s

170 1426 174 1431 .
229 1391 320 1438 plus
351 1390 444 1428 bibit
473 1390 570 1435 vini,
600 1392 708 1428 tanto
731 1389 826 1437 plus
853 1398 976 1426 sanae
1004 1388 1170 1426 rationis
1199 1388 1346 1425 evomit.

863 1509 1158 1543 ΕΠΙΚΑΗΡΟΣ

346 1594 406 1632 Cf.
437 1606 536 1643 quae
568 1593 618 1631 ad
648 1590 891 1641 Antiphanis
917 1584 1162 1642 Ἐπίκληρον
1189 1588 1482 1628 adnotavimus.

999 1701 1026 1742 2

937 1779 1162 1833 βούλομαι
1192 1776 1334 1828 δεῖξαι
1366 1777 1521 1830 σαφῶς

441 1846 499 1898 ὥς
529 1848 696 1904 σεμνόν
729 1847 822 1890 ἐστι
852 1850 985 1889 τοῦτο
1017 1845 1091 1888 καὶ
1122 1844 1444 1899 νενομισμένον

438 1918 511 1959 καὶ
541 1917 633 1958 τῶν
662 1918 786 1958 θεῶν
818 1913 1013 1970 εὕρημα,
1044 1911 1121 1963 τὰς
1150 1911 1194 1955 δ’
1218 1911 1358 1962 ἄλλας
1386 1911 1541 1967 τέχνας

437 1983 589 2033 οὐδεὶς
617 1985 741 2026 θεῶν
772 1983 1039 2036 κατέδειξεν,
1073 1979 1175 2038 ἀλλ’
1197 1979 1362 2034 ἄνδρες
1391 1981 1537 2034 σοφοί.

386 2062 407 2092 5
437 2050 487 2094 τὸ
517 2050 604 2106 γὰρ
636 2057 899 2106 παρασιτεῖν
930 2043 1065 2104 εὗρεν
1097 2045 1120 2090 ὁ
1150 2046 1265 2098 Ζεύς
1295 2046 1318 2089 ὁ
1349 2049 1520 2102 φίλιος,

438 2117 461 2162 ὁ
491 2121 583 2161 τῶν
611 2121 737 2160 θεῶν
766 2117 972 2172 μέγιστος
1002 2114 1383 2171 ὁμολογουμένως.

439 2179 569 2235 οὗτος
597 2183 683 2240 γὰρ
715 2186 775 2235 εἰς
804 2182 883 2235 τὰς
912 2184 1056 2234 οἰκίας
1085 2182 1329 2238 εἰσέρχεται

439 2252 538 2309 οὐχὶ
569 2255 803 2309 διακρίνας
831 2250 915 2308 τὴν
944 2251 1164 2307 πενιχρὰν
1192 2250 1223 2306 ἢ
1253 2252 1492 2304 πλουσίαν,

438 2316 494 2364 οὗ
524 2321 567 2364 δ’
589 2320 648 2364 ἄν
678 2323 826 2371 καλῶς
858 2320 1144 2375 ἐστρωμένην
1173 2320 1334 2374 κλίνην
1365 2318 1438 2374 ἴδῃ

369 2400 411 2431 10
441 2391 776 2446 παρακειμένην
805 2404 853 2431 τε
882 2387 965 2444 τὴν
993 2387 1215 2441 τράπεζαν
1244 2383 1382 2428 πάνθ’
1407 2382 1435 2428 ὁὶ
1463 2386 1536 2427 δεῖ

441 2460 648 2513 ἔχουσαν,
680 2455 765 2513 ἤδη
796 2453 1173 2511 συγκατακλιθεὶς
1202 2454 1397 2508 κοσμίως

440 2524 671 2581 ἀριστίσας
700 2523 876 2578 ἑαυτόν,
909 2522 1155 2577 ἐντραγών,
1187 2520 1318 2574 πιτόν,

441 2590 645 2648 ἀπέρχετ’
667 2590 816 2635 οἴκαδ’
838 2588 892 2633 οὐ
922 2588 1191 2645 καταβαλών
1220 2589 1462 2643 συμβολάς.

410 2644 565 2715 ’κάγώ
597 2662 712 2703 ποιῶ
743 2661 830 2701 νῦν
860 2656 1004 2701 τοῦτ’·
1038 2655 1152 2700 ἐπὰν
1182 2658 1338 2706 κλίνας
1367 2655 1448 2698 ἴδω

371 2739 408 2768 15
441 2729 720 2784 ἐστρωμένας
749 2725 823 2769 καὶ
852 2726 931 2775 τὰς
959 2725 1172 2780 τραπέζας
1202 2723 1431 2779 εὐτρεπεῖς

443 2796 517 2837 καὶ
547 2797 632 2850 τὴν
660 2795 813 2850 θύραν
843 2791 1144 2849 ἀνεῳγμένην,
1178 2792 1429 2845 εἰσέρχομαι

446 2863 611 2906 ἐνθάδε
643 2865 810 2917 σιωπῇ,
843 2861 917 2903 καὶ
947 2859 1135 2914 ποιήσας
1165 2856 1358 2913 εὐσταλῆ
