1864 3204
575 172 767 207 amum
790 191 836 198 —
860 172 1120 208 non'rnzoz
1536 171 1623 214 419

169 275 311 316 Pollux
344 277 381 327 7,
404 277 457 316 29
488 272 687 345 κατάγειν,
718 272 906 330 κάταγμα.
958 274 1001 316 τὸ
1030 273 1069 315 δ’
1092 273 1191 316 αὐτὸ
1222 274 1289 316 καὶ
1316 274 1489 329 μήρυμα.
1542 281 1623 316 τῶν

35 327 100 371 δὲ
130 329 258 372 νέων
296 346 365 380 τις
395 338 624 384 κωμικῶν
647 328 857 386 Ἐπιγένης
887 331 933 373 ἐν
962 333 1148 388 Ποντικῷ
1178 331 1254 385 ἔφη
1284 336 1366 373 κτλ.
1456 336 1494 373 1.
1528 347 1622 390 τους

52 388 143 429 add.
174 389 224 429 K.
315 391 353 430 2.
382 385 448 443 μ’]
484 387 526 429 δέ
553 387 596 442 μ’
629 391 681 431 Α.
715 413 764 420 ·-
796 391 846 432 cf.
879 391 1065 432 Phereer.
1098 393 1165 431 46.

819 501 845 544 8

326 557 555 600 διαπίνειν

164 637 384 691 προπίνειν.
406 636 636 692 Περιγὲνης.
669 639 903 690 Hesychius.
942 636 1153 692 Ἐπιγένης
1174 641 1386 681 Ruhnken.
1420 642 1469 680 of.
1495 642 1617 684 Mein.

51 695 89 734 V
110 697 176 736 93.
222 695 352 736 Schol.
382 696 518 746 Apoll.
549 696 677 736 Rhod.
709 697 747 745 3,
772 697 894 736 1378.
936 697 1109 738 Lobeck.
1141 698 1342 750 Aglaoph.
1373 699 1469 740 341.

165 753 256 792 Non
292 753 342 792 ad
378 754 590 803 comicum,
630 753 699 793 sed
738 753 788 792 ad
824 755 1127 805 grammaticum
1158 756 1380 807 Epigenem
1409 756 1615 806 pertinent

50 822 151 860 quae
181 810 411 851 Athenaeus
441 810 566 851 tradit
598 812 662 862 11,
684 811 818 862 4680,
850 811 920 851 ubi
951 808 1139 864 ἕπιμένης
1169 812 1217 854 A.

634 1049 678 1096 Δ
703 1048 744 1096 Ρ
770 1047 814 1098 Ο
839 1048 893 1097 Μ
916 1048 967 1097 Ω
992 1049 1039 1098 N

671 1152 842 1192 Meinek.
863 1152 882 1191 1
903 1153 1001 1192 418.

718 1274 942 1310 ΨΑΛΤΡΙΑ

819 1355 841 1395 l

961 1407 1343 1466 ὑπερῃσχυνόμην

190 1476 367 1533 μέλλων
398 1474 655 1532 ἀσύμβολος
684 1476 825 1519 πάλιν
855 1477 1081 1520 δειπνεῖν·
1114 1477 1254 1538 πάνυ·

190 1542 378 1600 αἰσχρὸν
405 1544 506 1600 γάρ.
556 1547 608 1587 Β.
641 1542 814 1601 ἀμέλει·
844 1543 925 1588 τὸν
963 1546 1254 1606 Τιθύμαλλον
1283 1547 1399 1600 γοῦν
1430 1542 1500 1588 ἀεὶ

194 1612 503 1668 ἐρυθρότερον
532 1610 701 1655 κόκκου
731 1611 1055 1668 περιπατοῦντ’
1079 1611 1180 1655 ἔσθ’
1204 1610 1342 1670 ὁρᾶν·

140 1690 161 1721 5
192 1679 338 1730 οὕτως
368 1679 561 1738 ἐρυθριᾷ
592 1681 824 1737 συμβολὰς
854 1679 909 1723 ού
940 1683 1209 1731 κατατιθείς.

161 1775 390 1815 Athenaeus
421 1775 458 1826 6,
482 1775 603 1815 240d
636 1772 806 1826 Δρόμων
837 1771 881 1813 ἐν
916 1774 1096 1830 Ψαλτρία
1127 1776 1207 1817 κτλ.
1317 1778 1353 1815 1.
1384 1771 1612 1828 ὑπερησχυ-

48 1829 179 1883 νόμην
209 1834 259 1871 A.
328 1833 364 1871 3.
393 1829 470 1884 γάρ
499 1831 590 1871 add.
613 1830 834 1883 Schweigh.
901 1836 1002 1884 γοῦν
1024 1854 1074 1860 -
1097 1827 1213 1885 ὁρᾶν]
1243 1824 1281 1884 γ’
1307 1829 1395 1871 οὐκ
1417 1855 1471 1862 —
1493 1830 1615 1888 ὁραν;

46 1889 97 1928 Κ.
185 1891 223 1927 5.
256 1885 425 1942 ἐρυθρια
455 1888 505 1928 A.
566 1901 725 1928 versum
756 1889 780 1927 5
812 1890 1051 1929 exterminat
1080 1889 1286 1929 Herwerd.
1310 1889 1407 1930 Obs.
1429 1891 1516 1931 crit.
1543 1892 1611 1931 80.

47 1946 169 1985 immo
199 1946 233 1985 si
262 1945 420 1986 deesset
449 1946 751 2001 desideraretur,

816 2055 844 2098 2

233 2132 330 2177 ἐπεὶ
360 2130 409 2176 δὲ
438 2137 611 2178 θᾶττον
638 2127 752 2191 ἦμεν
781 2133 1091 2191 ἠριστηκότες,

231 2198 275 2258 (ὁ
304 2203 425 2259 παῖς)
455 2205 654 2258 περιεῖλε
683 2203 763 2252 τὰς
791 2202 1027 2258 τραπέζας,
1058 2204 1254 2258 νίμματα

233 2268 379 2325 ἐπέχει
407 2285 495 2325 τις,
527 2268 851 2325 ἀπενιζόμεθα,
882 2268 988 2320 τούς
1018 2270 1273 2325 στεφάνους
1302 2271 1440 2314 πάλιν

231 2335 339 2387 τοὺς
368 2338 544 2393 ἰρίνους
573 2337 788 2393 λαβόντες
819 2336 1209 2394 ἐστεφανούμεθα.

159 2430 391 2471 Athenaeus
412 2432 450 2482 9,
466 2432 583 2471 4090
607 2429 784 2500 Δρόμων
808 2428 852 2470 ἐν
876 2430 1058 2485 Ψαλτρία
1087 2433 1167 2472 κτλ.
1247 2434 1284 2470 1.
1315 2424 1419 2499 ἦμεν
1447 2427 1609 2484 ἠριστη

45 2484 177 2539 κότες]
209 2483 464 2554 ἠριστηκότες
494 2481 609 2539 ἦμεν,
647 2501 728 2527 non
757 2481 860 2555 ἦμεν
888 2484 951 2539 ἦρ.
981 2470 1096 2539 ἦμεν,
1127 2489 1178 2527 Α.
1268 2489 1306 2526 2.
1337 2485 1359 2527 ὁ
1389 2491 1485 2535 παῖς
1515 2489 1607 2530 add

45 2545 213 2584 Porsen.
284 2538 310 2592 ἡ
343 2541 417 2593 μὲν
446 2543 670 2612 Schyeigb.
742 2539 883 2609 α’φεῖλε
913 2544 1120 2585 Herwerd.
1154 2545 1250 2585 Obs.
1274 2546 1364 2585 erit.
1387 2546 1455 2584 80.
1517 2544 1606 2595 νίμ-

45 2615 148 2651 ματα
178 2600 317 2639 Dindf.
322 2598 338 2652 ]
378 2597 538 2651 νίμματ’
571 2601 620 2642 A.
716 2602 756 2640 4.
788 2594 880 2648 τοὺς
910 2599 1061 2654 ἰρίνους
1093 2599 1285 2654 Casaub]
1316 2597 1359 2640 δὲ
1389 2600 1605 2654 σπορίνους

46 2657 96 2696 A.
123 2679 170 2686 —
194 2657 458 2696 coronantur
486 2659 618 2696 autem
649 2657 788 2705 denuo,
819 2661 866 2698 ut
894 2658 1076 2698 secundis
1098 2658 1246 2698 mensis
1267 2671 1308 2698 se
1329 2661 1603 2708 praeparent)

49 2714 170 2753 Mein.

1268 2892 1336 2927 27⁸
