1864 3204
649 231 912 266 ΛΜΑΖΟΝΕΣ
935 249 979 256 -
1004 231 1239 266 ΑΝἰίΛΑιΣ
1607 227 1692 269 283

399 339 493 382 τοῖς
521 328 685 383 ἀετοῖς·
725 324 852 375 οὗτοι
881 330 969 389 γὰρ
1000 330 1109 375 ὅταν
1138 323 1252 375 ὦσιν
1282 329 1398 387 νέοι,

402 399 453 443 ἐκ
483 403 576 444 τῶν
607 398 730 455 ὀρῶν
757 399 950 455 πρόβατ’
983 399 1193 444 ἐσθίουσι
1223 399 1298 443 καὶ
1327 397 1474 455 λαγώς

329 478 372 510 10
400 466 587 525 μετέωρ’
619 467 951 524 ἀναρπάζοντες
979 465 1068 512 ὑπὸ
1098 470 1176 525 τῆς
1205 467 1380 524 ἰσχύος·

400 534 508 579 ὅταν
538 535 588 579 δὲ
616 536 908 593 γηράσκωσιν
937 534 1023 594 ἤδη
1053 536 1153 580 τότε
1185 537 1348 594 (θεῶν)

402 603 476 647 ἐπὶ
505 602 612 656 τούς
641 605 756 656 νεώς
783 604 929 658 ἵζουσι
959 607 1205 655 πεινῶντες
1235 606 1402 655 κακῶς·

402 669 588 716 κᾶπειτα
617 672 741 716 τοῦτ’
773 669 890 716 εἶναι
919 675 1141 730 νομίζεται
1171 672 1314 728 τέρας.

400 741 476 784 καὶ
505 742 618 791 Λαῒς
648 739 798 795 ὀρθως
826 743 940 796 γοῦν
952 740 1184 823 νομίζοιτ’
1216 757 1272 785 αν
1302 735 1452 797 τέρας·

332 819 373 851 15
403 807 516 865 αὕτη
545 825 632 865 γαρ
663 802 752 853 οὖν
781 807 909 853 ὁπότ’
941 803 1000 867 ἦν
1028 808 1212 861 νεοττὸς
1240 808 1316 853 καὶ
1346 810 1447 863 νέα,

401 875 491 921 ὑπὸ
519 879 611 920 τῶν
640 878 876 935 στατήρων
905 873 964 935 ἦν
994 877 1335 936 ἀπηγριωμένη,
1376 920 1392 927 ,,

402 943 516 998 εἶδες
545 944 587 989 δ’
612 962 671 989 αν
700 943 838 1002 αὐτῆς
869 948 1168 1003 Φαρνάβαζον
1195 950 1369 990 θᾶττον
1400 963 1471 989 αν.

403 1015 498 1058 ἐπεὶ
530 1015 579 1058 δὲ
609 1013 792 1070 δόλιχον
821 1023 914 1067 τοῖς
943 1017 1090 1059 ἔτεσιν
1119 1014 1207 1072 ἤδη
1238 1014 1405 1071 τρέχει,

400 1081 479 1134 τὰς
507 1081 727 1139 ἁρμονίας
751 1099 799 1137 τε
828 1084 1021 1142 διαχαλᾷ
1051 1087 1132 1127 τοῦ
1164 1082 1391 1139 σώματος,

329 1162 374 1192 20
405 1153 523 1195 ἰδεῖν
550 1152 635 1207 μὲν
665 1149 808 1208 αὐτὴν
839 1152 954 1209 ῥᾷόν
985 1154 1081 1196 ἐστι
1111 1153 1187 1195 καὶ
1218 1150 1405 1195 πτύσαι·

404 1218 630 1276 ἐξέρχεταί
655 1235 704 1263 τε
734 1219 980 1276 πανταχόσ’
1014 1220 1101 1277 ἤδη
1133 1221 1345 1277 πιομένη,

403 1288 576 1344 δέχεται
607 1289 656 1331 δὲ
687 1287 764 1331 καὶ
793 1292 990 1345 στατῆρα
1021 1290 1096 1332 καὶ
1127 1288 1393 1346 τριώβολον,

402 1359 636 1411 προσίεται
666 1356 715 1399 δὲ
746 1358 820 1400 καὶ
850 1358 1042 1413 γέροντα
1072 1356 1147 1401 καὶ
1177 1358 1304 1401 νέον·

403 1422 524 1467 οὕτω
546 1425 595 1468 δὲ
616 1421 802 1476 τιθασὸς
822 1425 1025 1481 γέγονεν,
1056 1423 1180 1481 ὥστ’,
1212 1420 1250 1469 ὦ
1271 1428 1481 1482 φίλτατε,

333 1503 376 1533 25
406 1492 654 1549 τάργύριον
687 1494 738 1537 ἐκ
768 1496 846 1550 τῆς
876 1493 1024 1550 χειρὸς
1052 1492 1140 1551 ἤδη
1172 1495 1405 1551 λαμβάνει.

246 1587 473 1627 Athenaeus
506 1589 578 1638 13,
601 1588 718 1627 570b
758 1585 827 1636 τὰς
862 1586 938 1659 μὲν
972 1586 1094 1636 άλλας
1129 1585 1380 1642 -Ἱέρακος
1411 1586 1560 1639 νόμον,
1587 1582 1697 1623 Ἐπι-

133 1643 283 1695 κράτης
312 1642 436 1695 φησιν
465 1641 510 1684 ἐν
535 1619 764 1686 ’A’vttml'da
823 1643 867 1684 ἐν
902 1639 936 1700 ᾤ
973 1644 1145 1698 δράματι
1174 1645 1241 1685 καὶ
1271 1643 1362 1697 περὶ
1392 1644 1462 1696 τῆς
1492 1645 1694 1694 πολυθρυ-

132 1701 251 1752 λήτου
290 1701 447 1749 Λαΐδος
486 1698 578 1741 τάδε
616 1699 738 1752 λέγει·
773 1699 880 1765 αὕτη
907 1686 962 1742 δὲ
991 1706 1074 1743 κτλ.
1162 1718 1199 1743 v.
1239 1705 1263 1743 5
1297 1706 1337 1742 et
1368 1704 1422 1742 24
1459 1701 1695 1741 Eustathius

135 1760 265 1807 1403,
287 1760 340 1797 57
386 1755 523 1809 όμοιον
561 1763 614 1813 τῷ
646 1753 806 1807 κλυτὸς
837 1757 1118 1812 Ἱπποδάμεια’
1153 1759 1220 1800 καὶ
1257 1764 1311 1799 τῶ
1348 1756 1395 1810 ’ἡ
1427 1757 1536 1805 Λαις
1572 1752 1695 1809 ἀργός

134 1813 215 1854 ε’στι
253 1812 320 1854 καὶ
358 1814 512 1862 πότις’.
564 1814 630 1854 καὶ
660 1830 714 1854 τω
748 1814 938 1865 “τιθασὸς
968 1813 1144 1887 γέγονεν’
1177 1813 1203 1868 ἡ
1243 1800 1345 1868 αυτὴ
1383 1810 1534 1867 δηλαδὴ
1573 1814 1695 1860 Λαΐς.

136 1874 172 1911 1.
194 1867 262 1919 τοὶς
282 1869 359 1923 μὲν
380 1869 457 1924 γὰρ
480 1856 699 1941 Sohweigh.
723 1876 763 1913 et
792 1874 933 1926 quidni
962 1873 1030 1915 καὶ
1059 1871 1129 1922 τὰς
1159 1873 1262 1926 μὲνῖ
1351 1874 1389 1915 3.
1421 1873 1607 1912 lacunam
1638 1873 1695 1910 in-

133 1929 282 1969 dicavit
301 1929 487 1969 Dindorf.
519 1924 669 1981 Ἑρμοῦ
698 1927 836 1982 νόμον,
867 1925 1006 1979 Πανὸς
1038 1930 1161 1984 νόμον
1190 1931 1334 1971 inserit
1355 1929 1492 1970 Cobet.
1510 1929 1562 1968 N.
1576 1930 1602 1967 l.
1626 1930 1695 1967 33.

134 1987 172 2025 5.
210 1982 332 2039 αὕτη]
362 1979 465 2037 αὐτὴ
496 1985 718 2038 Schweigh.
767 2002 889 2038 αντη,
928 1991 1014 2036 λαϊς
1046 1986 1185 2042 ἄργος,
1223 2001 1334 2035 ποτις
1364 1987 1412 2029 A
1503 1987 1541 2028 7.
1574 1980 1696 2023 ταύτα

135 2040 377 2097 Schweigh]
399 2048 522 2082 ταῦτα
544 2044 593 2082 Α.
675 2045 741 2085 10.
764 2041 843 2085 ὑπὸ
863 2045 1028 2088 Porson.
1052 2046 1306 2086 Arist.P1ut.
1324 2045 1377 2084 98
1398 2058 1437 2094 p.
1451 2039 1523 2095 11]
1547 2039 1626 2082 ἀπὸ
1646 2042 1694 2083 A.

137 2101 202 2139 11.
243 2102 354 2139 θεῶν
384 2101 474 2141 add.
507 2101 626 2142 Mein.
667 2098 751 2152 ἤδη
789 2099 905 2151 ποτέ,
943 2101 1028 2142 τότε
1068 2103 1238 2144 casaub.
1357 2102 1423 2141 1.2
1461 2098 1615 2147 ἴζουσιν
1644 2100 1695 2138 A.

137 2158 202 2196 14.
234 2154 352 2210 γοῦν]
386 2162 462 2196 νῦν
500 2157 619 2196 Mein.
652 2159 693 2198 in
722 2159 818 2199 Ath.
870 2172 950 2200 om.
980 2160 1080 2213 γοῦν
1109 2161 1158 2200 A.
1280 2160 1344 2198 15.
1383 2172 1459 2197 ουν
1495 2152 1611 2196 ὁπότ’
1644 2150 1697 2206 ἦν

135 2212 290 2261 νεοττὸς
319 2214 370 2253 Α.
422 2211 511 2266 νέα]
542 2208 642 2264 καλή
671 2216 877 2255 Herwerd.
907 2217 1011 2258 Nov.
1043 2218 1133 2257 add.
1165 2217 1254 2257 crit.
1287 2217 1353 2255 29.
1383 2215 1532 2255 nubem
1563 2227 1694 2253 exem-

135 2270 294 2320 plorum
331 2271 534 2322 congessit
572 2271 745 2312 Lobeck'.
776 2273 947 2324 Paralip.
981 2275 1048 2314 61.
1079 2276 1104 2313 2
1141 2275 1191 2313 ad
1227 2273 1438 2313 tutandam
1466 2272 1695 2322 vulgatan13

134 2327 259 2366 nihilo
289 2329 419 2367 minus
454 2329 615 2379 poe‘cam
655 2330 861 2380 scripsisse
898 2330 1014 2370 oredo
1044 2329 1112 2370 καὶ
1140 2327 1283 2381 πλέα,
1326 2330 1427 2369 conl.
1459 2328 1585 2369 Arist.
1618 2327 1694 2377 Eq.

139 2385 261 2424 1129.
361 2386 424 2424 17.
455 2381 627 2439 θᾶττον]
659 2385 759 2440 ῥᾶον
788 2387 908 2426 Mein.
940 2387 1056 2427 Anal.
1091 2388 1185 2427 Ath.
1219 2360 1314 2426 266.
1408 2387 1477 2426 20.
1510 2382 1614 2422 ἔστιν
1647 2385 1694 2422 A·

138 2437 299 2479 ἐστιν“
269 2456 295 2491 η
328 2439 477 2479 πτύσαι
506 2426 711 2485 Herwerd.
745 2442 839 2483 obs.
872 2443 960 2483 crit.
993 2445 1059 2484 65.
1084 2446 1123 2485 6.
1162 2444 1335 2493 ‘facilius
1363 2446 1417 2483 cst
1455 2455 1541 2482 cam
1570 2442 1696 2480 videre

137 2510 256 2546 quam
274 2498 434 2547 spuere'
457 2498 562 2550 quod
584 2501 719 2539 tamen
741 2501 917 2539 omnium
938 2501 1170 2541 facillimum
1192 2504 1268 2540 est.
1314 2496 1379 2538 καὶ
1402 2497 1523 2538 κύσαι
1543 2498 1695 2537 Iacobs

136 2554 240 2593 Add.
271 2555 365 2593 Ath.
389 2555 484 2595 304.
573 2556 640 2595 21.
671 2554 840 2608 πῑομένη
870 2557 913 2596 in
940 2559 1052 2622 ,exitu
1074 2571 1210 2598 versus
1240 2557 1406 2597 tolerari
1435 2568 1516 2595 non
1546 2555 1694 2604 potest.

136 2608 334 2662 πενομένη
363 2610 483 2651 Mein
515 2611 632 2652 Anal.
665 2613 760 2652 Ath.
793 2626 872 2652 που
900 2610 1002 2665 μόνη
1033 2615 1081 2655 G.
1103 2615 1239 2656 Herm.
1269 2614 1504 2654 facillimum
1535 2611 1696 2651 videtur

138 2665 400 2719 πετομένη.
441 2668 491 2707 cf.
524 2668 649 2709 Arist.
681 2670 776 2721 Lys.
810 2671 876 2711 55.
975 2673 1043 2712 24.
1075 2671 1259 2722 φίλταται
1288 2672 1343 2721 A,
1376 2670 1546 2709 fortasse
1576 2669 1694 2707 recte.

253 2726 292 2764 2.
322 2724 465 2763 Pollux
486 2724 524 2773 4,
549 2725 616 2764 78.
639 2727 663 2765 9
694 2724 808 2777 νόμοι
836 2724 880 2766 δὲ
904 2723 1115 2780 Ὀλύμπου
1130 2727 1197 2767 καὶ
1228 2724 1485 2791 Μαρσύου..
1505 2722 1599 2764 ,καὶ
1631 2718 1695 2762 νό-

137 2795 208 2833 μος
240 2778 279 2820 δ’
313 2774 367 2832 ἦν
391 2776 577 2849 Ἱέρακος·
615 2778 637 2821 ὁ
667 2779 711 2821 δὲ
735 2778 859 2835 Ἱέραξ
888 2782 977 2833 νέος
1006 2784 1080 2837 μὲν
1100 2783 1299 2834 ἐτελεύτα,
1325 2778 1526 2834 Ὀλύμπου
1548 2776 1693 2835 (mist.

138 2840 216 2889 Eq.
251 2835 296 2891 9)
327 2833 367 2875 δ’
400 2831 453 2887 ἦν
481 2834 635 2902 οἰκέτης
664 2837 731 2878 καὶ
757 2839 943 2910 μαθητὴς
973 2839 1041 2881 καὶ
1072 2838 1279 2894 ἕρωμενος.
1328 2841 1437 2880 iocus
1468 2838 1697 2878 continetur

141 2896 370 2936 confusione
398 2895 605 2936 nominum
635 2893 742 2948 ἱέραξ
773 2900 813 2937 et
835 2893 970 2950 ’.Ιέραξ
1091 2900 1153 2939 12.
1187 2898 1386 2937 ‘insident
1414 2896 1571 2948 aquilae
1600 2900 1695 2938 tem-
