<?xml version="1.0" encoding="UTF-8"?>
<!DOCTYPE html PUBLIC "-//W3C//DTD XHTML 1.0 Transitional//EN"
    "http://www.w3.org/TR/xhtml1/DTD/xhtml1-transitional.dtd">
<html xmlns="http://www.w3.org/1999/xhtml" xml:lang="en" lang="en">
 <head>
  <title>
</title>
<meta http-equiv="Content-Type" content="text/html;charset=utf-8" />
  <meta name='ocr-system' content='tesseract 3.04.00' />
  <meta name='ocr-capabilities' content='ocr_page ocr_carea ocr_par ocr_line ocrx_word'/>
</head>
<body>
  <div class='ocr_page' id='page_1' title='image "./comicorumatticor02kockuoft_0544.png"; bbox 0 0 1806 3216; ppageno 0'>
   <div class='ocr_carea' id='block_1_1' title="bbox 181 143 1110 190">
    <p class='ocr_par' dir='ltr' id='par_1_1' title="bbox 181 143 1110 190">
     <span class='ocr_line' id='line_1_1' title="bbox 181 143 1110 190; baseline -0.016 0"><span class='ocrx_word' id='word_1_1' title='bbox 181 148 263 190; x_wconf 81' lang='lat'><em>538</em></span> <span class='ocrx_word' id='word_1_2' title='bbox 812 143 1110 178; x_wconf 77' lang='grc' dir='ltr'><em>ΦιΛΗΜοΝοΣ</em></span> 
     </span>
    </p>
   </div>
   <div class='ocr_carea' id='block_1_2' title="bbox 381 244 1542 379">
    <p class='ocr_par' dir='ltr' id='par_1_2' title="bbox 381 244 1542 379">
     <span class='ocr_line' id='line_1_2' title="bbox 911 244 992 286; baseline 0 -1"><span class='ocrx_word' id='word_1_3' title='bbox 911 244 992 286; x_wconf 84' lang='grc'><em>237</em></span> 
     </span>
     <span class='ocr_line' id='line_1_3' title="bbox 381 317 1542 379; baseline -0.004 -13"><span class='ocrx_word' id='word_1_4' title='bbox 381 324 675 379; x_wconf 79' lang='grc' dir='ltr'><em>βεβαιοτέραν</em></span> <span class='ocrx_word' id='word_1_5' title='bbox 705 324 776 378; x_wconf 85' lang='grc' dir='ltr'><em>ἔχε</em></span> <span class='ocrx_word' id='word_1_6' title='bbox 805 320 886 378; x_wconf 86' lang='grc' dir='ltr'><em>τὴν</em></span> <span class='ocrx_word' id='word_1_7' title='bbox 917 323 1075 377; x_wconf 82' lang='grc' dir='ltr'><strong><em>φιλίαν</em></strong></span> <span class='ocrx_word' id='word_1_8' title='bbox 1105 317 1220 375; x_wconf 84' lang='grc' dir='ltr'><em>πρὸς</em></span> <span class='ocrx_word' id='word_1_9' title='bbox 1248 319 1354 370; x_wconf 81' lang='grc' dir='ltr'><em>τοὺς</em></span> <span class='ocrx_word' id='word_1_10' title='bbox 1382 327 1542 375; x_wconf 77' lang='grc' dir='ltr'><em>γονεῖς.</em></span> 
     </span>
    </p>
   </div>
   <div class='ocr_carea' id='block_1_3' title="bbox 294 411 1801 466">
    <p class='ocr_par' dir='ltr' id='par_1_3' title="bbox 294 411 1801 466">
     <span class='ocr_line' id='line_1_4' title="bbox 294 411 1801 466; baseline -0.004 -8"><span class='ocrx_word' id='word_1_11' title='bbox 294 419 489 458; x_wconf 80' lang='lat' dir='ltr'><em>Stobaeus</em></span> <span class='ocrx_word' id='word_1_12' title='bbox 529 418 666 457; x_wconf 88' lang='lat' dir='ltr'>Floril.</span> <span class='ocrx_word' id='word_1_13' title='bbox 701 418 773 463; x_wconf 84' lang='lat'><em>79,</em></span> <span class='ocrx_word' id='word_1_14' title='bbox 807 417 856 455; x_wconf 90' lang='grc'><em>31</em></span> <span class='ocrx_word' id='word_1_15' title='bbox 900 411 1151 466; x_wconf 79' lang='grc' dir='ltr'><strong><em>Χαιρήμονος</em></strong></span> <span class='ocrx_word' id='word_1_16' title='bbox 1182 415 1229 453; x_wconf 88' lang='grc' dir='ltr'><em>Α.</em></span> <span class='ocrx_word' id='word_1_17' title='bbox 1293 414 1404 453; x_wconf 82' lang='lat' dir='ltr'>Stob.</span> <span class='ocrx_word' id='word_1_18' title='bbox 1435 415 1539 453; x_wconf 88' lang='lat' dir='ltr'>Flor.</span> <span class='ocrx_word' id='word_1_19' title='bbox 1573 415 1647 464; x_wconf 85' lang='lat'><em>79,</em></span> <span class='ocrx_word' id='word_1_20' title='bbox 1680 415 1735 453; x_wconf 89' lang='lat'><em>30</em></span> <span class='ocrx_word' id='word_1_21' title='bbox 1799 460 1801 462; x_wconf 15' lang='lat' dir='ltr'>q</span> 
     </span>
    </p>
   </div>
   <div class='ocr_carea' id='block_1_4' title="bbox 180 470 1733 639">
    <p class='ocr_par' dir='ltr' id='par_1_4' title="bbox 180 470 1733 639">
     <span class='ocr_line' id='line_1_5' title="bbox 180 470 1733 525; baseline -0.003 -11"><span class='ocrx_word' id='word_1_22' title='bbox 180 470 400 525; x_wconf 81' lang='grc' dir='ltr'><em>Φιλήμονος</em></span> <span class='ocrx_word' id='word_1_23' title='bbox 430 476 467 514; x_wconf 91' lang='grc' dir='ltr'><strong>Α</strong></span> <span class='ocrx_word' id='word_1_24' title='bbox 500 473 566 524; x_wconf 87' lang='lat' dir='ltr'>(cf.</span> <span class='ocrx_word' id='word_1_25' title='bbox 593 472 703 523; x_wconf 84' lang='grc'>199).</span> <span class='ocrx_word' id='word_1_26' title='bbox 766 473 966 512; x_wconf 80' lang='lat' dir='ltr'>‘lemmata</span> <span class='ocrx_word' id='word_1_27' title='bbox 996 472 1304 522; x_wconf 70' lang='lat' dir='ltr'>transponenda?</span> <span class='ocrx_word' id='word_1_28' title='bbox 1338 474 1472 510; x_wconf 86' lang='lat' dir='ltr'>censet</span> <span class='ocrx_word' id='word_1_29' title='bbox 1499 470 1549 509; x_wconf 88' lang='lat' dir='ltr'><em>A.</em></span> <span class='ocrx_word' id='word_1_30' title='bbox 1579 470 1733 510; x_wconf 80' lang='lat' dir='ltr'><strong>Nauck.</strong></span> 
     </span>
     <span class='ocr_line' id='line_1_6' title="bbox 183 526 1732 583; baseline -0.004 -11"><span class='ocrx_word' id='word_1_31' title='bbox 183 533 382 572; x_wconf 84' lang='lat' dir='ltr'>Chaerem.</span> <span class='ocrx_word' id='word_1_32' title='bbox 407 533 459 570; x_wconf 85' lang='lat'><em>35</em></span> <span class='ocrx_word' id='word_1_33' title='bbox 493 530 548 581; x_wconf 88' lang='lat' dir='ltr'><em>(p.</em></span> <span class='ocrx_word' id='word_1_34' title='bbox 573 526 689 583; x_wconf 83' lang='lat'>613).</span> <span class='ocrx_word' id='word_1_35' title='bbox 749 530 885 569; x_wconf 87' lang='lat' dir='ltr'>comici</span> <span class='ocrx_word' id='word_1_36' title='bbox 915 531 1244 580; x_wconf 38' lang='lat' dir='ltr'>poetaefversum</span> <span class='ocrx_word' id='word_1_37' title='bbox 1275 541 1360 567; x_wconf 83' lang='lat' dir='ltr'>esse</span> <span class='ocrx_word' id='word_1_38' title='bbox 1391 530 1561 567; x_wconf 86' lang='lat' dir='ltr'>metrum</span> <span class='ocrx_word' id='word_1_39' title='bbox 1588 527 1732 578; x_wconf 80' lang='lat' dir='ltr'>arguit.</span> 
     </span>
     <span class='ocr_line' id='line_1_7' title="bbox 182 585 672 639; baseline -0.004 -12"><span class='ocrx_word' id='word_1_40' title='bbox 182 586 255 639; x_wconf 86' lang='grc' dir='ltr'><em>τὴν</em></span> <span class='ocrx_word' id='word_1_41' title='bbox 284 587 422 638; x_wconf 83' lang='grc' dir='ltr'><strong><em>φιλίαν</em></strong></span> <span class='ocrx_word' id='word_1_42' title='bbox 451 585 512 637; x_wconf 78' lang='grc' dir='ltr'><em>ἔχε</em></span> <span class='ocrx_word' id='word_1_43' title='bbox 542 588 672 626; x_wconf 86' lang='lat' dir='ltr'>Trinc.</span> 
     </span>
    </p>
   </div>
   <div class='ocr_carea' id='block_1_5' title="bbox 386 639 1526 774">
    <p class='ocr_par' dir='ltr' id='par_1_5' title="bbox 386 639 1526 774">
     <span class='ocr_line' id='line_1_8' title="bbox 920 639 1003 681; baseline 0.012 -1"><span class='ocrx_word' id='word_1_44' title='bbox 920 639 1003 681; x_wconf 78' lang='lat'><em>238</em></span> 
     </span>
     <span class='ocr_line' id='line_1_9' title="bbox 386 710 1526 774; baseline -0.003 -12"><span class='ocrx_word' id='word_1_45' title='bbox 386 720 435 762; x_wconf 85' lang='grc' dir='ltr'><em>ἐκ</em></span> <span class='ocrx_word' id='word_1_46' title='bbox 466 721 547 762; x_wconf 83' lang='grc' dir='ltr'><em>τοῦ</em></span> <span class='ocrx_word' id='word_1_47' title='bbox 578 721 846 774; x_wconf 79' lang='grc' dir='ltr'><em>φιλοπονεῖν</em></span> <span class='ocrx_word' id='word_1_48' title='bbox 876 715 1025 773; x_wconf 78' lang='grc' dir='ltr'><em>γίνεθ’</em></span> <span class='ocrx_word' id='word_1_49' title='bbox 1059 710 1124 760; x_wconf 73' lang='grc' dir='ltr'><em>ὧν</em></span> <span class='ocrx_word' id='word_1_50' title='bbox 1153 717 1301 768; x_wconf 80' lang='grc' dir='ltr'><em>θέλεις</em></span> <span class='ocrx_word' id='word_1_51' title='bbox 1330 723 1526 773; x_wconf 84' lang='grc' dir='ltr'><em>κρατεῖν.</em></span> 
     </span>
    </p>
   </div>
   <div class='ocr_carea' id='block_1_6' title="bbox 181 811 1738 966">
    <p class='ocr_par' dir='ltr' id='par_1_6' title="bbox 181 811 1738 966">
     <span class='ocr_line' id='line_1_10' title="bbox 296 811 1738 856; baseline -0.002 -4"><span class='ocrx_word' id='word_1_52' title='bbox 296 813 490 853; x_wconf 81' lang='lat' dir='ltr'>Stobaous</span> <span class='ocrx_word' id='word_1_53' title='bbox 511 814 649 852; x_wconf 85' lang='lat' dir='ltr'>Floril.</span> <span class='ocrx_word' id='word_1_54' title='bbox 670 814 734 856; x_wconf 78' lang='lat'><em>29,</em></span> <span class='ocrx_word' id='word_1_55' title='bbox 754 814 818 851; x_wconf 83' lang='lat'><em>29.</em></span> <span class='ocrx_word' id='word_1_56' title='bbox 861 813 971 851; x_wconf 85' lang='lat' dir='ltr'>deest</span> <span class='ocrx_word' id='word_1_57' title='bbox 1001 813 1143 851; x_wconf 86' lang='lat' dir='ltr'>lemma</span> <span class='ocrx_word' id='word_1_58' title='bbox 1172 813 1213 850; x_wconf 91' lang='lat' dir='ltr'><em>in</em></span> <span class='ocrx_word' id='word_1_59' title='bbox 1235 811 1285 850; x_wconf 88' lang='lat' dir='ltr'><em>A.</em></span> <span class='ocrx_word' id='word_1_60' title='bbox 1326 812 1394 851; x_wconf 87' lang='lat' dir='ltr'><em>sed</em></span> <span class='ocrx_word' id='word_1_61' title='bbox 1424 811 1580 850; x_wconf 82' lang='lat' dir='ltr'>medius</span> <span class='ocrx_word' id='word_1_62' title='bbox 1610 812 1738 849; x_wconf 77' lang='lat' dir='ltr'>exstat</span> 
     </span>
     <span class='ocr_line' id='line_1_11' title="bbox 181 867 1738 966; baseline -0.003 -57"><span class='ocrx_word' id='word_1_63' title='bbox 181 871 445 966; x_wconf 52' lang='grc' dir='ltr'><em>ἒίιέἐίἓεὶῐήθτ</em></span> <span class='ocrx_word' id='word_1_64' title='bbox 465 870 541 909; x_wconf 88' lang='lat' dir='ltr'><em>duo</em></span> <span class='ocrx_word' id='word_1_65' title='bbox 562 870 805 908; x_wconf 82' lang='lat' dir='ltr'>Philemonis</span> <span class='ocrx_word' id='word_1_66' title='bbox 826 870 1068 920; x_wconf 83' lang='lat' dir='ltr'>fragmenta:</span> <span class='ocrx_word' id='word_1_67' title='bbox 1091 871 1334 919; x_wconf 83' lang='lat' dir='ltr'>quapropter</span> <span class='ocrx_word' id='word_1_68' title='bbox 1349 867 1573 907; x_wconf 83' lang='lat' dir='ltr'>Philemoni</span> <span class='ocrx_word' id='word_1_69' title='bbox 1597 867 1738 906; x_wconf 78' lang='lat' dir='ltr'>tribuit</span> 
     </span>
    </p>
   </div>
   <div class='ocr_carea' id='block_1_7' title="bbox 488 979 1410 1114">
    <p class='ocr_par' dir='ltr' id='par_1_7' title="bbox 488 979 1410 1114">
     <span class='ocr_line' id='line_1_12' title="bbox 912 979 996 1021; baseline 0.012 -1"><span class='ocrx_word' id='word_1_70' title='bbox 912 979 996 1021; x_wconf 87' lang='grc'><em>239</em></span> 
     </span>
     <span class='ocr_line' id='line_1_13' title="bbox 488 1053 1410 1114; baseline -0.002 -13"><span class='ocrx_word' id='word_1_71' title='bbox 488 1060 590 1113; x_wconf 89' lang='grc' dir='ltr'><em>βίον</em></span> <span class='ocrx_word' id='word_1_72' title='bbox 622 1057 763 1100; x_wconf 86' lang='grc' dir='ltr'><em>καλὸν</em></span> <span class='ocrx_word' id='word_1_73' title='bbox 793 1059 865 1113; x_wconf 78' lang='grc' dir='ltr'><em>ζῇς</em></span> <span class='ocrx_word' id='word_1_74' title='bbox 895 1053 951 1100; x_wconf 73' lang='grc' dir='ltr'><em>ἂν</em></span> <span class='ocrx_word' id='word_1_75' title='bbox 981 1064 1176 1112; x_wconf 80' lang='grc' dir='ltr'><em>γυναῖκα</em></span> <span class='ocrx_word' id='word_1_76' title='bbox 1205 1056 1265 1113; x_wconf 82' lang='grc' dir='ltr'><em>μὴ</em></span> <span class='ocrx_word' id='word_1_77' title='bbox 1297 1059 1410 1114; x_wconf 79' lang='grc' dir='ltr'><em>ἔχῃς.</em></span> 
     </span>
    </p>
   </div>
   <div class='ocr_carea' id='block_1_8' title="bbox 180 1149 1736 1320">
    <p class='ocr_par' dir='ltr' id='par_1_8' title="bbox 180 1149 1736 1320">
     <span class='ocr_line' id='line_1_14' title="bbox 297 1149 1736 1202; baseline -0.003 -9"><span class='ocrx_word' id='word_1_78' title='bbox 297 1155 491 1193; x_wconf 84' lang='lat' dir='ltr'>Stobaeus</span> <span class='ocrx_word' id='word_1_79' title='bbox 522 1154 661 1192; x_wconf 84' lang='lat' dir='ltr'>Floril.</span> <span class='ocrx_word' id='word_1_80' title='bbox 687 1152 752 1201; x_wconf 87' lang='lat'><em>68,</em></span> <span class='ocrx_word' id='word_1_81' title='bbox 777 1154 830 1192; x_wconf 83' lang='lat'><em>20</em></span> <span class='ocrx_word' id='word_1_82' title='bbox 862 1152 1008 1190; x_wconf 83' lang='grc' dir='ltr'><em>Φϊλΐτα</em></span> <span class='ocrx_word' id='word_1_83' title='bbox 1028 1152 1077 1192; x_wconf 91' lang='lat' dir='ltr'><em>A.</em></span> <span class='ocrx_word' id='word_1_84' title='bbox 1131 1152 1260 1191; x_wconf 83' lang='lat' dir='ltr'>Trinc.</span> <span class='ocrx_word' id='word_1_85' title='bbox 1282 1149 1469 1202; x_wconf 83' lang='grc' dir='ltr'><em>Φιλήτου.</em></span> <span class='ocrx_word' id='word_1_86' title='bbox 1520 1151 1736 1190; x_wconf 84' lang='lat' dir='ltr'>Menandro</span> 
     </span>
     <span class='ocr_line' id='line_1_15' title="bbox 180 1202 1736 1261; baseline -0.003 -11"><span class='ocrx_word' id='word_1_87' title='bbox 180 1211 370 1250; x_wconf 76' lang='lat' dir='ltr'>tribuitur</span> <span class='ocrx_word' id='word_1_88' title='bbox 390 1211 624 1250; x_wconf 85' lang='lat' dir='ltr'>Boissonad.</span> <span class='ocrx_word' id='word_1_89' title='bbox 647 1210 796 1248; x_wconf 87' lang='lat' dir='ltr'>Anecd.</span> <span class='ocrx_word' id='word_1_90' title='bbox 819 1223 879 1260; x_wconf 85' lang='lat' dir='ltr'><em>gr.</em></span> <span class='ocrx_word' id='word_1_91' title='bbox 901 1209 920 1248; x_wconf 95' lang='lat' dir='ltr'>I</span> <span class='ocrx_word' id='word_1_92' title='bbox 944 1210 1036 1248; x_wconf 84' lang='lat'>159.</span> <span class='ocrx_word' id='word_1_93' title='bbox 1069 1209 1121 1248; x_wconf 85' lang='lat' dir='ltr'><em>cf.</em></span> <span class='ocrx_word' id='word_1_94' title='bbox 1143 1211 1312 1248; x_wconf 85' lang='lat' dir='ltr'>monost.</span> <span class='ocrx_word' id='word_1_95' title='bbox 1331 1210 1396 1248; x_wconf 88' lang='grc'><em>78.</em></span> <span class='ocrx_word' id='word_1_96' title='bbox 1477 1204 1590 1260; x_wconf 78' lang='grc' dir='ltr'><em>ἔχῃς]</em></span> <span class='ocrx_word' id='word_1_97' title='bbox 1612 1202 1736 1261; x_wconf 80' lang='grc' dir='ltr'><em>λάβῃς</em></span> 
     </span>
     <span class='ocr_line' id='line_1_16' title="bbox 181 1264 756 1320; baseline -0.003 -14"><span class='ocrx_word' id='word_1_98' title='bbox 181 1268 409 1309; x_wconf 83' lang='lat' dir='ltr'>Wakefield.</span> <span class='ocrx_word' id='word_1_99' title='bbox 459 1264 603 1320; x_wconf 73' lang='grc' dir='ltr'><em>τρέψῃς</em></span> <span class='ocrx_word' id='word_1_100' title='bbox 636 1267 756 1305; x_wconf 85' lang='lat' dir='ltr'>Mein.</span> 
     </span>
    </p>
   </div>
   <div class='ocr_carea' id='block_1_9' title="bbox 507 1341 1367 1476">
    <p class='ocr_par' dir='ltr' id='par_1_9' title="bbox 507 1341 1367 1476">
     <span class='ocr_line' id='line_1_17' title="bbox 913 1341 996 1383; baseline 0 0"><span class='ocrx_word' id='word_1_101' title='bbox 913 1341 996 1383; x_wconf 90' lang='grc'><em>240</em></span> 
     </span>
     <span class='ocr_line' id='line_1_18' title="bbox 507 1419 1367 1476; baseline -0.001 -13"><span class='ocrx_word' id='word_1_102' title='bbox 507 1419 646 1464; x_wconf 81' lang='grc' dir='ltr'><em>πάνθ’</em></span> <span class='ocrx_word' id='word_1_103' title='bbox 681 1419 704 1463; x_wconf 87' lang='grc' dir='ltr'><em>ὁ</em></span> <span class='ocrx_word' id='word_1_104' title='bbox 734 1422 896 1476; x_wconf 77' lang='grc' dir='ltr'><em>χρόνος</em></span> <span class='ocrx_word' id='word_1_105' title='bbox 926 1419 949 1463; x_wconf 91' lang='grc' dir='ltr'>ὁ</span> <span class='ocrx_word' id='word_1_106' title='bbox 980 1420 1116 1476; x_wconf 79' lang='grc' dir='ltr'><em>μέγας</em></span> <span class='ocrx_word' id='word_1_107' title='bbox 1146 1422 1367 1476; x_wconf 77' lang='grc' dir='ltr'><strong><em>μαραίνει.</em></strong></span> 
     </span>
    </p>
   </div>
   <div class='ocr_carea' id='block_1_10' title="bbox 182 1510 1736 1679">
    <p class='ocr_par' dir='ltr' id='par_1_10' title="bbox 182 1510 1736 1679">
     <span class='ocr_line' id='line_1_19' title="bbox 296 1510 1736 1567; baseline -0.001 -13"><span class='ocrx_word' id='word_1_108' title='bbox 296 1516 488 1555; x_wconf 82' lang='lat' dir='ltr'>Stobaeus</span> <span class='ocrx_word' id='word_1_109' title='bbox 519 1516 601 1554; x_wconf 85' lang='lat' dir='ltr'>Ecl.</span> <span class='ocrx_word' id='word_1_110' title='bbox 638 1517 677 1566; x_wconf 91' lang='grc'><em>1,</em></span> <span class='ocrx_word' id='word_1_111' title='bbox 701 1517 738 1566; x_wconf 87' lang='grc'>8,</span> <span class='ocrx_word' id='word_1_112' title='bbox 762 1516 814 1554; x_wconf 89' lang='grc'><em>24</em></span> <span class='ocrx_word' id='word_1_113' title='bbox 846 1519 916 1553; x_wconf 84' lang='grc' dir='ltr'><em>τοῦ</em></span> <span class='ocrx_word' id='word_1_114' title='bbox 945 1510 1069 1553; x_wconf 82' lang='grc' dir='ltr'><em>αὐτοῦ</em></span> <span class='ocrx_word' id='word_1_115' title='bbox 1102 1515 1146 1566; x_wconf 90' lang='lat' dir='ltr'>(i.</span> <span class='ocrx_word' id='word_1_116' title='bbox 1179 1528 1212 1553; x_wconf 86' lang='lat' dir='ltr'><em>e.</em></span> <span class='ocrx_word' id='word_1_117' title='bbox 1247 1510 1489 1567; x_wconf 78' lang='grc' dir='ltr'><em>Φιλήμονος)</em></span> <span class='ocrx_word' id='word_1_118' title='bbox 1521 1513 1736 1563; x_wconf 83' lang='lat' dir='ltr'>Gaisford.,</span> 
     </span>
     <span class='ocr_line' id='line_1_20' title="bbox 183 1570 1735 1623; baseline -0.001 -13"><span class='ocrx_word' id='word_1_119' title='bbox 183 1586 271 1611; x_wconf 90' lang='lat' dir='ltr'><em>cum</em></span> <span class='ocrx_word' id='word_1_120' title='bbox 303 1573 422 1613; x_wconf 85' lang='lat' dir='ltr'>Farn.</span> <span class='ocrx_word' id='word_1_121' title='bbox 445 1586 566 1622; x_wconf 78' lang='lat' dir='ltr'>marg.</span> <span class='ocrx_word' id='word_1_122' title='bbox 589 1573 766 1623; x_wconf 76' lang='lat' dir='ltr'>eclogam</span> <span class='ocrx_word' id='word_1_123' title='bbox 797 1573 849 1610; x_wconf 86' lang='grc'><em>23</em></span> <span class='ocrx_word' id='word_1_124' title='bbox 881 1572 1105 1610; x_wconf 88' lang='lat' dir='ltr'>Philemoni</span> <span class='ocrx_word' id='word_1_125' title='bbox 1137 1572 1360 1622; x_wconf 83' lang='lat' dir='ltr'>adsignans,</span> <span class='ocrx_word' id='word_1_126' title='bbox 1391 1584 1492 1621; x_wconf 85' lang='lat' dir='ltr'>quae</span> <span class='ocrx_word' id='word_1_127' title='bbox 1523 1573 1585 1610; x_wconf 87' lang='lat' dir='ltr'><em>est</em></span> <span class='ocrx_word' id='word_1_128' title='bbox 1615 1570 1735 1620; x_wconf 86' lang='lat' dir='ltr'>Soph.</span> 
     </span>
     <span class='ocr_line' id='line_1_21' title="bbox 182 1628 1433 1679; baseline -0.001 -12"><span class='ocrx_word' id='word_1_129' title='bbox 182 1629 246 1669; x_wconf 92' lang='lat' dir='ltr'>Ai.</span> <span class='ocrx_word' id='word_1_130' title='bbox 279 1630 375 1668; x_wconf 84' lang='lat'><em>646.</em></span> <span class='ocrx_word' id='word_1_131' title='bbox 425 1630 519 1668; x_wconf 82' lang='lat' dir='ltr'><em>haec</em></span> <span class='ocrx_word' id='word_1_132' title='bbox 548 1642 706 1679; x_wconf 86' lang='lat' dir='ltr'>quoque</span> <span class='ocrx_word' id='word_1_133' title='bbox 737 1629 858 1668; x_wconf 83' lang='lat' dir='ltr'>verba</span> <span class='ocrx_word' id='word_1_134' title='bbox 887 1631 980 1668; x_wconf 84' lang='lat' dir='ltr'>sunt</span> <span class='ocrx_word' id='word_1_135' title='bbox 1009 1628 1212 1678; x_wconf 80' lang='lat' dir='ltr'>Sophoclis</span> <span class='ocrx_word' id='word_1_136' title='bbox 1242 1629 1306 1667; x_wconf 90' lang='lat' dir='ltr'>Ai.</span> <span class='ocrx_word' id='word_1_137' title='bbox 1340 1629 1433 1666; x_wconf 85' lang='lat'>714.</span> 
     </span>
    </p>
   </div>
   <div class='ocr_carea' id='block_1_11' title="bbox 182 1738 1740 1984">
    <p class='ocr_par' dir='ltr' id='par_1_11' title="bbox 182 1738 1740 1984">
     <span class='ocr_line' id='line_1_22' title="bbox 916 1738 996 1780; baseline 0 0"><span class='ocrx_word' id='word_1_138' title='bbox 916 1738 996 1780; x_wconf 79' lang='grc'><em>241</em></span> 
     </span>
     <span class='ocr_line' id='line_1_23' title="bbox 294 1813 1740 1873; baseline -0.003 -13"><span class='ocrx_word' id='word_1_139' title='bbox 294 1821 528 1861; x_wconf 82' lang='lat' dir='ltr'>Eustathius</span> <span class='ocrx_word' id='word_1_140' title='bbox 563 1822 688 1872; x_wconf 84' lang='lat'>1964,</span> <span class='ocrx_word' id='word_1_141' title='bbox 717 1823 739 1859; x_wconf 85' lang='lat'><strong>7</strong></span> <span class='ocrx_word' id='word_1_142' title='bbox 770 1818 983 1873; x_wconf 82' lang='grc' dir='ltr'><em>Φιλήμων,</em></span> <span class='ocrx_word' id='word_1_143' title='bbox 1014 1819 1129 1871; x_wconf 82' lang='grc' dir='ltr'><em>φασί,</em></span> <span class='ocrx_word' id='word_1_144' title='bbox 1161 1819 1388 1871; x_wconf 88' lang='grc' dir='ltr'><em>βασίλεια</em></span> <span class='ocrx_word' id='word_1_145' title='bbox 1418 1813 1500 1858; x_wconf 80' lang='grc' dir='ltr'><em>οἶδε</em></span> <span class='ocrx_word' id='word_1_146' title='bbox 1531 1818 1655 1869; x_wconf 79' lang='grc' dir='ltr'><em>σῦκα,</em></span> <span class='ocrx_word' id='word_1_147' title='bbox 1699 1815 1740 1866; x_wconf 80' lang='grc' dir='ltr'><em>ἐξ</em></span> 
     </span>
     <span class='ocr_line' id='line_1_24' title="bbox 183 1872 1739 1929; baseline -0.003 -13"><span class='ocrx_word' id='word_1_148' title='bbox 183 1879 242 1916; x_wconf 82' lang='grc' dir='ltr'><em>ὡν</em></span> <span class='ocrx_word' id='word_1_149' title='bbox 271 1878 316 1916; x_wconf 80' lang='grc' dir='ltr'><em>αἱ</em></span> <span class='ocrx_word' id='word_1_150' title='bbox 340 1877 538 1929; x_wconf 80' lang='grc' dir='ltr'><em>βασιλίόες</em></span> <span class='ocrx_word' id='word_1_151' title='bbox 577 1877 759 1928; x_wconf 72' lang='grc' dir='ltr'><em>ἰσχάδες,</em></span> <span class='ocrx_word' id='word_1_152' title='bbox 799 1877 1067 1929; x_wconf 78' lang='grc' dir='ltr'><em>προσιστορῶν</em></span> <span class='ocrx_word' id='word_1_153' title='bbox 1102 1876 1170 1916; x_wconf 81' lang='grc' dir='ltr'><em>καὶ</em></span> <span class='ocrx_word' id='word_1_154' title='bbox 1205 1874 1267 1915; x_wconf 78' lang='grc' dir='ltr'><em>ὅτι</em></span> <span class='ocrx_word' id='word_1_155' title='bbox 1303 1872 1529 1924; x_wconf 81' lang='grc' dir='ltr'><em>κόλυθρα</em></span> <span class='ocrx_word' id='word_1_156' title='bbox 1565 1877 1739 1914; x_wconf 81' lang='grc' dir='ltr'><em>καλεῖται</em></span> 
     </span>
     <span class='ocr_line' id='line_1_25' title="bbox 182 1932 1739 1984; baseline -0.002 -11"><span class='ocrx_word' id='word_1_157' title='bbox 182 1933 228 1973; x_wconf 83' lang='grc' dir='ltr'><em>τὰ</em></span> <span class='ocrx_word' id='word_1_158' title='bbox 259 1932 412 1973; x_wconf 86' lang='grc' dir='ltr'><em>πέπονα</em></span> <span class='ocrx_word' id='word_1_159' title='bbox 443 1939 560 1974; x_wconf 85' lang='grc' dir='ltr'><em>σῦκα.</em></span> <span class='ocrx_word' id='word_1_160' title='bbox 610 1935 660 1974; x_wconf 84' lang='lat' dir='ltr'><em>cf.</em></span> <span class='ocrx_word' id='word_1_161' title='bbox 678 1935 779 1975; x_wconf 92' lang='lat' dir='ltr'>Poll.</span> <span class='ocrx_word' id='word_1_162' title='bbox 799 1937 836 1983; x_wconf 87' lang='lat'><em>6,</em></span> <span class='ocrx_word' id='word_1_163' title='bbox 857 1936 925 1974; x_wconf 88' lang='grc'><em>81.</em></span> <span class='ocrx_word' id='word_1_164' title='bbox 963 1934 1137 1984; x_wconf 83' lang='lat' dir='ltr'>Hesych.</span> <span class='ocrx_word' id='word_1_165' title='bbox 1169 1933 1362 1983; x_wconf 83' lang='grc' dir='ltr'><em>βασίλεια.</em></span> <span class='ocrx_word' id='word_1_166' title='bbox 1408 1933 1476 1972; x_wconf 82' lang='lat' dir='ltr'><em>sed</em></span> <span class='ocrx_word' id='word_1_167' title='bbox 1507 1932 1739 1972; x_wconf 76' lang='lat' dir='ltr'>Eustathius</span> 
     </span>
    </p>
   </div>
   <div class='ocr_carea' id='block_1_12' title="bbox 181 1985 1738 2098">
    <p class='ocr_par' dir='ltr' id='par_1_12' title="bbox 181 1985 1738 2098">
     <span class='ocr_line' id='line_1_26' title="bbox 182 1985 1738 2042; baseline -0.003 -12"><span class='ocrx_word' id='word_1_168' title='bbox 182 1992 392 2042; x_wconf 73' lang='lat' dir='ltr'>descripsit</span> <span class='ocrx_word' id='word_1_169' title='bbox 429 2005 475 2030; x_wconf 84' lang='lat' dir='ltr'><em>ex</em></span> <span class='ocrx_word' id='word_1_170' title='bbox 511 1992 657 2030; x_wconf 85' lang='lat' dir='ltr'>Athen.</span> <span class='ocrx_word' id='word_1_171' title='bbox 696 1993 742 2041; x_wconf 87' lang='lat'><em>3,</em></span> <span class='ocrx_word' id='word_1_172' title='bbox 775 1992 858 2030; x_wconf 86' lang='lat' dir='ltr'><em>76f</em></span> <span class='ocrx_word' id='word_1_173' title='bbox 892 1985 1084 2041; x_wconf 84' lang='grc' dir='ltr'><em>Φιλήμων</em></span> <span class='ocrx_word' id='word_1_174' title='bbox 1123 1986 1159 2028; x_wconf 83' lang='grc' dir='ltr'><em>δ’</em></span> <span class='ocrx_word' id='word_1_175' title='bbox 1203 1988 1254 2029; x_wconf 84' lang='grc' dir='ltr'><em>ἐν</em></span> <span class='ocrx_word' id='word_1_176' title='bbox 1293 1985 1533 2036; x_wconf 83' lang='grc' dir='ltr'><strong><em>Ἀττικαῖς</em></strong></span> <span class='ocrx_word' id='word_1_177' title='bbox 1575 1986 1738 2037; x_wconf 79' lang='grc' dir='ltr'><em>λέξεσι</em></span> 
     </span>
     <span class='ocr_line' id='line_1_27' title="bbox 181 2046 991 2098; baseline -0.002 -12"><span class='ocrx_word' id='word_1_178' title='bbox 181 2047 395 2087; x_wconf 81' lang='grc' dir='ltr'><em>καλεῖσθαί</em></span> <span class='ocrx_word' id='word_1_179' title='bbox 420 2047 524 2098; x_wconf 86' lang='grc' dir='ltr'><em>φησί</em></span> <span class='ocrx_word' id='word_1_180' title='bbox 550 2062 638 2086; x_wconf 86' lang='grc' dir='ltr'><em>τινα</em></span> <span class='ocrx_word' id='word_1_181' title='bbox 669 2053 772 2085; x_wconf 82' lang='grc' dir='ltr'><em>σῦκα</em></span> <span class='ocrx_word' id='word_1_182' title='bbox 801 2046 991 2097; x_wconf 86' lang='grc' dir='ltr'><em>βασίλεια.</em></span> 
     </span>
    </p>
   </div>
   <div class='ocr_carea' id='block_1_13' title="bbox 926 2157 1011 2199">
    <p class='ocr_par' dir='ltr' id='par_1_13' title="bbox 926 2157 1011 2199">
     <span class='ocr_line' id='line_1_28' title="bbox 926 2157 1011 2199; baseline 0 0"><span class='ocrx_word' id='word_1_183' title='bbox 926 2157 1011 2199; x_wconf 88' lang='grc'><em>242</em></span> 
     </span>
    </p>
   </div>
   <div class='ocr_carea' id='block_1_14' title="bbox 183 2234 1740 2577">
    <p class='ocr_par' dir='ltr' id='par_1_14' title="bbox 183 2234 1740 2576">
     <span class='ocr_line' id='line_1_29' title="bbox 304 2234 1738 2307; baseline -0.003 -27"><span class='ocrx_word' id='word_1_184' title='bbox 304 2241 539 2280; x_wconf 81' lang='lat' dir='ltr'>Eustathius</span> <span class='ocrx_word' id='word_1_185' title='bbox 570 2241 720 2291; x_wconf 89' lang='grc'>,1299</span> <span class='ocrx_word' id='word_1_186' title='bbox 765 2241 817 2279; x_wconf 87' lang='grc'><em>63</em></span> <span class='ocrx_word' id='word_1_187' title='bbox 868 2244 921 2307; x_wconf 72' lang='grc' dir='ltr'><em>τῷ</em></span> <span class='ocrx_word' id='word_1_188' title='bbox 970 2237 1131 2278; x_wconf 81' lang='grc' dir='ltr'><em>τοιούτω</em></span> <span class='ocrx_word' id='word_1_189' title='bbox 1180 2236 1394 2304; x_wconf 81' lang='grc' dir='ltr'><em>λεβητωὸει</em></span> <span class='ocrx_word' id='word_1_190' title='bbox 1441 2236 1585 2306; x_wconf 79' lang='grc' dir='ltr'><em>χαλκίῳ</em></span> <span class='ocrx_word' id='word_1_191' title='bbox 1634 2234 1738 2284; x_wconf 83' lang='grc' dir='ltr'><strong><em>εἰκὸς</em></strong></span> 
     </span>
     <span class='ocr_line' id='line_1_30' title="bbox 185 2290 1736 2365; baseline -0.002 -30"><span class='ocrx_word' id='word_1_192' title='bbox 185 2296 401 2348; x_wconf 84' lang='grc' dir='ltr'><em>παρόμοιον</em></span> <span class='ocrx_word' id='word_1_193' title='bbox 431 2291 533 2336; x_wconf 82' lang='grc' dir='ltr'><em>εἶναι</em></span> <span class='ocrx_word' id='word_1_194' title='bbox 564 2311 631 2335; x_wconf 82' lang='grc' dir='ltr'><em>και</em></span> <span class='ocrx_word' id='word_1_195' title='bbox 662 2295 730 2335; x_wconf 91' lang='grc' dir='ltr'><em>τὸν</em></span> <span class='ocrx_word' id='word_1_196' title='bbox 758 2293 887 2348; x_wconf 78' lang='grc' dir='ltr'><em>παρὰ</em></span> <span class='ocrx_word' id='word_1_197' title='bbox 918 2301 979 2350; x_wconf 77' lang='grc' dir='ltr'><em>τῷ</em></span> <span class='ocrx_word' id='word_1_198' title='bbox 1009 2300 1205 2349; x_wconf 77' lang='grc' dir='ltr'><em>κωμικῷ</em></span> <span class='ocrx_word' id='word_1_199' title='bbox 1234 2290 1482 2365; x_wconf 81' lang='grc' dir='ltr'><em>Φιλήμονι</em></span> <span class='ocrx_word' id='word_1_200' title='bbox 1513 2291 1736 2345; x_wconf 82' lang='grc' dir='ltr'><em>ἐμβαθυ-</em></span> 
     </span>
     <span class='ocr_line' id='line_1_31' title="bbox 183 2345 1740 2406; baseline -0.003 -13"><span class='ocrx_word' id='word_1_201' title='bbox 183 2353 359 2406; x_wconf 76' lang='grc' dir='ltr'><em>χύταν,</em></span> <span class='ocrx_word' id='word_1_202' title='bbox 398 2350 441 2400; x_wconf 81' lang='grc' dir='ltr'><em>ὃς</em></span> <span class='ocrx_word' id='word_1_203' title='bbox 479 2351 546 2392; x_wconf 83' lang='grc' dir='ltr'><em>καὶ</em></span> <span class='ocrx_word' id='word_1_204' title='bbox 583 2351 730 2405; x_wconf 79' lang='grc' dir='ltr'><em>ἔφηβος</em></span> <span class='ocrx_word' id='word_1_205' title='bbox 770 2351 955 2393; x_wconf 82' lang='grc' dir='ltr'><em>ἐκαλεῖτο.</em></span> <span class='ocrx_word' id='word_1_206' title='bbox 1004 2352 1192 2404; x_wconf 80' lang='grc' dir='ltr'><em>ποτηρίου</em></span> <span class='ocrx_word' id='word_1_207' title='bbox 1229 2349 1273 2391; x_wconf 80' lang='grc' dir='ltr'><em>δὲ</em></span> <span class='ocrx_word' id='word_1_208' title='bbox 1309 2353 1363 2403; x_wconf 80' lang='grc' dir='ltr'><em>ἠν</em></span> <span class='ocrx_word' id='word_1_209' title='bbox 1399 2345 1501 2397; x_wconf 84' lang='grc' dir='ltr'><em>εἶδος</em></span> <span class='ocrx_word' id='word_1_210' title='bbox 1538 2347 1637 2389; x_wconf 81' lang='grc' dir='ltr'><em>κατὰ</em></span> <span class='ocrx_word' id='word_1_211' title='bbox 1667 2349 1740 2401; x_wconf 81' lang='grc' dir='ltr'><em>τὴν</em></span> 
     </span>
     <span class='ocr_line' id='line_1_32' title="bbox 184 2404 1739 2461; baseline -0.005 -10"><span class='ocrx_word' id='word_1_212' title='bbox 184 2416 254 2451; x_wconf 82' lang='grc' dir='ltr'><em>τοῦ</em></span> <span class='ocrx_word' id='word_1_213' title='bbox 288 2414 630 2460; x_wconf 82' lang='grc' dir='ltr'><em>Δειπνοσοφιστοῦ</em></span> <span class='ocrx_word' id='word_1_214' title='bbox 660 2409 847 2461; x_wconf 81' lang='grc' dir='ltr'><em>ἱστορίαν.</em></span> <span class='ocrx_word' id='word_1_215' title='bbox 907 2413 949 2449; x_wconf 84' lang='lat' dir='ltr'><em>at</em></span> <span class='ocrx_word' id='word_1_216' title='bbox 978 2409 1206 2449; x_wconf 77' lang='lat' dir='ltr'>Athenaeus</span> <span class='ocrx_word' id='word_1_217' title='bbox 1238 2411 1303 2458; x_wconf 93' lang='grc'><em>11,</em></span> <span class='ocrx_word' id='word_1_218' title='bbox 1335 2409 1447 2447; x_wconf 78' lang='grc'>4698,</span> <span class='ocrx_word' id='word_1_219' title='bbox 1475 2405 1636 2458; x_wconf 75' lang='grc' dir='ltr'><em>ἔφηβος.</em></span> <span class='ocrx_word' id='word_1_220' title='bbox 1695 2404 1739 2445; x_wconf 85' lang='grc' dir='ltr'><em>τὸ</em></span> 
     </span>
     <span class='ocr_line' id='line_1_33' title="bbox 184 2461 1738 2518; baseline -0.003 -12"><span class='ocrx_word' id='word_1_221' title='bbox 184 2466 431 2518; x_wconf 79' lang='grc' dir='ltr'><em>καλούμενον</em></span> <span class='ocrx_word' id='word_1_222' title='bbox 459 2465 646 2518; x_wconf 82' lang='grc' dir='ltr'><em>ποτήριον</em></span> <span class='ocrx_word' id='word_1_223' title='bbox 677 2465 1041 2518; x_wconf 82' lang='grc' dir='ltr'><em>ἐμβασικοίταν</em></span> <span class='ocrx_word' id='word_1_224' title='bbox 1071 2461 1196 2512; x_wconf 86' lang='grc' dir='ltr'><em>ου’τως</em></span> <span class='ocrx_word' id='word_1_225' title='bbox 1227 2463 1325 2515; x_wconf 84' lang='grc' dir='ltr'><em>φησὶ</em></span> <span class='ocrx_word' id='word_1_226' title='bbox 1347 2466 1558 2503; x_wconf 82' lang='grc' dir='ltr'><em>καλεῖσθαι</em></span> <span class='ocrx_word' id='word_1_227' title='bbox 1580 2461 1738 2512; x_wconf 83' lang='grc' dir='ltr'><em>Φιλή-</em></span> 
     </span>
     <span class='ocr_line' id='line_1_34' title="bbox 183 2517 1735 2577; baseline -0.004 -14"><span class='ocrx_word' id='word_1_228' title='bbox 183 2539 286 2576; x_wconf 88' lang='grc' dir='ltr'><em>μων</em></span> <span class='ocrx_word' id='word_1_229' title='bbox 314 2521 335 2563; x_wconf 89' lang='grc' dir='ltr'>ὁ</span> <span class='ocrx_word' id='word_1_230' title='bbox 354 2520 569 2573; x_wconf 80' lang='grc' dir='ltr'><em>Ἀθηναῖος</em></span> <span class='ocrx_word' id='word_1_231' title='bbox 601 2521 650 2562; x_wconf 80' lang='grc' dir='ltr'><em>ἐν</em></span> <span class='ocrx_word' id='word_1_232' title='bbox 681 2528 741 2577; x_wconf 79' lang='grc' dir='ltr'><em>τῷ</em></span> <span class='ocrx_word' id='word_1_233' title='bbox 769 2521 879 2574; x_wconf 82' lang='grc' dir='ltr'><em>περὶ</em></span> <span class='ocrx_word' id='word_1_234' title='bbox 896 2517 1408 2571; x_wconf 80' lang='grc' dir='ltr'><em>Ἀττικωνόνοματων</em></span> <span class='ocrx_word' id='word_1_235' title='bbox 1438 2517 1466 2571; x_wconf 80' lang='grc' dir='ltr'><em>ἢ</em></span> <span class='ocrx_word' id='word_1_236' title='bbox 1485 2521 1735 2572; x_wconf 79' lang='grc' dir='ltr'><em>γλωσσῶν.</em></span> 
     </span>
    </p>
   </div>
   <div class='ocr_carea' id='block_1_15' title="bbox 185 2580 809 2630">
    <p class='ocr_par' dir='ltr' id='par_1_15' title="bbox 185 2580 809 2630">
     <span class='ocr_line' id='line_1_35' title="bbox 185 2580 809 2630; baseline -0.005 -9"><span class='ocrx_word' id='word_1_237' title='bbox 185 2583 234 2621; x_wconf 86' lang='lat' dir='ltr'><em>cf</em></span> <span class='ocrx_word' id='word_1_238' title='bbox 258 2582 377 2620; x_wconf 87' lang='lat' dir='ltr'>Mein.</span> <span class='ocrx_word' id='word_1_239' title='bbox 400 2581 503 2619; x_wconf 86' lang='lat' dir='ltr'>Men.</span> <span class='ocrx_word' id='word_1_240' title='bbox 525 2580 628 2619; x_wconf 90' lang='lat' dir='ltr'>Phil</span> <span class='ocrx_word' id='word_1_241' title='bbox 651 2594 690 2630; x_wconf 87' lang='lat' dir='ltr'><em>p.</em></span> <span class='ocrx_word' id='word_1_242' title='bbox 712 2581 809 2620; x_wconf 87' lang='lat'>431.</span> 
     </span>
    </p>
   </div>
   <div class='ocr_carea' id='block_1_16' title="bbox 454 2655 999 2767">
    <p class='ocr_par' dir='ltr' id='par_1_16' title="bbox 454 2655 999 2767">
     <span class='ocr_line' id='line_1_36' title="bbox 916 2655 999 2698; baseline 0.012 -1"><span class='ocrx_word' id='word_1_243' title='bbox 916 2655 999 2698; x_wconf 78' lang='lat'><em>243</em></span> 
     </span>
     <span class='ocr_line' id='line_1_37' title="bbox 454 2712 634 2767; baseline -0.011 -11"><span class='ocrx_word' id='word_1_244' title='bbox 454 2712 634 2767; x_wconf 80' lang='grc' dir='ltr'><em>θύρσον</em></span> 
     </span>
    </p>
   </div>
   <div class='ocr_carea' id='block_1_17' title="bbox 186 2790 1735 2846">
    <p class='ocr_par' dir='ltr' id='par_1_17' title="bbox 186 2790 1735 2846">
     <span class='ocr_line' id='line_1_38' title="bbox 186 2790 1735 2846; baseline -0.005 -9"><span class='ocrx_word' id='word_1_245' title='bbox 186 2796 228 2837; x_wconf 87' lang='grc' dir='ltr'><em>τὸ</em></span> <span class='ocrx_word' id='word_1_246' title='bbox 260 2795 394 2837; x_wconf 75' lang='grc' dir='ltr'><em>ὅπλον.</em></span> <span class='ocrx_word' id='word_1_247' title='bbox 444 2791 646 2846; x_wconf 87' lang='grc' dir='ltr'><em>Φιλήμων.</em></span> <span class='ocrx_word' id='word_1_248' title='bbox 687 2795 864 2836; x_wconf 82' lang='lat' dir='ltr'>Photius.</span> <span class='ocrx_word' id='word_1_249' title='bbox 897 2795 1056 2834; x_wconf 82' lang='lat' dir='ltr'>videtur</span> <span class='ocrx_word' id='word_1_250' title='bbox 1083 2790 1334 2845; x_wconf 79' lang='lat' dir='ltr'>grammatici</span> <span class='ocrx_word' id='word_1_251' title='bbox 1363 2791 1607 2832; x_wconf 85' lang='lat' dir='ltr'>Philemonis</span> <span class='ocrx_word' id='word_1_252' title='bbox 1637 2803 1735 2831; x_wconf 79' lang='lat' dir='ltr'>csse.</span> 
     </span>
    </p>
   </div>
  </div>
 </body>
</html>
