1890 3190
292 198 334 237 11
346 196 372 238 2
911 198 1229 234 ΑΝΤΙΦΑΝΟΤΣ
1367 223 1369 225 .
1823 0 1890 235 ’ἲ

289 300 359 338 τοῦ
389 297 431 338 δὲ
459 298 534 351 γάρ
565 300 654 339 OD.
714 307 783 339 τοῦ
813 301 856 340 δε
886 295 960 352 γάρ
991 302 1036 339 Β.
1095 299 1227 349 τίνος
1257 301 1412 341 είνεκα
1441 301 1511 354 Κ.]
1565 299 1714 341 οὕνεκα
1745 303 1839 345 BD.
1864 262 1881 342 1

289 369 362 405 περ
394 354 542 395 ου’νεκα
572 357 813 408 VL,u11de
851 358 1055 396 Iaeobsius
1092 359 1133 397 et
1171 358 1388 410 Porsonus,
1409 372 1665 454 3quamquam
1693 372 1767 409 περ
1796 361 1841 399 111
1868 366 1882 400 ie

287 414 397 451 nullo
429 414 561 452 codice
592 418 671 464 est,
703 414 944 453 effinxerunt
973 411 1112 466 ποῖτερ,
1146 412 1307 454 οὕνεκα.
1409 416 1447 454 3.
1477 415 1756 466 παραβοηθεῖν
1786 413 1880 483 Ι1]Ξ

290 470 551 521 περιβοηθεῖν
582 470 631 508 V.
712 472 750 510 5.
781 467 866 523 καὶ]
897 468 964 509 καὶ
993 475 1064 509 τοῦ
1093 472 1139 511 Β.
1221 473 1258 510 6.
1290 468 1377 522 οὐχὶ
1400 494 1445 499 -—-
1466 469 1506 509 δὲ
1536 471 1720 523 Porson]
1753 467 1883 526 οὐχὶ

289 523 333 564 δὲ
363 548 417 554 --
446 522 533 577 γὰρ.
624 529 662 565 7.
701 540 781 565 11011
817 529 922 566 recte
960 527 1252 567 Herwerdenus
1290 528 1389 567 Nov.
1430 528 1519 567 add.
1551 529 1637 569 erit.
1670 529 1723 567 22
1753 541 1842 578 pro·
1887 545 1890 547 ·

289 583 429 632 posuit
457 581 614 633 μόνοισι
644 582 865 621 δείπνοισιν
895 595 930 621 τ.
954 597 997 622 π.
1020 597 1084 624 π.;
1118 598 1208 624 nam
1240 585 1414 634 epitheto
1443 586 1656 635 λαμπροῖσι
1685 597 1774 624 eum
1802 585 1844 624 vi

289 640 515 689 praeposito
555 640 650 679 satis
688 640 886 679 indicatur
923 653 1003 679 non
1041 641 1083 679 in
1112 641 1407 692 magnificentia
1437 641 1641 691 epularum
1670 641 1843 680 satiandi

290 698 526 745 potestatem
566 697 684 735 sitam
722 709 817 735 esse.
878 698 1000 736 totius
1030 700 1161 736 aute-m
1191 698 1411 736 sententiae
1449 710 1603 737 summa
1631 698 1726 736 haec
1756 701 1839 736 est:

291 752 522 792 divitiarum
544 754 788 803 voluptatem
817 754 858 791 in
880 754 1098 793 auxiliandi
1126 755 1332 802 facultate,
1363 767 1445 792 non
1473 754 1514 792 in
1536 754 1677 793 edendi
1708 754 1843 792 biben-

291 809 407 859 dique
437 810 598 848 lieentia
628 810 747 849 cerni.
781 832 830 837 -
863 823 901 850 v.
922 811 948 847 4
978 823 1026 848 ex
1056 811 1262 862 tragoedia
1292 813 1497 860 excerptus
1528 814 1601 849 est.
1874 820 1876 822 ’

500 979 626 1029 οὗτοι
656 987 705 1030 δὲ
736 985 789 1029 τοὶ
819 989 979 1030 δεῖπνα
1009 991 1101 1030 τῶν
1133 988 1183 1030 ἐν
1213 989 1267 1043 τῇ
1299 987 1427 1029 πόλει

495 1053 703 1110 ἀφορῶσι
769 1089 778 1098 .
855 1089 863 1097 .
931 1053 1005 1097 καὶ
1035 1053 1244 1098 πέτονται
1275 1055 1425 1107 δεξιῶς

497 1122 570 1165 ἐπὶ
599 1121 726 1165 ταῦτ’
758 1122 943 1178 ἄκλητοι

891 1189 970 1241 οὓς
1036 1224 1045 1234 .
1121 1224 1129 1234 .
1198 1190 1247 1232 ἐκ
1278 1193 1435 1233 κοινοῦ

446 1267 466 1298 5
498 1259 589 1301 ἔδει
618 1261 802 1314 τρέφειν
832 1257 912 1300 τὸν
943 1259 1111 1313 δῆμον,
1143 1256 1216 1300 oisc
1237 1256 1287 1300 θ’
1320 1257 1471 1312 ὥσπερ

490 1323 761 1380 Ὀλυμπίασί
787 1339 899 1381 φασι
929 1333 1024 1375 ταῖς
1053 1327 1204 1380 μυίαις
1233 1333 1380 1369 ποιεῖν

496 1395 614 1448 βοῦν
644 1401 736 1444 τοῖς
766 1392 975 1449 ἀκλήτοις
1005 1395 1394 1447 προκατακόπτειν
1424 1396 1664 1449 πανταχοῦ,
1695 1449 1698 1452 ἢ

404 1476 633 1516 Athenaeus
666 1480 702 1528 1,
724 1477 762 1515 4.
785 1478 810 1515 5
841 1470 951 1515 οὗτοι
980 1473 1023 1515 δὲ
1055 1498 1109 1504 -
1138 1474 1314 1527 α’κλητοι,
1340 1473 1582 1546 Ἀντιφανης
1613 1475 1722 1545 φησί.
1779 1474 1846 1515 και
1873 1515 1877 1519 Ἴ

292 1531 447 1585 ἐπάγει·
493 1531 563 1580 οὓς
593 1532 636 1572 ἐκ
667 1538 806 1572 κοινοῦ
837 1555 889 1561 -
920 1534 1139 1583 πανταχοῦ.
1239 1535 1276 1572 1.
1307 1526 1432 1585 οὗτοι]
1463 1530 1534 1571 οῧτ
1563 1534 1609 1572 Β.
1662 1526 1772 1572 ουτοι
1783 1529 1846 1571 δὲ

293 1595 373 1629 τῶν
403 1587 445 1628 ἐν
475 1595 524 1643 τῇ
553 1589 665 1629 πόλει
690 1588 696 1642 Ι
723 1587 770 1628 τὰ
801 1586 934 1629 δεῖπν’
965 1585 1145 1642 ἀφορῶσι
1175 1590 1404 1629 Salmasius.
1463 1583 1572 1628 ουτοι
1602 1586 1645 1627 δὲ
1670 1586 1770 1642 πρὸς
1799 1586 1846 1627 τὰ

291 1646 328 1686 ὃ.
360 1661 442 1685 των
472 1644 516 1685 ἐν
545 1652 591 1700 τῇ
621 1659 664 1686 π.
693 1645 698 1700 Ι
724 1642 948 1713 ἀφορῶσιν
966 1643 1026 1684 ἀεὶ
1057 1643 1123 1684 καὶ
1154 1647 1387 1685 Meinekius.
1447 1650 1526 1684 τῶν
1556 1643 1599 1684 ἐν
1629 1650 1678 1700 τῇ
1706 1642 1845 1685 πόλειΙ

291 1705 527 1754 λαμπρῶν
563 1704 627 1743 vel
663 1706 889 1754 λιπαρων
924 1698 1106 1767 αφορῶσι
1136 1702 1185 1741 Κ.
1281 1704 1319 1742 3.
1358 1699 1492 1755 ταυτ’]
1524 1706 1647 1740 ταῦτα
1677 1703 1845 1742 codices.

291 1756 471 1839 α’κλητοι]
523 1757 690 1809 ἄκλητος
740 1759 821 1800 CD.
944 1761 983 1798 6.
1028 1754 1258 1808 Ὀλυμπίασι
1307 1757 1549 1824 Schweigh]
1597 1755 1847 1809 Ὀλυμπιάσι.

293 1818 329 1855 ).
362 1813 529 1867 ὡσπερεὶ
569 1817 734 1856 Salmas.
796 1814 892 1867 ὅπερ
928 1817 1051 1855 Dobr.
1083 1819 1124 1854 et
1153 1816 1285 1855 verbis
1324 1809 1393 1861 οὓς
1431 1813 1474 1854 ἐκ
1511 1820 1651 1854 κοινοῦ
1685 1837 1742 1845 —-
1778 1812 1848 1854 τὸν

292 1872 421 1924 δῆμον
451 1873 673 1923 Antiphani
702 1873 937 1912 abiudicatis
968 1873 1140 1911 Meinek.
1172 1873 1214 1911 in
1242 1873 1339 1911 Ath.

406 1931 486 1969 ‘ait
506 1932 626 1980 poeta
646 1930 795 1969 bonum
815 1930 965 1968 factum
986 1929 1092 1978 fore,
1124 1930 1158 1968 si
1177 1929 1341 1978 parasiti
1361 1929 1454 1968 isti'
1485 1929 1643 1978 publice
1674 1929 1847 1968 ‘alantur
1867 1963 1890 1975 ,

291 1987 440 2036 fiatque
478 1987 559 2026 illis
600 1987 707 2036 quod
745 1987 848 2026 solet
883 1986 1028 2024 muscis
1070 1984 1298 2035 Olympiae5
1337 1985 1410 2024 hoe
1449 1988 1510 2024 est
1547 1987 1593 2024 ut
1627 1997 1709 2024 non
1737 1986 1848 2036 prius
1868 1992 1886 2006 ‘⁴

292 2045 478 2082 ineantur
519 2044 568 2081 ab
606 2044 655 2081 iis
692 2044 760 2092 qui
799 2042 940 2081 volunt
976 2054 1054 2080 una
1091 2053 1176 2080 esse
1207 2054 1392 2081 convivia
1401 2071 1412 2090 ,
1459 2054 1577 2091 quam
1607 2042 1650 2080 in
1675 2042 1882 2093 gratiam

293 2100 562 2149 palasitorum
592 2100 736 2139 bovem
757 2098 1044 2137 mactaverint)
1107 2099 1309 2147 tamquam
1341 2098 1412 2137 bos
1443 2099 1485 2136 in
1505 2111 1727 2137 muscarum
1756 2111 1844 2149 gra-

292 2157 388 2195 tiam
420 2157 473 2195 sit
501 2157 708 2195 mactatus.
777 2154 966 2204 casaub,
998 2154 1133 2193 adlato
1163 2154 1268 2193 Plin.
1301 2154 1352 2192 N.
1382 2155 1422 2193 h.
1457 2155 1626 2203 29,107
1657 2167 1698 2194 eo
1726 2156 1847 2195 mira·
1877 2195 1880 2196 γ

294 2214 410 2252 bilius
444 2216 498 2251 est
529 2211 725 2262 Olympiae
761 2224 871 2251 sacro
907 2213 1114 2250 certamine
1158 2211 1280 2250 nubes
1316 2223 1451 2250 earum
1487 2207 1747 2264 (muscarum)
1784 2212 1846 2250 in-
1873 2207 1886 2239 ῗ

292 2271 432 2308 motato
470 2273 583 2308 tauro
619 2270 700 2308 deo
738 2281 872 2317 quem
909 2269 1140 2317 Myiodew
1174 2271 1349 2307 vocant
1384 2271 1492 2307 extra
1530 2269 1766 2307 territorium
1804 2267 1887 2306 td

292 2327 410 2364 abire.
470 2326 583 2364 addit
613 2325 1010 2376 Schweighaeuserus
1041 2324 1198 2362 Aelian.
1258 2323 1317 2362 De
1346 2326 1430 2363 nat.
1460 2337 1523 2362 an.
1548 2325 1585 2374 5,
1610 2325 1661 2363 17
1693 2322 1846 2376 ἱερείων

292 2383 391 2433 γοῦν
421 2376 691 2433 (Ὀλυμπίασι)
730 2377 1046 2431 καταθυομὲνων
1083 2377 1281 2418 τοσούτων
1317 2378 1384 2418 καὶ
1421 2378 1586 2430 αι’ματος
1616 2377 1848 2430 ἐκχεομένου

293 2436 360 2476 καὶ
389 2435 648 2487 κρεμαμένων
676 2452 808 2490 κρεων
836 2437 882 2477 αἵ
907 2434 952 2475 δὲ
978 2435 1128 2501 (μυῖαι)
1158 2432 1419 2486 ἀφανίζονται
1449 2434 1650 2474 ἑκοῦσαι
1678 2434 1746 2475 καὶ
1775 2440 1847 2474 τοῦ

292 2508 335 2546 γε
360 2491 550 2543 Ἀλφειοῦ
584 2499 839 2545 περαιοῦνται
877 2493 952 2540 εἰς
969 2486 1043 2543 τὴν
1078 2489 1289 2544 ἀντιπέρας
1318 2490 1502 2543 ὄχθην..
1522 2490 1614 2531 ,καὶ
1643 2485 1749 2543 παρὰ
1778 2489 1847 2530 τὸν

293 2550 373 2589 τῶν
401 2549 544 2589 α’θλων
563 2549 707 2602 χρόνον
727 2545 1054 2589 απαλλαττονται.
1106 2550 1157 2589 ef.
1183 2551 1247 2599 11,
1270 2550 1308 2588 8.
1353 2549 1468 2588 Paus.
1493 2551 1530 2599 5,
1555 2550 1620 2599 14,
1643 2550 1682 2587 2.
1726 2547 1846 2587 Anti-

293 2608 434 2657 phanis
465 2609 592 2647 iocum
624 2620 697 2658 pro
729 2621 820 2647 vero
851 2607 1032 2647 venditat
1061 2579 1297 2645 Eustathius
1330 2606 1453 2656 1454,
1476 2607 1543 2644 24.

1031 2717 1106 2759 231

1271 2770 1321 2814 τὸ
1352 2771 1402 2813 δὲ

528 2815 606 2898 ζῆν
637 2841 736 2884 εἰπέ
760 2855 835 2897 μοι
865 2842 911 2883 τί
939 2839 1051 2892 ἐστι;
1095 2838 1147 2881 τὸ
1178 2841 1327 2881 πίνειν
1358 2837 1470 2894 φήμ’
1505 2837 1607 2894 ἐγώ.
