1864 3204
230 200 308 242 198
867 204 1143 238 ETBOTAOT

888 306 1122 339 ΣΚΤΤΕΤΣ

980 372 1031 413 97

497 429 693 480 κοχῶναι

338 505 531 558 μέμνηται
560 522 625 546 και
657 502 862 560 Εὔβουλος
894 507 936 547 ἐν
966 511 1124 549 Σκυτεῖ.
1166 511 1298 550 Schol.
1330 513 1518 562 Hippoer.
1541 514 1657 563 Epid.
1681 516 1718 562 5,
1742 517 1780 554 7.

226 565 402 603 Erotian.
436 566 506 614 20,
530 567 553 603 9
585 565 717 604 Klein.
769 563 911 617 Εὕβου
917 568 980 612 λος
1018 565 1060 604 ἐκ
1100 569 1309 606 Σκυτειών
1347 565 1392 621 (i
1425 582 1460 607 e.
1498 567 1687 609 Σκυτέων
1717 572 1781 611 vel

226 617 430 674 Σκυτέως)
463 621 592 660 Goett.
626 621 825 661 Ge1.anz.
861 623 967 661 1852
996 637 1034 672 p.
1057 624 1153 662 424.

772 745 1234 778 ΣΤΕΦΑΝΟΠῼΛΙΔΕΣ

340 812 411 851 Cn.
443 813 583 852 Naevii
623 812 880 853 Corollariam
918 814 1119 854 Eubuleae
1159 815 1314 855 fabulae
1353 817 1616 857 imitationem
1656 819 1778 858 fuisse

226 869 444 919 probabilis
475 872 536 908 esb
565 870 792 908 coniectura
821 870 993 908 Pielitzii
1024 871 1082 909 De
1112 873 1204 910 Att.
1237 885 1338 912 com.
1370 874 1448 923 bip.
1478 888 1518 924 p.
1544 876 1607 913 10.
1649 875 1698 913 cf.
1730 875 1778 915 Ο.

225 926 416 965 Ribbeck.
451 925 560 964 Com.
591 927 708 964 Rom.
741 924 807 967 fr.²
839 928 904 965 12.

495 1077 555 1134 μοὶ
586 1077 664 1122 Δί’
692 1077 790 1134 οὐχὶ
820 1082 1233 1135 περιπεπλασμέναι
1265 1086 1520 1137 ψιμυθίοις,

497 1145 598 1189 οὐδ’
623 1145 773 1202 ὥσπερ
803 1145 928 1203 ὑμεῖς
957 1151 1191 1205 συκαμίνῳ
1221 1151 1300 1199 τὰς
1329 1150 1531 1204 γνάθους

498 1213 765 1269 κεχριμέναι.
816 1213 903 1257 κᾶν
935 1216 1076 1271 ἐξίητε
1105 1220 1186 1259 τοῦ
1217 1219 1403 1272 θέρους,

497 1280 585 1324 ἀπὸ
615 1285 706 1324 τῶν
736 1283 819 1336 μὲν
850 1281 1102 1338 ὀφθαλμῶν
1132 1282 1380 1340 ὑδρορρόαι
1411 1287 1494 1328 δύο

450 1360 470 1390 5
502 1349 655 1404 ῥέουσι
684 1349 897 1404 μέλανος,
932 1351 981 1392 ἐκ
1013 1351 1062 1392 δὲ
1093 1354 1183 1393 τῶν
1213 1353 1402 1406 γνάθων
1435 1351 1567 1409 ἱδρώς

499 1416 572 1460 ἐπὶ
602 1418 682 1459 τὸν
711 1418 936 1472 τράχηλον
967 1415 1107 1460 ἄλοκα
1136 1420 1332 1475 μιλτώδη
1364 1428 1502 1476 ποιεῖ,

498 1484 660 1540 ε’πὶᾼτῷ
690 1484 915 1542 προσώπῳ
947 1481 987 1527 δ’
1013 1486 1064 1527 αἱ
1087 1490 1232 1542 τρίχες
1262 1490 1545 1543 φορούμεναι

496 1551 637 1603 εἴξασι
667 1554 866 1607 πολιαῖς,
898 1551 1106 1610 ἀνάπλεῳ
1138 1557 1373 1610 ψιμυθίου.

339 1636 566 1674 Athenaeus
590 1636 653 1684 13,
666 1635 777 1673 5571
803 1635 848 1673 αἱ
874 1632 917 1673 δὲ
945 1635 1107 1686 γαμεταὶ
1135 1632 1250 1687 ἡμῶν
1278 1641 1464 1688 γυναῖκες
1495 1634 1567 1677 οὐκ
1597 1638 1672 1678 εἰσὶ
1703 1654 1778 1678 τοι·

225 1692 363 1741 αὗται,
408 1690 496 1738 οἵας
534 1688 743 1742 Εὔβουλός
781 1703 904 1742 φησιν
942 1690 986 1730 ἐν
1017 1692 1369 1741 Στεφανοπώλισιν
1408 1697 1778 1736 κτλ.Ε1151;31;111118

226 1750 327 1798 976,
352 1749 403 1786 56
442 1749 542 1798 (sine
582 1748 739 1786 fabulae
770 1746 963 1816 nomine).
1075 1753 1111 1788 1.
1144 1748 1358 1817 ψιμμυθίῳ
1389 1751 1418 1790 O
1450 1756 1490 1790 01,
1518 1753 1630 1792 Eust.
1738 1755 1775 1792 3.

226 1802 473 1855 κεχρισμέναι
506 1804 534 1843 C
567 1807 608 1842 et
636 1804 749 1843 Eust.
810 1802 952 1855 ἐξείητε
973 1807 1021 1844 A.
1081 1807 1120 1843 4.
1151 1803 1224 1856 μὲν
1253 1812 1332 1845 τῶν
1363 1807 1393 1846 C
1424 1811 1464 1846 et
1493 1805 1777 1860 Ε1131ῑ.ὑδρο-

227 1858 315 1913 ρόαι
345 1864 391 1899 A.
483 1863 518 1898 7.
551 1857 590 1897 δ’
613 1858 680 1911 αἱ]
715 1857 758 1898 δὲ
787 1861 902 1900 Eust.
1000 1863 1037 1900 8.
1070 1861 1222 1910 εἴξασιν
1250 1861 1377 1914 ἤγουν
1407 1861 1634 1914 ὁμοιοῦνται
1663 1866 1774 1905 Eust.

337 1918 375 1956 4.
409 1918 446 1955 5.
478 1917 648 1955 Bekker.
680 1917 830 1955 Anecd.
865 1919 1013 1967 68,17
1044 1915 1347 1970 ὑπογράμματα·
1389 1915 1449 1967 οἷς
1463 1917 1778 1990 ὑπογράφονται

225 1967 316 2019 τούς
348 1968 604 2022 ὀφθαλμούς·
644 1971 725 2010 ἔστι
754 1971 798 2010 δέ
828 1988 885 2020 τις
916 1971 1127 2023 μέλαινα
1158 1974 1417 2020 σκευασία
1455 1974 1508 2027 ἣν
1538 1975 1604 2015 καὶ
1635 1977 1776 2029 στίβην

226 2027 397 2098 (στίμμι)
427 2031 630 2067 καλοῦσιν.
664 2030 712 2067 cf.
737 2030 939 2079 Aristoph.
964 2031 1011 2069 fr.
1035 2032 1128 2081 320,
1152 2033 1191 2070 5.
1223 2033 1319 2071 880.
1353 2033 1495 2071 Pollux
1517 2035 1655 2084 5,101
1681 2032 1775 2080 ἴσως

230 2081 265 2123 δ’
287 2083 340 2124 ἆυ
369 2089 448 2132 τοῖς
480 2082 641 2135 κόσμοις
671 2083 862 2148 προσήκοι
884 2084 951 2124 καὶ
978 2084 1020 2124 τὸ
1051 2084 1309 2138 ἔντριμμα,
1341 2088 1554 2139 ψιμύθιον,
1585 2087 1774 2141 ἅγχουσα,

224 2148 367 2192 φῦκος,
398 2140 462 2180 καὶ
493 2156 538 2179 τα
567 2138 866 2193 υπογράμματα.
908 2139 1490 2195 01.Ηθεγο11.ὑπογράμματα.
1529 2142 1774 2185 Phot.1‘2m'-

224 2213 392 2250 γραμμα-
973 2251 1027 2293 99

427 2329 678 2384 στεφάνους
708 2333 814 2379 ἴσως
841 2329 1085 2384 βούλεσθε·
1117 2330 1269 2384 πότερ’
1294 2333 1591 2387 ἑρπυλλίνους

425 2395 454 2451 ἦ
484 2398 732 2452 μυρτίνους
760 2393 790 2450 ἢ
819 2400 910 2439 τῶν
941 2398 1279 2453 διηνθημένωνς

426 2468 475 2506 Β.
507 2466 598 2506 τῶν
627 2467 859 2519 μυρτίνων
888 2465 1149 2520 βουλόμεθα
1179 2471 1390 2509 τουτωνί·
1424 2466 1481 2509 σὺ
1512 2468 1560 2510 δὲ

425 2531 478 2574 τά
507 2530 551 2586 γ’
574 2529 687 2573 άλλα
717 2531 856 2574 πτόλει
887 2533 1033 2575 πάντα
1063 2529 1181 2588 πλὴν
1211 2537 1315 2576 τῶν
1330 2537 1572 2588 μυρτίνων.

336 2614 562 2653 Athenaeus
598 2615 666 2661 15,
690 2615 740 2652 67
746 2615 839 2654 9de
870 2612 1071 2665 καταλέγει
1101 2613 1144 2653 δὲ
1175 2613 1381 2667 Εὔβουλος
1413 2615 1477 2654 καὶ
1509 2614 1652 2664 α’λλους
1683 2628 1768 2656 στε-

223 2668 378 2720 φάνους
425 2667 492 2723 (fr.
535 2667 629 2723 105)
675 2665 752 2707 κᾶν
782 2673 860 2715 τοῖς
892 2669 980 2720 ἑξῆς
1010 2670 1104 2710 τάδε
1135 2672 1237 2722 φησί
1262 2674 1342 2711 κτλ.
1380 2686 1467 2711 eum
1501 2675 1618 2713 679b
1648 2675 1770 2713 Athe-

223 2740 343 2765 naeus
374 2740 420 2764 ex
451 2726 599 2764 Eubuli
631 2727 858 2765 Corollariis
887 2728 1079 2776 quaedam
1111 2730 1346 2778 excerpserit
1376 2725 1444 2782 (fr.
1465 2726 1575 2782 104),
1607 2730 1769 2769 dubium

223 2796 306 2822 esse
345 2795 425 2821 non
455 2785 588 2831 potest
630 2784 726 2832 quin
756 2783 829 2821 hoe
860 2796 1014 2832 quoque
1047 2784 1314 2835 fragmentum
1345 2788 1385 2824 et
1419 2787 1494 2825 105
1525 2787 1575 2824 ad
1606 2787 1769 2825 eandem

224 2840 400 2878 fabulam
431 2839 670 2888 pertineant.
