1864 3204
231 217 314 260 296
711 219 1099 255 ΝΑΤΣΙΚΡΑΤΟΤΣ
1125 220 1311 254 ΠΕΡΣΙΣ

231 336 488 374 personarum
520 322 658 363 Cobeti
687 324 747 363 est
777 323 825 363 N.
848 324 875 362 l.
900 324 964 363 25.
989 325 1025 363 6.
1078 337 1361 375 usquequaque
1393 325 1559 376 vestigia
1587 325 1784 376 adparent

233 380 421 420 orationis
458 380 500 418 in
543 380 757 419 cothurnos
794 381 1058 430 adsurgentis.
1116 380 1220 419 unde
1259 395 1296 420 v.
1337 383 1361 420 9
1401 379 1516 421 θεάν.
1556 382 1605 421 cf.
1645 381 1784 421 Cobet.

233 437 284 475 N.
307 437 334 474 1.
359 438 428 475 26.
458 457 513 463 —
545 437 925 487 Sphingocarionem
954 437 1147 486 aliquem,
1181 449 1351 487 coquum
1382 439 1465 477 sine
1486 439 1619 489 dubio,
1649 438 1788 478 audire

232 493 331 532 mihi
362 492 518 540 videor,
551 493 718 542 piscium
747 506 847 543 quos
879 494 975 532 emit
1003 506 1084 532 non
1113 494 1275 532 nomina
1304 495 1592 545 proferentem,
1625 495 1694 534 sed
1720 508 1786 534 na-

233 552 363 589 turam
395 549 475 588 illis
498 550 706 588 verborum
738 549 970 600 ambagibus
1001 551 1041 588 et
1070 550 1283 590 involucris
1315 551 1612 599 describentem,
1643 551 1788 602 quibus

234 610 329 645 tunc
359 608 598 655 spectatmes
629 606 795 645 mirifice
827 606 1136 647 delectabantur.
1187 607 1235 646 cf.
1262 606 1479 657 Antiphan.
1511 609 1563 646 52
1595 611 1636 647 et
1665 608 1786 646 Mein.

233 663 252 702 I
285 663 365 701 292
395 675 452 712 sq.
507 663 543 702 ei
583 663 684 701 alter
729 676 769 702 se
814 663 1056 702 intellexisse
1096 663 1201 702 dicta
1238 664 1320 703 eius
1360 664 1536 703 breviter
1579 664 1787 730 significat.

233 721 366 769 itaque
397 719 649 758 Nausicrates
679 720 735 758 sic
764 719 861 758 mihi
892 719 1095 769 scripsisse
1125 720 1303 759 videtur:
1348 716 1432 773 (καὶ
1462 718 1532 771 νὴ)
1563 716 1639 758 Δί’
1669 714 1790 771 ἡμῖν

235 772 370 844 (εἰσιν)
398 771 543 814 ἁπαλοὶ
572 773 639 814 καὶ
667 774 798 814 καλοί·
827 776 831 824 Ι
866 771 886 812 ὁ
916 772 990 825 μὲν
1019 777 1121 814 θεοῦ
1151 773 1234 826 (vel
1264 774 1449 827 δαίμονος
1479 773 1500 815 ὁ
1530 773 1621 827 μὲν)
1650 780 1721 815 τοῦ
1752 791 1788 815 ν.

235 854 288 861 -
318 829 522 882 ἔγνωκας.
572 833 629 882 ,1
656 846 672 870 ε
676 826 738 870 ἶτα
767 829 886 882 μετὰ
913 836 1091 870 τοῦτον
1122 828 1159 869 δ’
1193 830 1294 871 εἰσὶν
1325 830 1434 883 ἐκπρ.
1469 856 1519 861 —
1551 833 1789 882 Αἰξωνικοῖς

208 911 287 938 ¹——
319 886 363 927 ἕν
391 884 563 937 πόροις
594 911 648 916 -
678 887 868 930 ναυτίλοι.
902 886 907 940 Ι
943 889 986 927 Β.
1017 887 1172 940 τρίγλας
1199 891 1325 930 λ..
1368 886 1375 943 Ι
1409 891 1460 929 A.
1492 884 1790 942 γαλακτόχρως

235 959 280 984 τε
312 942 479 992 Σικελὸς
510 941 556 982 ὃν
586 958 628 984 π.
661 943 773 995 ὄχλος
800 943 805 998 Ι
842 976 850 985 .
872 976 880 985 .
898 975 907 984 .
928 942 1059 997 (deest
1089 943 1244 998 versus)
1261 920 1297 996 ΠΙ
1306 946 1350 985 Β.
1384 943 1540 998 ῥόμβος.

349 1003 386 1043 2.
425 1003 588 1052 ylaucus
619 1003 741 1050 piscis
779 1002 925 1041 dicitur
964 1014 1110 1040 nomen
1139 1003 1336 1052 accepisse
1367 1016 1390 1041 a
1420 1002 1568 1043 Glauco
1599 1003 1790 1043 daemone

233 1059 296 1099 vel
326 1058 399 1097 deo
429 1060 604 1106 marino,
645 1058 693 1096 de
723 1071 800 1108 quo
831 1059 878 1098 cf.
910 1059 1074 1097 Preller.
1106 1058 1235 1109 Myth.
1267 1072 1326 1109 gr.
1332 1056 1347 1081 ²
1377 1059 1397 1097 Ι
1428 1060 1508 1099 478
1526 1073 1584 1110 sq.
1616 1059 1788 1110 Hesych.

235 1113 306 1162 ἔξω
330 1116 501 1153 Γλαῦκε.
533 1115 713 1165 Append.
733 1127 844 1165 prov.
869 1116 904 1163 2,
920 1117 971 1153 72
1002 1128 1091 1154 cum
1121 1116 1176 1154 eis
1207 1128 1306 1165 quae
1327 1115 1562 1155 Leutschius
1583 1116 1792 1156 adnotavit

235 1175 275 1210 et
296 1172 442 1210 Eubul.
462 1173 528 1210 44.
606 1173 641 1212 7.
671 1171 720 1210 cf
745 1171 897 1213 Oratin.
913 1173 1009 1210 221.
1042 1171 1224 1210 Bursian.
1250 1171 1394 1239 Gr‘eogr.
1415 1185 1476 1223 gr.
1497 1173 1517 1210 I
1539 1173 1683 1214 360.1.
1752 1174 1790 1212 9.

234 1228 381 1293 Athen.
415 1230 459 1278 7,
484 1228 598 1266 3253,
635 1232 683 1281 τῇ
720 1224 764 1266 δὲ
789 1224 963 1281 Ἑκάτῃ
1000 1224 1234 1266 ἀποδίδοται
1263 1224 1289 1278 ἡ
1321 1227 1494 1280 τρίγλη
1525 1226 1589 1266 διὰ
1621 1221 1691 1279 τὴν
1721 1242 1789 1279 της

237 1280 452 1335 ὀνομασίας
483 1282 702 1334 κοινότητα.
749 1284 933 1336 τριοδῖτις
964 1282 1066 1336 γὰρ
1086 1282 1179 1324 ,καὶ
1209 1287 1294 1331 ταῖς
1325 1283 1507 1336 τριακάσι
1537 1281 1581 1323 δὲ
1610 1282 1711 1339 αὐτῇ
1741 1281 1788 1323 τὰ

234 1341 378 1380 δεῖπνα
409 1338 585 1391 φέρουσι.
632 1342 686 1380 cd
713 1337 910 1392 Ἀθήνησι
930 1339 974 1379 δὲ
1005 1339 1072 1380 καὶ
1103 1336 1218 1388 τόπος
1250 1355 1307 1388 τις
1332 1341 1477 1392 Τρίγλα
1498 1343 1684 1381 καλεῖται.
1718 1339 1791 1380 και

235 1394 382 1436 αὐτόθι
413 1395 516 1436 ἐστὶν
546 1393 744 1447 ἀναθημα
775 1397 821 1451 τῇ
845 1394 995 1451 Ἑκάτῃ
1030 1396 1311 1450 Τριγλανθίνῃ.
1375 1399 1424 1437 cf.
1457 1398 1666 1440 Chaiielid.
1700 1400 1720 1437 1
1753 1401 1793 1438 et

235 1455 401 1494 Preller.
447 1454 572 1505 Myth.
605 1452 688 1505 gr.2
717 1454 737 1492 Ι
769 1455 849 1494 246
867 1468 927 1505 sq.
1019 1455 1082 1492 12.
1113 1455 1208 1494 haec
1237 1467 1353 1493 nemo
1384 1455 1477 1493 dum
1508 1455 1734 1504 explicavit.

923 1566 1110 1599 ΠΕΡΣΙΣ
1190 1560 1193 1562 ’

257 1694 276 1732 f
317 1637 547 1732 4ξξ181οε1111
565 1636 772 1675 mulierem
792 1635 1102 1685 intellegendam
1123 1647 1206 1675 esse
1226 1635 1445 1674 arbitratur
1466 1606 1635 1675 Meinek.
1657 1635 1677 1674 Ῑ
1697 1635 1792 1674 495.

235 1706 255 1732 c
277 1725 285 1733 .
404 1725 413 1733 .

1002 1745 1028 1787 3

508 1824 559 1867 ἐν
590 1827 643 1880 τῇ
674 1822 762 1878 γὰρ
791 1823 962 1880 Ἀττικῇ
993 1825 1059 1873 τίς
1089 1820 1180 1866 εἶδε
1210 1825 1390 1866 πώποτε

507 1891 690 1941 λέοντας
718 1891 747 1946 ἢ
777 1893 984 1934 τοιοῦτον
1014 1892 1170 1945 ἕτερον
1198 1893 1387 1946 &modom

506 1953 562 2002 οὗ
593 1958 816 2002 δασύποδ’
850 1958 1000 2014 εὑρεῖν
1031 1959 1152 2002 ἐστιν
1183 1957 1282 2014 οὐχὶ
1311 1959 1483 2016 ῥᾴδιον.

354 2043 583 2082 Athenaeus
615 2044 659 2092 9,
683 2043 763 2081 399
779 2043 827 2080 ef
863 2037 1145 2091 Ναυσικρατης
1188 2042 1262 2091 (sic
1291 2042 1454 2081 Grotius
1484 2042 1666 2092 Excerpt.
1698 2042 1793 2092 879,

237 2097 461 2150 ναυκράτης
503 2096 557 2151 A)
601 2095 621 2135 ὁ
661 2095 956 2150 κωμῳδιοποιὸς
996 2095 1040 2135 ἐν
1080 2097 1247 2147 Περσίδι
1287 2093 1463 2150 (πέρσιδι
1501 2095 1558 2149 A)
1602 2096 1792 2167 σπανίως,

239 2155 385 2219 φησίν,
418 2153 523 2193 ἔστιν
553 2151 685 2206 εὑρεῖν
715 2153 924 2192 δασύποδα
954 2152 1042 2205 περὶ
1071 2148 1144 2203 τὴν
1170 2150 1362 2205 Ἀττικήν.
1410 2151 1510 2205 λέγει
1541 2150 1582 2192 δὲ
1602 2147 1681 2193 ωδε
1710 2156 1791 2195 κτλ.

243 2216 280 2254 2.
314 2207 339 2263 ἤ
370 2226 405 2250 τι
435 2215 614 2249 τοιοῦτον
645 2211 686 2250 O.
777 2214 815 2250 3.
847 2206 895 2248 οὐ
927 2206 1124 2248 δασυποδ’
1157 2212 1204 2249 Α.

353 2268 539 2307 Meinekii
570 2268 795 2318 opinionem
826 2267 1087 2306 Menandrum
1125 2264 1194 2320 (cf.
1226 2267 1272 2308 fr.
1303 2267 1384 2306 824
1417 2265 1554 2317 Mein.)
1592 2280 1615 2304 a
1644 2267 1791 2306 Nausi—

240 2329 346 2365 crate
378 2325 593 2375 perstringi
624 2324 862 2374 suspicantis
893 2324 1084 2363 refutavit
1114 2325 1170 2363 M.
1202 2324 1350 2374 Haupt.
1383 2323 1530 2373 opusc.
1561 2323 1602 2362 II
1633 2323 1700 2362 94.
1744 2323 1792 2362 de

238 2382 513 2422 conlocatione
529 2382 748 2431 particulae
763 2381 972 2431 negativae
990 2381 1040 2419 cf.
1059 2393 1159 2430 quae
1175 2381 1362 2420 adnotavi
1378 2380 1429 2419 ad
1450 2379 1572 2420 Arist.
1589 2380 1792 2419 Nub.687.

818 2548 1222 2598 ΕῨΦΑΝΗΣ

350 2642 473 2680 Poeta
501 2640 667 2680 antehac
696 2640 870 2692 ignotus.
927 2641 968 2679 in
1006 2641 1134 2679 indice
1174 2640 1413 2679 comicorum
1453 2637 1520 2690 (U.
1554 2638 1726 2678 Koehler
1755 2639 1788 2677 I.

238 2699 288 2737 A.
319 2711 359 2737 n.
393 2695 495 2749 977)
526 2699 618 2747 post
647 2697 921 2736 Nausicratem
954 2698 1299 2736 commemoratur.

877 2769 1154 2830 ’ΠΤΡᾹΤΝΟΣ

352 2866 410 2907 Cf.
441 2880 539 2916 quae
570 2866 618 2905 ad
649 2866 948 2916 Aristophontis
981 2864 1200 2917 Πύραυνον
1229 2865 1481 2904 adnotantur.
