<?xml version="1.0" encoding="UTF-8"?>
<!DOCTYPE html PUBLIC "-//W3C//DTD XHTML 1.0 Transitional//EN"
    "http://www.w3.org/TR/xhtml1/DTD/xhtml1-transitional.dtd">
<html xmlns="http://www.w3.org/1999/xhtml" xml:lang="en" lang="en">
 <head>
  <title>
</title>
<meta http-equiv="Content-Type" content="text/html;charset=utf-8" />
  <meta name='ocr-system' content='tesseract 3.04.00' />
  <meta name='ocr-capabilities' content='ocr_page ocr_carea ocr_par ocr_line ocrx_word'/>
</head>
<body>
  <div class='ocr_page' id='page_1' title='image "./comicorumatticor02kockuoft_0443.png"; bbox 0 0 1864 3204; ppageno 0'>
   <div class='ocr_carea' id='block_1_1' title="bbox 452 228 1566 272">
    <p class='ocr_par' dir='ltr' id='par_1_1' title="bbox 452 228 1566 272">
     <span class='ocr_line' id='line_1_1' title="bbox 452 228 1566 272; baseline 0.008 -8"><span class='ocrx_word' id='word_1_1' title='bbox 452 230 697 266; x_wconf 70' lang='grc' dir='ltr'><strong>ΑΛΚΜΕΩΝ</strong></span> <span class='ocrx_word' id='word_1_2' title='bbox 722 248 764 255; x_wconf 87' lang='grc'>-</span> <span class='ocrx_word' id='word_1_3' title='bbox 787 230 1121 265; x_wconf 76' lang='grc' dir='ltr'><strong><em>ΙΠΠοτΡοΦοΣ</em></strong></span> <span class='ocrx_word' id='word_1_4' title='bbox 1483 228 1566 272; x_wconf 83' lang='grc'><strong><em>437</em></strong></span> 
     </span>
    </p>
   </div>
   <div class='ocr_carea' id='block_1_2' title="bbox 0 327 1570 674">
    <p class='ocr_par' dir='ltr' id='par_1_2' title="bbox 0 327 1570 674">
     <span class='ocr_line' id='line_1_2' title="bbox 113 327 1570 404; baseline -0.003 -28"><span class='ocrx_word' id='word_1_5' title='bbox 113 335 346 377; x_wconf 72' lang='lat' dir='ltr'><strong>Athenaeus</strong></span> <span class='ocrx_word' id='word_1_6' title='bbox 375 336 422 384; x_wconf 88' lang='lat'><strong><em>8,</em></strong></span> <span class='ocrx_word' id='word_1_7' title='bbox 444 335 558 376; x_wconf 83' lang='lat'>8590</span> <span class='ocrx_word' id='word_1_8' title='bbox 602 330 624 374; x_wconf 85' lang='grc' dir='ltr'>ὁ</span> <span class='ocrx_word' id='word_1_9' title='bbox 665 332 712 374; x_wconf 77' lang='grc' dir='ltr'><strong><em>δὲ</em></strong></span> <span class='ocrx_word' id='word_1_10' title='bbox 753 327 861 386; x_wconf 73' lang='grc' dir='ltr'><strong><em>παρὰ</em></strong></span> <span class='ocrx_word' id='word_1_11' title='bbox 901 332 1172 402; x_wconf 79' lang='grc' dir='ltr'><em>Μνησιμάχῳ</em></span> <span class='ocrx_word' id='word_1_12' title='bbox 1194 331 1239 374; x_wconf 77' lang='grc' dir='ltr'><strong><em>ἐν</em></strong></span> <span class='ocrx_word' id='word_1_13' title='bbox 1276 338 1330 388; x_wconf 74' lang='grc' dir='ltr'><strong><em>τῷ</em></strong></span> <span class='ocrx_word' id='word_1_14' title='bbox 1364 329 1570 404; x_wconf 77' lang='grc' dir='ltr'><strong><em>ὁμωνύμῳ</em></strong></span> 
     </span>
     <span class='ocr_line' id='line_1_3' title="bbox 0 386 1569 446; baseline -0.001 -14"><span class='ocrx_word' id='word_1_15' title='bbox 0 387 170 446; x_wconf 82' lang='grc' dir='ltr'><strong><em>δράματι</em></strong></span> <span class='ocrx_word' id='word_1_16' title='bbox 192 390 395 440; x_wconf 81' lang='grc' dir='ltr'><strong><em>Δύσκολος</em></strong></span> <span class='ocrx_word' id='word_1_17' title='bbox 425 387 734 446; x_wconf 80' lang='grc' dir='ltr'><em>φιλάργυρος</em></span> <span class='ocrx_word' id='word_1_18' title='bbox 765 407 833 432; x_wconf 88' lang='grc' dir='ltr'><strong><em>ων</em></strong></span> <span class='ocrx_word' id='word_1_19' title='bbox 861 386 1051 443; x_wconf 88' lang='grc' dir='ltr'><strong><em>σφόδρα</em></strong></span> <span class='ocrx_word' id='word_1_20' title='bbox 1080 386 1205 444; x_wconf 84' lang='grc' dir='ltr'><strong><em>πρὸς</em></strong></span> <span class='ocrx_word' id='word_1_21' title='bbox 1235 390 1322 431; x_wconf 84' lang='grc' dir='ltr'><strong><em>τὸν</em></strong></span> <span class='ocrx_word' id='word_1_22' title='bbox 1351 387 1569 431; x_wconf 82' lang='grc' dir='ltr'><strong><em>άσωτευ-</em></strong></span> 
     </span>
     <span class='ocr_line' id='line_1_4' title="bbox 1 443 1568 502; baseline -0.001 -13"><span class='ocrx_word' id='word_1_23' title='bbox 1 447 27 489; x_wconf 82' lang='grc' dir='ltr'><strong><em>ό</em></strong></span> <span class='ocrx_word' id='word_1_24' title='bbox 68 463 182 490; x_wconf 81' lang='grc' dir='ltr'><strong><em>ενον</em></strong></span> <span class='ocrx_word' id='word_1_25' title='bbox 214 448 482 490; x_wconf 86' lang='grc' dir='ltr'><strong><em>νεανίσκον</em></strong></span> <span class='ocrx_word' id='word_1_26' title='bbox 512 447 638 501; x_wconf 85' lang='grc' dir='ltr'><strong><em>φησίν</em></strong></span> <span class='ocrx_word' id='word_1_27' title='bbox 666 451 748 492; x_wconf 85' lang='grc' dir='ltr'><strong><em>κτλ.</em></strong></span> <span class='ocrx_word' id='word_1_28' title='bbox 842 451 879 489; x_wconf 92' lang='lat'><strong><em>1.</em></strong></span> <span class='ocrx_word' id='word_1_29' title='bbox 911 446 1036 487; x_wconf 82' lang='grc' dir='ltr'><strong><em>πολλὰ</em></strong></span> <span class='ocrx_word' id='word_1_30' title='bbox 1068 450 1115 488; x_wconf 90' lang='grc' dir='ltr'><strong><em>Α.</em></strong></span> <span class='ocrx_word' id='word_1_31' title='bbox 1205 450 1245 489; x_wconf 92' lang='grc'><strong><em>3.</em></strong></span> <span class='ocrx_word' id='word_1_32' title='bbox 1277 445 1322 487; x_wconf 82' lang='grc' dir='ltr'><strong><em>δέ</em></strong></span> <span class='ocrx_word' id='word_1_33' title='bbox 1349 444 1388 501; x_wconf 78' lang='grc' dir='ltr'><strong><em>γ’</em></strong></span> <span class='ocrx_word' id='word_1_34' title='bbox 1414 443 1469 495; x_wconf 78' lang='grc' dir='ltr'><strong><em>ὥς</em></strong></span> <span class='ocrx_word' id='word_1_35' title='bbox 1499 445 1568 502; x_wconf 80' lang='lat' dir='ltr'><strong><em>K]</em></strong></span> 
     </span>
     <span class='ocr_line' id='line_1_5' title="bbox 1 500 1568 562; baseline -0.003 -14"><span class='ocrx_word' id='word_1_36' title='bbox 1 505 27 548; x_wconf 85' lang='grc' dir='ltr'><strong><em>δ</em></strong></span> <span class='ocrx_word' id='word_1_37' title='bbox 75 505 128 562; x_wconf 76' lang='grc' dir='ltr'><strong><em>τῷ</em></strong></span> <span class='ocrx_word' id='word_1_38' title='bbox 156 506 206 547; x_wconf 88' lang='lat' dir='ltr'>A.</span> <span class='ocrx_word' id='word_1_39' title='bbox 293 508 332 546; x_wconf 82' lang='lat'><strong><em>4.</em></strong></span> <span class='ocrx_word' id='word_1_40' title='bbox 364 502 600 559; x_wconf 80' lang='grc' dir='ltr'><strong><em>μετριώτερα</em></strong></span> <span class='ocrx_word' id='word_1_41' title='bbox 630 506 679 546; x_wconf 88' lang='lat' dir='ltr'><strong><em>A.</em></strong></span> <span class='ocrx_word' id='word_1_42' title='bbox 761 500 959 558; x_wconf 79' lang='grc' dir='ltr'><strong><em>δαιμόνι’.</em></strong></span> <span class='ocrx_word' id='word_1_43' title='bbox 980 527 1035 535; x_wconf 89' lang='lat'><strong><em>—-</em></strong></span> <span class='ocrx_word' id='word_1_44' title='bbox 1058 518 1189 553; x_wconf 81' lang='grc' dir='ltr'><strong><em>οπως;</em></strong></span> <span class='ocrx_word' id='word_1_45' title='bbox 1220 505 1268 545; x_wconf 88' lang='lat' dir='ltr'><strong><em>G.</em></strong></span> <span class='ocrx_word' id='word_1_46' title='bbox 1290 506 1341 544; x_wconf 90' lang='lat' dir='ltr'><strong><em>A.</em></strong></span> <span class='ocrx_word' id='word_1_47' title='bbox 1366 506 1568 557; x_wconf 84' lang='lat' dir='ltr'>Hirsehig.</span> 
     </span>
     <span class='ocr_line' id='line_1_6' title="bbox 5 557 1568 617; baseline -0.003 -13"><span class='ocrx_word' id='word_1_48' title='bbox 5 565 109 605; x_wconf 79' lang='lat' dir='ltr'>Anu.</span> <span class='ocrx_word' id='word_1_49' title='bbox 142 565 228 604; x_wconf 74' lang='lat' dir='ltr'><strong>erit.</strong></span> <span class='ocrx_word' id='word_1_50' title='bbox 262 561 333 617; x_wconf 84' lang='lat'><strong><em>17]</em></strong></span> <span class='ocrx_word' id='word_1_51' title='bbox 364 561 558 615; x_wconf 88' lang='grc' dir='ltr'><strong><em>δαιμόνιε.</em></strong></span> <span class='ocrx_word' id='word_1_52' title='bbox 588 568 675 611; x_wconf 80' lang='grc' dir='ltr'><strong><em>πῶς</em></strong></span> <span class='ocrx_word' id='word_1_53' title='bbox 707 564 755 603; x_wconf 90' lang='grc' dir='ltr'><strong><em>Α.</em></strong></span> <span class='ocrx_word' id='word_1_54' title='bbox 847 564 886 603; x_wconf 88' lang='grc'><strong><em>6.</em></strong></span> <span class='ocrx_word' id='word_1_55' title='bbox 917 557 1072 614; x_wconf 82' lang='grc' dir='ltr'><strong><em>ἰχθύδι’</em></strong></span> <span class='ocrx_word' id='word_1_56' title='bbox 1104 563 1262 603; x_wconf 78' lang='lat' dir='ltr'><strong>Dawes.</strong></span> <span class='ocrx_word' id='word_1_57' title='bbox 1293 563 1461 603; x_wconf 88' lang='lat' dir='ltr'><strong>Miscell.</strong></span> <span class='ocrx_word' id='word_1_58' title='bbox 1494 559 1568 616; x_wconf 86' lang='lat'><strong><em>14]</em></strong></span> 
     </span>
     <span class='ocr_line' id='line_1_7' title="bbox 2 617 588 674; baseline -0.003 -12"><span class='ocrx_word' id='word_1_59' title='bbox 2 618 195 674; x_wconf 76' lang='grc' dir='ltr'><strong><em>ἰχθύδιον</em></strong></span> <span class='ocrx_word' id='word_1_60' title='bbox 223 622 275 661; x_wconf 90' lang='lat' dir='ltr'>A.</span> <span class='ocrx_word' id='word_1_61' title='bbox 362 617 407 660; x_wconf 78' lang='grc' dir='ltr'><strong><em>δὲ</em></strong></span> <span class='ocrx_word' id='word_1_62' title='bbox 438 618 511 660; x_wconf 78' lang='grc' dir='ltr'><strong><em>ἐὰν</em></strong></span> <span class='ocrx_word' id='word_1_63' title='bbox 539 620 588 660; x_wconf 90' lang='lat' dir='ltr'>A.</span> 
     </span>
    </p>
   </div>
   <div class='ocr_carea' id='block_1_3' title="bbox 3 677 1567 787">
    <p class='ocr_par' dir='ltr' id='par_1_3' title="bbox 3 677 1567 787">
     <span class='ocr_line' id='line_1_8' title="bbox 117 677 1567 729; baseline -0.001 -11"><span class='ocrx_word' id='word_1_64' title='bbox 117 680 283 729; x_wconf 79' lang='lat' dir='ltr'><strong>patruus</strong></span> <span class='ocrx_word' id='word_1_65' title='bbox 322 678 371 718; x_wconf 81' lang='lat' dir='ltr'><strong><em>ab</em></strong></span> <span class='ocrx_word' id='word_1_66' title='bbox 407 678 661 718; x_wconf 82' lang='lat' dir='ltr'><strong>adulescente</strong></span> <span class='ocrx_word' id='word_1_67' title='bbox 696 677 800 729; x_wconf 78' lang='lat' dir='ltr'><strong>petit</strong></span> <span class='ocrx_word' id='word_1_68' title='bbox 828 679 875 717; x_wconf 76' lang='lat' dir='ltr'><strong><em>ut</em></strong></span> <span class='ocrx_word' id='word_1_69' title='bbox 903 678 938 717; x_wconf 83' lang='lat' dir='ltr'><strong><em>si</em></strong></span> <span class='ocrx_word' id='word_1_70' title='bbox 967 678 1096 717; x_wconf 78' lang='lat' dir='ltr'><strong>multa</strong></span> <span class='ocrx_word' id='word_1_71' title='bbox 1124 678 1283 728; x_wconf 74' lang='lat' dir='ltr'><strong>poseat,</strong></span> <span class='ocrx_word' id='word_1_72' title='bbox 1325 679 1461 716; x_wconf 72' lang='lat' dir='ltr'><strong>tamen</strong></span> <span class='ocrx_word' id='word_1_73' title='bbox 1492 677 1567 716; x_wconf 86' lang='lat' dir='ltr'>sibi</span> 
     </span>
     <span class='ocr_line' id='line_1_9' title="bbox 3 734 1566 787; baseline -0.001 -12"><span class='ocrx_word' id='word_1_74' title='bbox 3 735 222 776; x_wconf 69' lang='lat' dir='ltr'><strong>faciliorem</strong></span> <span class='ocrx_word' id='word_1_75' title='bbox 260 735 380 775; x_wconf 72' lang='lat' dir='ltr'><strong>faciat</strong></span> <span class='ocrx_word' id='word_1_76' title='bbox 417 738 621 787; x_wconf 81' lang='lat' dir='ltr'><strong>sumptum</strong></span> <span class='ocrx_word' id='word_1_77' title='bbox 650 748 796 787; x_wconf 80' lang='lat' dir='ltr'><strong>magna</strong></span> <span class='ocrx_word' id='word_1_78' title='bbox 827 735 1088 775; x_wconf 84' lang='lat' dir='ltr'><strong>deminutivis</strong></span> <span class='ocrx_word' id='word_1_79' title='bbox 1118 734 1260 774; x_wconf 84' lang='lat' dir='ltr'><strong>formis</strong></span> <span class='ocrx_word' id='word_1_80' title='bbox 1292 734 1566 785; x_wconf 84' lang='lat' dir='ltr'>significando.</span> 
     </span>
    </p>
   </div>
   <div class='ocr_carea' id='block_1_4' title="bbox 619 847 951 889">
    <p class='ocr_par' dir='ltr' id='par_1_4' title="bbox 619 847 951 889">
     <span class='ocr_line' id='line_1_10' title="bbox 619 847 951 889; baseline -0.003 -8"><span class='ocrx_word' id='word_1_81' title='bbox 619 847 951 889; x_wconf 86' lang='grc' dir='ltr'>ΙΠΠΟΤΡΟΦΟΣ</span> 
     </span>
    </p>
   </div>
   <div class='ocr_carea' id='block_1_5' title="bbox 262 980 1259 2948">
    <p class='ocr_par' dir='ltr' id='par_1_5' title="bbox 332 980 1230 1176">
     <span class='ocr_line' id='line_1_11' title="bbox 332 980 1230 1040; baseline -0.002 -13"><span class='ocrx_word' id='word_1_82' title='bbox 332 981 455 1040; x_wconf 81' lang='grc' dir='ltr'><strong><em>βαῖν’</em></strong></span> <span class='ocrx_word' id='word_1_83' title='bbox 481 982 530 1027; x_wconf 86' lang='grc' dir='ltr'><strong><em>ἑκ</em></strong></span> <span class='ocrx_word' id='word_1_84' title='bbox 560 983 782 1039; x_wconf 86' lang='grc' dir='ltr'><strong><em>θαλάμων</em></strong></span> <span class='ocrx_word' id='word_1_85' title='bbox 812 980 1230 1039; x_wconf 80' lang='grc' dir='ltr'><strong><em>κυπαρισσορόφων</em></strong></span> 
     </span>
     <span class='ocr_line' id='line_1_12' title="bbox 334 1048 1096 1107; baseline -0.003 -12"><span class='ocrx_word' id='word_1_86' title='bbox 334 1051 440 1107; x_wconf 82' lang='grc' dir='ltr'><strong><em>ἔξω,</em></strong></span> <span class='ocrx_word' id='word_1_87' title='bbox 474 1049 632 1106; x_wconf 87' lang='grc' dir='ltr'><strong><em>Μάνη·</em></strong></span> <span class='ocrx_word' id='word_1_88' title='bbox 667 1048 803 1106; x_wconf 81' lang='grc' dir='ltr'><em>στεῖχ’</em></span> <span class='ocrx_word' id='word_1_89' title='bbox 829 1051 893 1102; x_wconf 84' lang='grc' dir='ltr'><strong><em>εἰς</em></strong></span> <span class='ocrx_word' id='word_1_90' title='bbox 922 1049 1096 1107; x_wconf 76' lang='grc' dir='ltr'><strong><em>ἀγοράν</em></strong></span> 
     </span>
     <span class='ocr_line' id='line_1_13' title="bbox 333 1116 791 1176; baseline -0.004 -12"><span class='ocrx_word' id='word_1_91' title='bbox 333 1118 446 1176; x_wconf 85' lang='grc' dir='ltr'><strong><em>πρὸς</em></strong></span> <span class='ocrx_word' id='word_1_92' title='bbox 475 1118 582 1170; x_wconf 79' lang='grc' dir='ltr'><strong><em>τοὺς</em></strong></span> <span class='ocrx_word' id='word_1_93' title='bbox 606 1116 791 1176; x_wconf 80' lang='grc' dir='ltr'><em>Ἑρμᾶς,</em></span> 
     </span>
    </p>

    <p class='ocr_par' dir='ltr' id='par_1_6' title="bbox 335 1180 1081 1245">
     <span class='ocr_line' id='line_1_14' title="bbox 335 1180 1081 1245; baseline -0.001 -13"><span class='ocrx_word' id='word_1_94' title='bbox 335 1180 391 1232; x_wconf 83' lang='grc' dir='ltr'><strong><em>οὗ</em></strong></span> <span class='ocrx_word' id='word_1_95' title='bbox 421 1185 728 1245; x_wconf 87' lang='grc' dir='ltr'><strong><em>προσφοιτῶσ’</em></strong></span> <span class='ocrx_word' id='word_1_96' title='bbox 755 1187 802 1230; x_wconf 78' lang='grc' dir='ltr'><strong><em>οἱ</em></strong></span> <span class='ocrx_word' id='word_1_97' title='bbox 829 1188 1081 1243; x_wconf 89' lang='grc' dir='ltr'><strong><em>φύλαρχοι,</em></strong></span> 
     </span>
    </p>

    <p class='ocr_par' dir='ltr' id='par_1_7' title="bbox 284 1252 1150 1585">
     <span class='ocr_line' id='line_1_15' title="bbox 284 1252 1134 1313; baseline 0 -14"><span class='ocrx_word' id='word_1_98' title='bbox 284 1267 304 1299; x_wconf 80' lang='grc'>5</span> <span class='ocrx_word' id='word_1_99' title='bbox 334 1256 441 1308; x_wconf 90' lang='grc' dir='ltr'><strong><em>τούς</em></strong></span> <span class='ocrx_word' id='word_1_100' title='bbox 469 1272 518 1300; x_wconf 88' lang='grc' dir='ltr'><strong><em>τε</em></strong></span> <span class='ocrx_word' id='word_1_101' title='bbox 547 1255 754 1313; x_wconf 79' lang='grc' dir='ltr'><strong><em>μαθητὰς</em></strong></span> <span class='ocrx_word' id='word_1_102' title='bbox 782 1254 888 1306; x_wconf 81' lang='grc' dir='ltr'><strong><em>τοὺς</em></strong></span> <span class='ocrx_word' id='word_1_103' title='bbox 917 1252 1134 1312; x_wconf 84' lang='grc' dir='ltr'><strong><em>ῶραίους,</em></strong></span> 
     </span>
     <span class='ocr_line' id='line_1_16' title="bbox 335 1322 1150 1381; baseline -0.002 -11"><span class='ocrx_word' id='word_1_104' title='bbox 335 1325 416 1377; x_wconf 81' lang='grc' dir='ltr'><strong><em>οὕς</em></strong></span> <span class='ocrx_word' id='word_1_105' title='bbox 446 1323 713 1381; x_wconf 86' lang='grc' dir='ltr'><strong><em>ἀναβαίνειν</em></strong></span> <span class='ocrx_word' id='word_1_106' title='bbox 745 1324 818 1367; x_wconf 78' lang='grc' dir='ltr'><strong><em>ἐπὶ</em></strong></span> <span class='ocrx_word' id='word_1_107' title='bbox 848 1322 954 1375; x_wconf 77' lang='grc' dir='ltr'><strong><em>τοὺς</em></strong></span> <span class='ocrx_word' id='word_1_108' title='bbox 983 1324 1150 1376; x_wconf 81' lang='grc' dir='ltr'><strong><em>ἵππους</em></strong></span> 
     </span>
     <span class='ocr_line' id='line_1_17' title="bbox 335 1393 1146 1452; baseline -0.004 -14"><span class='ocrx_word' id='word_1_109' title='bbox 335 1397 496 1452; x_wconf 81' lang='grc' dir='ltr'><strong><em>μελετᾷ</em></strong></span> <span class='ocrx_word' id='word_1_110' title='bbox 529 1393 708 1438; x_wconf 79' lang='grc' dir='ltr'><strong><em>Φείδων</em></strong></span> <span class='ocrx_word' id='word_1_111' title='bbox 738 1393 814 1436; x_wconf 86' lang='grc' dir='ltr'><strong><em>καὶ</em></strong></span> <span class='ocrx_word' id='word_1_112' title='bbox 844 1394 1146 1449; x_wconf 88' lang='grc' dir='ltr'><strong><em>καταβαίνειν.</em></strong></span> 
     </span>
     <span class='ocr_line' id='line_1_18' title="bbox 336 1459 766 1517; baseline -0.005 -11"><span class='ocrx_word' id='word_1_113' title='bbox 336 1459 459 1506; x_wconf 81' lang='grc' dir='ltr'><strong><em>οἶσθ’</em></strong></span> <span class='ocrx_word' id='word_1_114' title='bbox 481 1459 563 1512; x_wconf 73' lang='grc' dir='ltr'><strong><em>οὓς</em></strong></span> <span class='ocrx_word' id='word_1_115' title='bbox 592 1459 766 1517; x_wconf 79' lang='grc' dir='ltr'><strong><em>φράζω;</em></strong></span> 
     </span>
     <span class='ocr_line' id='line_1_19' title="bbox 336 1527 1035 1585; baseline -0.003 -10"><span class='ocrx_word' id='word_1_116' title='bbox 336 1530 512 1581; x_wconf 86' lang='grc' dir='ltr'><strong><em>τούτοις</em></strong></span> <span class='ocrx_word' id='word_1_117' title='bbox 541 1531 701 1574; x_wconf 86' lang='grc' dir='ltr'><strong><em>τοίνυν</em></strong></span> <span class='ocrx_word' id='word_1_118' title='bbox 731 1527 908 1584; x_wconf 78' lang='grc' dir='ltr'><em>ἄγγελλ’</em></span> <span class='ocrx_word' id='word_1_119' title='bbox 941 1527 1035 1585; x_wconf 79' lang='grc' dir='ltr'><strong><em>ὁτιή</em></strong></span> 
     </span>
    </p>

    <p class='ocr_par' dir='ltr' id='par_1_8' title="bbox 262 1596 1259 1860">
     <span class='ocr_line' id='line_1_20' title="bbox 262 1596 1204 1656; baseline 0 -15"><span class='ocrx_word' id='word_1_120' title='bbox 262 1610 305 1647; x_wconf 81' lang='lat'><strong><em>10</em></strong></span> <span class='ocrx_word' id='word_1_121' title='bbox 333 1598 510 1655; x_wconf 83' lang='grc' dir='ltr'><strong><em>ψυχρὸν</em></strong></span> <span class='ocrx_word' id='word_1_122' title='bbox 540 1596 730 1653; x_wconf 81' lang='grc' dir='ltr'><strong><em>τοῦψον,</em></strong></span> <span class='ocrx_word' id='word_1_123' title='bbox 761 1597 812 1641; x_wconf 90' lang='grc' dir='ltr'><strong><em>τὸ</em></strong></span> <span class='ocrx_word' id='word_1_124' title='bbox 842 1598 982 1641; x_wconf 90' lang='grc' dir='ltr'><strong><em>ποτὸν</em></strong></span> <span class='ocrx_word' id='word_1_125' title='bbox 1010 1600 1204 1656; x_wconf 79' lang='grc' dir='ltr'><strong><em>θερμόν,</em></strong></span> 
     </span>
     <span class='ocr_line' id='line_1_21' title="bbox 341 1664 1079 1724; baseline -0.001 -14"><span class='ocrx_word' id='word_1_126' title='bbox 341 1667 479 1724; x_wconf 82' lang='grc' dir='ltr'><strong><em>ξηρὸν</em></strong></span> <span class='ocrx_word' id='word_1_127' title='bbox 511 1665 703 1723; x_wconf 87' lang='grc' dir='ltr'><strong><em>φύραμ’,</em></strong></span> <span class='ocrx_word' id='word_1_128' title='bbox 735 1664 863 1722; x_wconf 77' lang='grc' dir='ltr'><strong><em>ἄρτοι</em></strong></span> <span class='ocrx_word' id='word_1_129' title='bbox 895 1668 1039 1723; x_wconf 84' lang='grc' dir='ltr'><strong><em>ξηροί·</em></strong></span> <span class='ocrx_word' id='word_1_130' title='bbox 1069 1675 1079 1688; x_wconf 55' lang='lat'><em>*</em></span> 
     </span>
     <span class='ocr_line' id='line_1_22' title="bbox 338 1733 1259 1792; baseline -0.002 -12"><span class='ocrx_word' id='word_1_131' title='bbox 338 1733 560 1791; x_wconf 80' lang='grc' dir='ltr'><strong><em>σπλάγχν’</em></strong></span> <span class='ocrx_word' id='word_1_132' title='bbox 585 1733 791 1789; x_wconf 83' lang='grc' dir='ltr'><strong><em>ὀπτᾶται,</em></strong></span> <span class='ocrx_word' id='word_1_133' title='bbox 823 1734 988 1791; x_wconf 84' lang='grc' dir='ltr'><strong><em>χναῦμ’</em></strong></span> <span class='ocrx_word' id='word_1_134' title='bbox 1010 1734 1259 1792; x_wconf 80' lang='grc' dir='ltr'><strong><em>ἥρπασται,</em></strong></span> 
     </span>
     <span class='ocr_line' id='line_1_23' title="bbox 339 1800 986 1860; baseline -0.003 -12"><span class='ocrx_word' id='word_1_135' title='bbox 339 1805 472 1860; x_wconf 81' lang='grc' dir='ltr'><strong><em>κρέας</em></strong></span> <span class='ocrx_word' id='word_1_136' title='bbox 503 1804 548 1855; x_wconf 83' lang='grc' dir='ltr'><strong><em>ἐξ</em></strong></span> <span class='ocrx_word' id='word_1_137' title='bbox 579 1800 720 1858; x_wconf 82' lang='grc' dir='ltr'><strong><em>ἅλμης</em></strong></span> <span class='ocrx_word' id='word_1_138' title='bbox 751 1802 986 1860; x_wconf 79' lang='grc' dir='ltr'><strong><em>ἐξῄρηται,</em></strong></span> 
     </span>
    </p>

    <p class='ocr_par' dir='ltr' id='par_1_9' title="bbox 279 1867 1186 1928">
     <span class='ocr_line' id='line_1_24' title="bbox 279 1867 1186 1928; baseline 0.001 -15"><span class='ocrx_word' id='word_1_139' title='bbox 279 1891 303 1913; x_wconf 72' lang='lat'>0</span> <span class='ocrx_word' id='word_1_140' title='bbox 338 1872 472 1928; x_wconf 88' lang='grc' dir='ltr'><strong><em>τόμος</em></strong></span> <span class='ocrx_word' id='word_1_141' title='bbox 502 1869 746 1925; x_wconf 79' lang='grc' dir='ltr'><strong><em>ἀλλᾶντος,</em></strong></span> <span class='ocrx_word' id='word_1_142' title='bbox 777 1870 910 1926; x_wconf 85' lang='grc' dir='ltr'><strong><em>τόμος</em></strong></span> <span class='ocrx_word' id='word_1_143' title='bbox 939 1867 1186 1927; x_wconf 82' lang='grc' dir='ltr'><strong><em>ἠνύστρου,</em></strong></span> 
     </span>
    </p>

    <p class='ocr_par' dir='ltr' id='par_1_10' title="bbox 269 1938 1172 2268">
     <span class='ocr_line' id='line_1_25' title="bbox 269 1938 1099 1997; baseline -0.001 -15"><span class='ocrx_word' id='word_1_144' title='bbox 269 1951 309 1982; x_wconf 85' lang='lat'><strong><em>15</em></strong></span> <span class='ocrx_word' id='word_1_145' title='bbox 340 1941 503 1997; x_wconf 77' lang='grc' dir='ltr'><strong><em>χορδῆς</em></strong></span> <span class='ocrx_word' id='word_1_146' title='bbox 531 1939 707 1996; x_wconf 81' lang='grc' dir='ltr'><strong><em>ἕτερος,</em></strong></span> <span class='ocrx_word' id='word_1_147' title='bbox 739 1938 918 1995; x_wconf 86' lang='grc' dir='ltr'><strong><em>φύσκης</em></strong></span> <span class='ocrx_word' id='word_1_148' title='bbox 948 1938 1099 1994; x_wconf 80' lang='grc' dir='ltr'><strong><em>ἕτερος</em></strong></span> 
     </span>
     <span class='ocr_line' id='line_1_26' title="bbox 341 2002 1137 2064; baseline -0.003 -13"><span class='ocrx_word' id='word_1_149' title='bbox 341 2002 724 2064; x_wconf 79' lang='grc' dir='ltr'><strong><em>διαλαιμοτομεῖθ’</em></strong></span> <span class='ocrx_word' id='word_1_150' title='bbox 749 2004 839 2050; x_wconf 79' lang='grc' dir='ltr'><strong><em>ὑπὸ</em></strong></span> <span class='ocrx_word' id='word_1_151' title='bbox 870 2008 960 2050; x_wconf 88' lang='grc' dir='ltr'><strong><em>τῶν</em></strong></span> <span class='ocrx_word' id='word_1_152' title='bbox 991 2007 1137 2050; x_wconf 82' lang='grc' dir='ltr'><strong><em>ἔνδον.</em></strong></span> 
     </span>
     <span class='ocr_line' id='line_1_27' title="bbox 340 2073 1023 2134; baseline -0.004 -13"><span class='ocrx_word' id='word_1_153' title='bbox 340 2074 512 2134; x_wconf 76' lang='grc' dir='ltr'><strong><em>κρατὴρ</em></strong></span> <span class='ocrx_word' id='word_1_154' title='bbox 544 2073 850 2131; x_wconf 79' lang='grc' dir='ltr'><strong><em>ἐξερροίβδητ’</em></strong></span> <span class='ocrx_word' id='word_1_155' title='bbox 873 2078 1023 2119; x_wconf 73' lang='grc' dir='ltr'><strong><em>οἴνου·</em></strong></span> 
     </span>
     <span class='ocr_line' id='line_1_28' title="bbox 341 2143 1172 2202; baseline -0.001 -13"><span class='ocrx_word' id='word_1_156' title='bbox 341 2146 560 2202; x_wconf 88' lang='grc' dir='ltr'><strong><em>πρόποσις</em></strong></span> <span class='ocrx_word' id='word_1_157' title='bbox 588 2150 745 2200; x_wconf 84' lang='grc' dir='ltr'><strong><em>χωρεῖ·</em></strong></span> <span class='ocrx_word' id='word_1_158' title='bbox 778 2143 956 2187; x_wconf 84' lang='grc' dir='ltr'><strong><em>λέπεται</em></strong></span> <span class='ocrx_word' id='word_1_159' title='bbox 985 2143 1172 2200; x_wconf 84' lang='grc' dir='ltr'><strong><em>κόρδαξ·</em></strong></span> 
     </span>
     <span class='ocr_line' id='line_1_29' title="bbox 341 2212 1092 2268; baseline -0.001 -11"><span class='ocrx_word' id='word_1_160' title='bbox 341 2212 657 2257; x_wconf 86' lang='grc' dir='ltr'><strong><em>α’κολασταίνει</em></strong></span> <span class='ocrx_word' id='word_1_161' title='bbox 687 2215 797 2262; x_wconf 86' lang='grc' dir='ltr'><strong><em>νοῦς</em></strong></span> <span class='ocrx_word' id='word_1_162' title='bbox 826 2214 1092 2268; x_wconf 85' lang='grc' dir='ltr'><strong><em>μειρακίων·</em></strong></span> 
     </span>
    </p>

    <p class='ocr_par' dir='ltr' id='par_1_11' title="bbox 264 2278 1246 2608">
     <span class='ocr_line' id='line_1_30' title="bbox 264 2278 1192 2331; baseline 0.001 -8"><span class='ocrx_word' id='word_1_163' title='bbox 264 2293 310 2324; x_wconf 81' lang='lat'><strong><em>20</em></strong></span> <span class='ocrx_word' id='word_1_164' title='bbox 338 2279 501 2331; x_wconf 87' lang='grc' dir='ltr'><strong><em>πάντες</em></strong></span> <span class='ocrx_word' id='word_1_165' title='bbox 532 2279 575 2323; x_wconf 90' lang='grc' dir='ltr'><strong><em>δ’</em></strong></span> <span class='ocrx_word' id='word_1_166' title='bbox 598 2281 733 2323; x_wconf 85' lang='grc' dir='ltr'><strong><em>ἔνδον</em></strong></span> <span class='ocrx_word' id='word_1_167' title='bbox 762 2281 817 2323; x_wconf 84' lang='grc' dir='ltr'><strong><em>τὰ</em></strong></span> <span class='ocrx_word' id='word_1_168' title='bbox 848 2281 1056 2323; x_wconf 81' lang='grc' dir='ltr'><strong><em>κάτωθεν</em></strong></span> <span class='ocrx_word' id='word_1_169' title='bbox 1086 2278 1192 2324; x_wconf 79' lang='grc' dir='ltr'><strong><em>ἅνω.</em></strong></span> 
     </span>
     <span class='ocr_line' id='line_1_31' title="bbox 342 2342 1246 2406; baseline -0.002 -13"><span class='ocrx_word' id='word_1_170' title='bbox 342 2348 531 2406; x_wconf 83' lang='grc' dir='ltr'><strong><em>μέμνησ’</em></strong></span> <span class='ocrx_word' id='word_1_171' title='bbox 553 2347 582 2392; x_wconf 74' lang='grc' dir='ltr'><strong><em>δι’</em></strong></span> <span class='ocrx_word' id='word_1_172' title='bbox 611 2349 741 2404; x_wconf 81' lang='grc' dir='ltr'><strong><em>λέγω,</em></strong></span> <span class='ocrx_word' id='word_1_173' title='bbox 773 2346 958 2403; x_wconf 87' lang='grc' dir='ltr'><strong><em>πρόσεχ’</em></strong></span> <span class='ocrx_word' id='word_1_174' title='bbox 981 2342 1049 2399; x_wconf 79' lang='grc' dir='ltr'><strong><em>οἷς</em></strong></span> <span class='ocrx_word' id='word_1_175' title='bbox 1078 2348 1246 2404; x_wconf 82' lang='grc' dir='ltr'><strong><em>φράζω.</em></strong></span> 
     </span>
     <span class='ocr_line' id='line_1_32' title="bbox 345 2410 703 2474; baseline -0.003 -14"><span class='ocrx_word' id='word_1_176' title='bbox 345 2417 523 2474; x_wconf 77' lang='grc' dir='ltr'><strong><em>χάσκεις</em></strong></span> <span class='ocrx_word' id='word_1_177' title='bbox 551 2410 703 2467; x_wconf 78' lang='grc' dir='ltr'><strong><em>οὗτοςς</em></strong></span> 
     </span>
     <span class='ocr_line' id='line_1_33' title="bbox 345 2480 1211 2541; baseline -0.003 -12"><span class='ocrx_word' id='word_1_178' title='bbox 345 2487 517 2541; x_wconf 84' lang='grc' dir='ltr'><strong><em>βλέψον</em></strong></span> <span class='ocrx_word' id='word_1_179' title='bbox 548 2484 700 2538; x_wconf 86' lang='grc' dir='ltr'><strong><em>δευρί·</em></strong></span> <span class='ocrx_word' id='word_1_180' title='bbox 731 2485 826 2534; x_wconf 90' lang='grc' dir='ltr'><strong><em>πῶς</em></strong></span> <span class='ocrx_word' id='word_1_181' title='bbox 855 2480 969 2527; x_wconf 73' lang='grc' dir='ltr'><strong><em>αὐτοὶ</em></strong></span> <span class='ocrx_word' id='word_1_182' title='bbox 1001 2484 1211 2540; x_wconf 86' lang='grc' dir='ltr'><strong><em>φράσεις;</em></strong></span> 
     </span>
     <span class='ocr_line' id='line_1_34' title="bbox 347 2549 1140 2608; baseline -0.001 -12"><span class='ocrx_word' id='word_1_183' title='bbox 347 2549 491 2596; x_wconf 83' lang='grc' dir='ltr'><strong><em>αὐτίκ’</em></strong></span> <span class='ocrx_word' id='word_1_184' title='bbox 519 2552 609 2607; x_wconf 86' lang='grc' dir='ltr'><strong><em>ἐρῶ</em></strong></span> <span class='ocrx_word' id='word_1_185' title='bbox 642 2563 712 2594; x_wconf 92' lang='grc' dir='ltr'><strong><em>σοι</em></strong></span> <span class='ocrx_word' id='word_1_186' title='bbox 743 2550 880 2594; x_wconf 88' lang='grc' dir='ltr'><strong><em>πάλιν</em></strong></span> <span class='ocrx_word' id='word_1_187' title='bbox 912 2552 958 2604; x_wconf 83' lang='grc' dir='ltr'><strong><em>ἐξ</em></strong></span> <span class='ocrx_word' id='word_1_188' title='bbox 988 2549 1140 2608; x_wconf 76' lang='grc' dir='ltr'><strong><em>ἀρχῆς.</em></strong></span> 
     </span>
    </p>

    <p class='ocr_par' dir='ltr' id='par_1_12' title="bbox 271 2616 1224 2948">
     <span class='ocr_line' id='line_1_35' title="bbox 271 2616 1007 2677; baseline 0 -15"><span class='ocrx_word' id='word_1_189' title='bbox 271 2630 314 2662; x_wconf 82' lang='lat'><strong><em>25</em></strong></span> <span class='ocrx_word' id='word_1_190' title='bbox 344 2619 472 2677; x_wconf 80' lang='grc' dir='ltr'><strong><em>ἥκειν</em></strong></span> <span class='ocrx_word' id='word_1_191' title='bbox 501 2619 587 2677; x_wconf 81' lang='grc' dir='ltr'><strong><em>ἤδη</em></strong></span> <span class='ocrx_word' id='word_1_192' title='bbox 617 2619 692 2662; x_wconf 86' lang='grc' dir='ltr'><strong><em>καὶ</em></strong></span> <span class='ocrx_word' id='word_1_193' title='bbox 721 2616 780 2675; x_wconf 87' lang='grc' dir='ltr'><strong><em>μὴ</em></strong></span> <span class='ocrx_word' id='word_1_194' title='bbox 811 2618 1007 2675; x_wconf 82' lang='grc' dir='ltr'><strong><em>μέλλειν,</em></strong></span> 
     </span>
     <span class='ocr_line' id='line_1_36' title="bbox 349 2685 1121 2746; baseline -0.001 -15"><span class='ocrx_word' id='word_1_195' title='bbox 349 2692 410 2746; x_wconf 76' lang='grc' dir='ltr'><strong><em>τῷ</em></strong></span> <span class='ocrx_word' id='word_1_196' title='bbox 441 2703 489 2731; x_wconf 91' lang='grc' dir='ltr'><strong><em>τε</em></strong></span> <span class='ocrx_word' id='word_1_197' title='bbox 517 2689 715 2744; x_wconf 76' lang='grc' dir='ltr'><strong><em>μαγείρῳ</em></strong></span> <span class='ocrx_word' id='word_1_198' title='bbox 744 2685 802 2743; x_wconf 77' lang='grc' dir='ltr'><strong><em>μὴ</em></strong></span> <span class='ocrx_word' id='word_1_199' title='bbox 834 2686 1121 2744; x_wconf 86' lang='grc' dir='ltr'><strong><em>λυμαίνεσθ’,</em></strong></span> 
     </span>
     <span class='ocr_line' id='line_1_37' title="bbox 349 2752 1059 2810; baseline 0 -12"><span class='ocrx_word' id='word_1_200' title='bbox 349 2753 408 2807; x_wconf 83' lang='grc' dir='ltr'><strong><em>ῶς</em></strong></span> <span class='ocrx_word' id='word_1_201' title='bbox 436 2758 527 2798; x_wconf 88' lang='grc' dir='ltr'><strong><em>τῶν</em></strong></span> <span class='ocrx_word' id='word_1_202' title='bbox 558 2752 683 2806; x_wconf 80' lang='grc' dir='ltr'><strong><em>ὄψων</em></strong></span> <span class='ocrx_word' id='word_1_203' title='bbox 710 2755 869 2810; x_wconf 77' lang='grc' dir='ltr'><strong><em>ἑφθῶν</em></strong></span> <span class='ocrx_word' id='word_1_204' title='bbox 900 2754 1059 2810; x_wconf 83' lang='grc' dir='ltr'><strong><em>ὄντων,</em></strong></span> 
     </span>
     <span class='ocr_line' id='line_1_38' title="bbox 351 2821 1104 2879; baseline -0.001 -12"><span class='ocrx_word' id='word_1_205' title='bbox 351 2822 502 2867; x_wconf 86' lang='grc' dir='ltr'><strong><em>ὀπτῶν</em></strong></span> <span class='ocrx_word' id='word_1_206' title='bbox 532 2821 691 2878; x_wconf 80' lang='grc' dir='ltr'><strong><em>ὄντων,</em></strong></span> <span class='ocrx_word' id='word_1_207' title='bbox 721 2826 910 2879; x_wconf 87' lang='grc' dir='ltr'><strong><em>ψυχρῶν</em></strong></span> <span class='ocrx_word' id='word_1_208' title='bbox 941 2822 1104 2877; x_wconf 87' lang='grc' dir='ltr'><strong><em>ὄντων,</em></strong></span> 
     </span>
     <span class='ocr_line' id='line_1_39' title="bbox 352 2889 1224 2948; baseline -0.002 -13"><span class='ocrx_word' id='word_1_209' title='bbox 352 2889 459 2935; x_wconf 82' lang='grc' dir='ltr'><strong><em>καθ’</em></strong></span> <span class='ocrx_word' id='word_1_210' title='bbox 482 2890 647 2934; x_wconf 80' lang='grc' dir='ltr'><strong><em>ἕκαστα</em></strong></span> <span class='ocrx_word' id='word_1_211' title='bbox 677 2890 840 2948; x_wconf 72' lang='grc' dir='ltr'><strong><em>λέγων·</em></strong></span> <span class='ocrx_word' id='word_1_212' title='bbox 873 2890 1061 2947; x_wconf 90' lang='grc' dir='ltr'><strong><em>βολβός,</em></strong></span> <span class='ocrx_word' id='word_1_213' title='bbox 1094 2890 1224 2946; x_wconf 79' lang='grc' dir='ltr'><strong><em>ἐλάα,</em></strong></span> 
     </span>
    </p>
   </div>
  </div>
 </body>
</html>
