1864 3204
5 0 74 80 ,μ
102 0 218 16 559-.

11 123 19 147 ἓ

5 185 21 250 3

625 182 881 218 ΑΓΚΤΑΙῼΝ
932 182 1150 216 ΑΓΧΙΣΗΣ
1586 180 1668 223 165

7 308 13 314 ··
93 301 135 339 p.
165 283 271 342 374)
310 284 402 337 ρμε’
429 283 668 334 ’Λκυλίωνος
709 284 803 341 (ser.
828 283 1112 340 Ἀγκυλίωνος)
1143 283 1372 339 λεγομένην.
1423 286 1472 325 cf.
1514 286 1661 325 Miller.

93 345 190 385 345.
241 345 361 385 Mein.
393 345 530 384 Herm.
562 344 623 384 III
656 345 752 385 456.
813 357 960 385 nomen
987 341 1207 396 Ἀγκυλίων
1236 346 1366 384 exstat
1395 344 1515 383 etiam
1545 342 1668 385 Arist.

92 401 372 453 Vesp.1397.

787 458 825 497 1.
859 457 899 498 2.
929 457 957 498 3

362 525 438 579 καὶ
469 534 558 591 γὰρ
588 534 727 578 πάλαι
758 534 906 581 πέττει
936 532 990 577 τὰ
1020 535 1269 591 νικητήρια.

364 805 470 864 εἷεν,
502 815 737 864 γυναῖκες·
769 810 858 850 νῦν
890 805 1009 858 ὅπως
1038 805 1123 863 τήν
1152 805 1290 863 νύχθ’
1313 806 1422 863 ὅλην

362 876 414 920 ἐν
443 879 498 934 τῇ
528 876 692 932 δεκάτῃ
723 878 806 918 τοῦ
837 876 1024 919 παιδίου
1053 875 1307 932 χορεύσετε.

359 944 492 1000 θήσω
523 945 573 988 δὲ
606 945 872 1000 νικητήριον
903 951 1024 999 τρεῖς
1053 946 1227 995 ταινίας

360 1013 436 1056 καὶ
466 1015 586 1069 μῆλα
616 1013 751 1056 πέντε
781 1004 856 1055 καὶ
887 1010 1100 1069 φιλήματ’
1125 1006 1270 1056 ἐννέα.

200 1109 429 1148 Athenaeus
453 1109 519 1160 15,
543 1108 661 1148 668d
693 1104 841 1159 ἐγίνετο
870 1105 915 1145 δὲ
945 1105 1012 1146 καὶ
1041 1091 1239 1158 πεμμάτια
1269 1121 1359 1145 τινα
1380 1105 1424 1146 ἐν
1445 1111 1537 1154 ταῖς
1557 1121 1660 1147 παν

89 1164 261 1217 νυχίσιν,
299 1162 344 1204 ἕν
382 1159 449 1212 αἷς
478 1167 664 1204 πλεῖστον
694 1161 791 1203 οσον
818 1162 962 1215 χρόνον
992 1160 1271 1216 διηγρύπνουν
1300 1162 1546 1215 χορεύοντες.
1595 1165 1685 1213 καὶ,

87 1219 348 1274 διωνομάζετο
387 1220 435 1261 τὰ
473 1219 670 1273 πεμμάτια
709 1217 794 1260 τότε
831 1220 1002 1273 χαρίσιοι
1031 1217 1234 1290 (χαρισιαι
1258 1220 1373 1274 A)..
1393 1219 1659 1273 ,μνημονεύει

86 1277 294 1331 Εὔβουλος
325 1276 369 1318 ἐν
394 1275 629 1347 Ἀγκυλίωνι
651 1275 788 1349 λέγων
808 1274 958 1317 οὑτωσί
976 1276 1042 1332 (fr.
1064 1275 1120 1346 1).
1151 1269 1234 1316 εἶθ’
1254 1276 1346 1328 ἑξῆς
1367 1289 1493 1330 φησιν
1512 1276 1580 1333 (fx.
1600 1276 1658 1334 2).

85 1334 145 1375 ότι
185 1333 228 1375 δὲ
265 1334 332 1375 καὶ
368 1335 521 1387 φίλημα
557 1328 612 1384 ἦν
641 1329 771 1374 αθλον
802 1331 893 1386 ἑξῆς
925 1332 1029 1387 λέγει
1059 1331 1080 1374 ὁ
1109 1333 1322 1387 Εὔβουλος
1353 1332 1420 1400 (fr.
1444 1332 1502 1390 3).
1562 1351 1601 1376 v.
1635 1338 1658 1374 2

86 1394 194 1433 idem
242 1394 316 1444 l4,
352 1394 475 1433 646b
523 1388 730 1443 Εὔβουλος
784 1390 827 1431 ἕν
867 1389 1104 1443 Ἀγκυλίωνι
1151 1388 1205 1439 ὡς
1248 1390 1338 1446 περὶ
1374 1387 1494 1444 ἄρτου
1532 1389 1660 1432 αὐτοῦ

87 1451 174 1501 (τοῦ
205 1447 418 1518 χαρισίου)
435 1448 552 1496 ὄντος
582 1446 729 1488 οὑτωσὶ
759 1446 862 1502 λέγει
890 1450 974 1489 κτλ.
1026 1452 1066 1489 et
1095 1450 1330 1490 Eustathius
1355 1451 1475 1498 1843,
1488 1452 1538 1489 27
1571 1448 1658 1489 Εὕ-

85 1507 248 1558 βουλος·
280 1502 351 1546 εἷτ’
376 1503 506 1554 εὐθὺς
526 1503 642 1561 (haec
670 1519 881 1557 perperam
909 1507 1025 1546 finxit
1054 1520 1102 1546 ex
1121 1507 1319 1546 Athenaei
1350 1501 1434 1545 εἷθ’
1459 1504 1568 1562 ἑξῆς)
1601 1506 1658 1556 ἐξ·

85 1577 147 1605 επ.
172 1587 221 1592 -
245 1563 434 1616 χαρίσιον,
556 1567 591 1604 1.
629 1562 738 1602 πέττι
767 1564 815 1603 Α.
933 1564 972 1606 2.
1013 1561 1234 1615 ἐξεπήδησα
1265 1565 1302 1602 Α
1334 1565 1416 1604 668
1447 1567 1488 1604 et
1519 1563 1678 1616 Ense]

87 1619 320 1673 ἔξεπίλησας
349 1623 387 1660 Α
419 1622 515 1661 646.
617 1618 830 1672 πέττουσα]
862 1617 1132 1670 πέψουσαῖ
1235 1622 1273 1669 3,
1297 1622 1320 1658 2
1353 1625 1402 1672 τῆ
1431 1619 1577 1672 δεκάτη
1608 1623 1657 1662 Α.

200 1679 471 1730 fragmentum
502 1679 674 1718 alterum
705 1680 775 1717 aut
804 1679 1039 1717 tetrametro
1069 1678 1269 1717 trochaico
1300 1681 1369 1717 aut
1396 1678 1566 1717 duorum
1587 1680 1658 1717 tri-

86 1738 309 1775 metrorum
337 1735 519 1786 partibus
551 1737 719 1774 constat.
754 1757 806 1764 --
838 1735 886 1774 de
918 1732 1062 1803 δεκάτῃ
1092 1734 1142 1774 ef.
1174 1734 1302 1774 Arist.
1334 1737 1410 1775 Av.
1442 1736 1538 1775 494.
1562 1736 1656 1775 922.

87 1792 261 1843 Hesyeh.
294 1790 468 1843 δεκατην
496 1789 673 1843 θύομεν·
705 1796 753 1845 τῇ
784 1787 930 1845 δεκατῃ
960 1787 1086 1844 ἡμέρα
1117 1805 1163 1829 τα
1195 1785 1369 1841 ὀνόματα
1399 1794 1480 1839 τοῖς
1511 1789 1656 1843 βρέφε-

84 1859 150 1887 σιν
191 1847 392 1889 ἐτίθεσαν.
454 1850 646 1888 erravisse
683 1849 958 1899 Athenaeum,
1007 1862 1096 1888 eum
1133 1846 1313 1899 χαρίσιον
1353 1850 1474 1888 etiam
1513 1863 1656 1900 panem

85 1918 170 1946 esse
202 1907 362 1958 diceret,
395 1906 686 1945 demonstravit
715 1906 959 1945 Fritzsehius
991 1905 1147 1944 Daetal.
1180 1905 1244 1945 62.
1269 1907 1306 1944 3.

854 2016 883 2058 4

412 2093 664 2152 ὀπτήσιμον
694 2096 942 2150 γογγυλίδα
973 2094 1161 2151 ταυτηνὶ
1192 2095 1331 2151 φέρω.

201 2192 431 2231 Athenaeus
453 2191 618 2242 9,369e
648 2186 793 2240 ταύτης
826 2191 915 2242 (τῆς
945 2188 1196 2242 γογγυλίδος)
1226 2188 1467 2241 μνημονεύει
1488 2187 1655 2242 Εὔβου-

84 2250 149 2296 λος
181 2245 225 2287 ἐν
250 2244 485 2300 Ἀγκυλίωνι
515 2244 641 2294 οὕτως
672 2249 753 2286 κτλ.

742 2413 744 2416 v
756 2369 974 2404 ΑΓΧῙΣΗΣ

858 2448 886 2490 5

197 2533 340 2572 Pollux
362 2534 469 2582 6,10
498 2545 560 2570 οτι
589 2529 657 2570 καὶ
687 2529 839 2578 πτίλοις
869 2528 916 2568 τα
946 2528 1148 2581 κνέφαλλα
1168 2527 1423 2582 ἀνεπλήρουν
1443 2528 1654 2582 Εὔβουλος
1684 2559 1689 2564 .

84 2587 128 2628 ἐν
154 2586 317 2642 Ἀγχίσῃ
357 2587 549 2628 διδάσκει.
609 2586 676 2626 καὶ
714 2601 892 2639 πτερωτα
929 2585 997 2627 καὶ
1025 2585 1198 2626 πτιλωτὰ
1228 2583 1530 2638 προσκεφαλαια
1559 2583 1652 2626 ὀνο-

82 2645 285 2697 μάζουσιν,
851 2697 878 2740 6

356 2754 601 2805 Παλλάδας

196 2850 341 2890 Pollux
371 2851 410 2901 9,
435 2851 486 2890 76
519 2846 884 2901 ἕνεκεχάρακτο
909 2845 1127 2898 Ἀθηνᾶς
1159 2845 1449 2899 πρόσωπον,
1480 2841 1581 2888 ὅθεν
1611 2846 1653 2887 τὸ
