1864 3204
240 253 323 295 336
894 252 1146 291 ΑΛΕΞιΔοΣ

242 354 385 408 Mein.]
417 370 506 395 τινι.
596 358 634 395 2.
666 361 796 406 φῦκος
826 355 986 410 Elmsl.]
1018 356 1176 406 φυκίοις
1209 358 1256 396 A.
1294 353 1410 407 φυκί’
1443 359 1581 397 Dindf.
1670 353 1788 410 ἠμφι-

240 412 384 462 εσμένα
415 411 576 464 Coraes]
606 409 877 464 ἠμφιεσμένωι
908 415 956 452 Α.
1046 416 1082 452 3.
1108 422 1155 452 ’τε
1184 414 1234 452 Α.
1322 415 1360 452 4.
1391 413 1712 466 πεπρυτευμένου
1741 416 1793 456 A.

241 471 279 508 7:
313 471 351 508 8.
383 464 528 507 τάυτοῦ
558 466 602 507 δὲ
632 467 675 508 ἐν
704 479 835 520 φησας
865 470 914 507 Α.
1019 472 1084 512 10.
1115 468 1180 509 δεῖ
1203 469 1252 522 C]
1285 469 1336 520 δὴ
1369 471 1419 510 A.
1528 474 1594 510 11.
1623 468 1793 525 τούτων]

240 524 403 572 τούτους
441 526 489 566 fr.
522 527 589 565 48.
638 526 808 566 fortasse
838 524 1005 574 λυπρὸν.
1125 529 1191 566 12.
1223 525 1283 579 τὸ]
1314 526 1358 566 τό
1388 541 1427 566 τε
1458 527 1503 567 O.
1618 526 1792 580 ψήττας]

239 581 378 632 τήττας
410 582 457 621 C.
536 580 871 634 τινάς]·κτε’νας
902 584 1026 622 Mein.
1111 585 1175 622 13.
1206 583 1357 635 κωβίον
1386 585 1436 622 Α.
1518 585 1583 623 14.
1615 579 1712 623 αὐτὸ
1742 582 1793 639 C]

239 634 362 677 αὐτὸν
392 639 440 677 A.
533 640 596 680 15.
626 635 778 690 κρεάδι’
802 636 900 677 ἅττα
930 640 1051 678 Dobr.
1077 640 1198 680 Arist.
1220 640 1326 679 Plut.
1353 641 1432 679 228
1463 654 1502 690 p.
1525 640 1599 692 27]
1633 639 1796 694 κρεάὸια

239 696 287 732 A.
380 697 444 734 16.
485 691 621 746 ὠτάρι’
645 691 741 744 ὕει’,
779 690 950 745 ἡπάτιον
979 694 1137 748 Dindf.]
1169 692 1315 746 ὠτάρια
1346 693 1562 747 ὖϊηπάτιον
1589 699 1639 737 A.
1730 699 1795 736 17.

239 749 425 820 πελιτνὸν,
452 750 583 820 Pois]
621 749 808 790 πελιδνὸν
836 752 887 790 A.
977 749 1024 790 ὂν
1052 753 1144 791 add.
1177 752 1221 792 C.
1313 754 1376 792 18.
1410 751 1561 792 ὅττεται
1592 753 1634 793 O.
1729 755 1793 793 19.

241 809 293 845 Δι
339 810 409 846 αλλ
458 821 532 859 εγω
563 809 596 847 L
628 812 667 847 et
695 810 789 859 epit.
821 807 1007 861 Hoesch.]
1047 808 1114 847 δία
1143 807 1240 860 λέγω
1269 810 1316 848 A.
1407 815 1542 860 σοφῶς
1573 808 1624 862 C]
1655 809 1795 860 σαφῶς

240 865 287 902 A.
386 866 437 903 21
470 867 511 903 et
542 867 608 903 22.
639 865 723 903 ποῶ
753 867 801 904 Α.
900 866 964 904 22.
999 861 1158 904 λοπάδι’
1192 867 1240 905 fr.
1263 866 1335 917 24]
1370 864 1486 905 λοιπὰ
1517 865 1555 905 δι
1586 867 1634 908 Α,
1725 868 1794 907 26.

237 918 293 959 ὃν
322 922 432 960 Pors.
463 921 567 961 Adv.
602 923 697 961 232.

355 979 535 1028 loquitur
563 991 724 1028 coquuS.
815 981 851 1016 1.
882 978 1033 1018 Nereus
1061 991 1177 1018 semea:
1205 980 1362 1027 dicitur,
1396 980 1488 1030 quia
1517 992 1661 1019 nomen
1691 992 1793 1018 com-

239 1048 357 1073 mune
388 1035 508 1073 habet
537 1047 625 1073 cum
656 1035 784 1074 Nereo
816 1036 981 1084 marino,
1013 1037 1059 1073 ut
1081 1037 1186 1085 apud
1206 1036 1424 1075 Homerum
1446 1037 1615 1075 Proteus
1636 1049 1793 1086 semper

238 1088 348 1137 ἅλιος
386 1088 515 1142 γέρων
554 1094 624 1131 est.
675 1092 725 1130 cf.
758 1104 856 1141 quae
894 1093 944 1130 ad
985 1093 1259 1142 cognominem
1290 1092 1583 1132 Anaxandridis
1622 1092 1796 1131 fabulam

239 1149 533 1187 adnotavimus.
609 1149 647 1187 3.
681 1145 837 1198 ἔλαβον,
869 1150 954 1187 cmi.
1031 1150 1068 1188 7.
1100 1149 1308 1198 pisciculos
1339 1150 1514 1188 minutos
1545 1162 1586 1188 se
1617 1150 1673 1188 ait
1701 1161 1793 1188 con-

239 1205 457 1255 tempsisse.
564 1206 629 1243 12.
660 1201 722 1241 ἐπὶ
756 1200 796 1242 τὸ
827 1200 1011 1256 τάγηνον,
1041 1205 1066 1244 i.
1088 1218 1122 1243 e.
1153 1206 1203 1244 ad
1234 1206 1366 1244 cibum
1396 1207 1438 1245 in
1468 1203 1624 1258 ταγήνῳ
1654 1218 1794 1255 parau-

240 1261 346 1300 dum.
480 1263 544 1302 17.
576 1262 753 1300 imitatus
783 1264 844 1300 est
874 1261 1071 1311 Grobylus
1103 1263 1142 1309 6,
1165 1263 1202 1303 2.
1261 1263 1407 1301 Moeris
1439 1263 1532 1309 208,
1556 1264 1581 1301 8
1608 1255 1794 1300 ,πελιτνόν

240 1314 283 1356 ἐν
322 1321 374 1371 τῷ
413 1331 433 1355 τ
471 1312 651 1364 άττικῶς.
702 1315 836 1356 πέλιον
873 1314 901 1368 ἢ
935 1315 1122 1356 πελιδνὸν
1151 1316 1378 1368 ἑλληνικῶς,
1488 1320 1551 1360 18.
1581 1319 1792 1358 manifesto

242 1377 440 1424 corrupta.
490 1375 584 1424 quid
615 1374 750 1413 enim?
801 1386 944 1423 coquus
974 1375 1030 1414 eis
1061 1387 1140 1413 non
1170 1375 1329 1413 accedet
1358 1388 1484 1425 neque
1514 1376 1654 1415 videbit
1683 1376 1791 1426 talia,

246 1443 345 1480 quae
362 1432 486 1470 cuivis
505 1433 682 1480 spectare
697 1430 844 1469 liceat?
867 1431 955 1481 quis
971 1431 1096 1481 igitur
1110 1431 1210 1470 alius
1225 1432 1353 1482 magis
1375 1445 1491 1481 quam
1514 1432 1581 1482 qui
1602 1432 1794 1481 adparare

242 1487 368 1526 sciat?
399 1487 651 1526 scribendum
681 1490 741 1526 est
770 1488 906 1537 utique
936 1485 1088 1533 τούτοις
1120 1484 1156 1523 δ’
1181 1486 1387 1539 ἄπειρος
1417 1484 1464 1526 οὐ
1484 1484 1663 1539 πρόσεισ’
1687 1483 1791 1526 οὐδ’

239 1541 441 1593 ἅψεται.
492 1540 632 1597 (atque
671 1541 819 1592 ἅψεται
855 1545 934 1582 iam
970 1544 1115 1582 Naber.
1150 1545 1295 1583 Mnem.
1325 1557 1415 1584 nov.
1438 1545 1537 1583 VIII
1568 1542 1683 1598 258.)
1732 1546 1794 1583 in-

242 1601 372 1650 perito
405 1601 556 1640 scilicet
585 1614 669 1639 sese
700 1601 867 1650 opponit
896 1603 942 1639 ut
971 1602 1163 1650 peritum:
1196 1595 1280 1639 ἀλλ’
1305 1599 1382 1651 ἐγὼ
1411 1603 1494 1640 κτλ.
1583 1602 1649 1639 24.
1679 1611 1792 1640 σκευ-

242 1656 335 1695 ασία
367 1670 457 1695 vera
487 1658 659 1696 nominis
689 1657 816 1695 forma
845 1659 917 1706 est,
949 1670 1029 1696 non
1060 1655 1260 1704 σκεύασις,
1310 1658 1427 1697 scrib.
1458 1655 1524 1695 καὶ
1555 1654 1624 1704 τὰς
1656 1654 1792 1710 εὑρέ-

242 1723 356 1759 σεις.
406 1714 474 1752 ubi
514 1714 686 1764 quidque
723 1716 764 1752 et
801 1714 956 1763 quando
995 1715 1223 1753 inveniatur
1258 1727 1395 1753 eorum
1434 1727 1533 1764 quae
1571 1715 1622 1753 ad
1652 1727 1788 1753 cenam

240 1783 338 1820 opus
368 1771 450 1809 sint
479 1783 520 1810 se
550 1773 862 1810 monstraturum
893 1782 977 1810 esse
1008 1771 1219 1820 promittit.

983 1881 1060 1922 111

782 1955 883 2002 παῖ,
914 1945 997 2003 τὴν
1025 1947 1226 2004 μεγάλην
1255 1947 1352 2002 δός,
1384 1945 1575 2003 ὑποχέας

444 2019 596 2071 φιλίας
625 2015 827 2066 κυάθους
856 2015 940 2071 μὲν
968 2017 1061 2058 τῶν
1089 2015 1329 2070 παρόντων
1358 2017 1589 2071 τέτταρας,

443 2085 546 2134 τοὺς
573 2091 691 2138 τρεῖς
721 2082 764 2125 δ’
786 2084 950 2138 ἔρωτος
978 2083 1346 2138 προσαποδοόσεις
1374 2082 1588 2136 ὕστερον·

443 2151 509 2195 ἕν’
539 2150 798 2206 Ἀντιγόνου
828 2153 909 2192 τοῦ
939 2149 1158 2205 βασιλέως
1189 2154 1313 2206 νίκης
1342 2153 1509 2205 καλῶς,

394 2229 414 2260 5
446 2221 520 2262 καὶ
549 2222 631 2262 τοῦ
660 2221 904 2262 νεανίσκου
933 2217 1112 2261 κύαθον
1142 2220 1417 2274 Δημητρίου.

443 2287 554 2343 φέρε
585 2286 665 2330 τὸν
694 2289 847 2342 τρίτον
913 2319 1515 2330 ........

443 2357 583 2406 Φίλας
607 2353 891 2411 Ἀφροδίτης·
922 2353 1090 2409 χαίρετ’
1112 2354 1276 2410 ἄνδρες
1305 2351 1552 2409 συμπόται,

444 2422 564 2466 ὅσων
593 2422 782 2478 άγαθών
811 2425 894 2478 τὴν
925 2421 1088 2464 κύλικα
1116 2421 1284 2478 μεστὴν
1315 2424 1483 2478 πίομαι.
1541 2458 1548 2465 .

353 2506 580 2546 Athenaeus
612 2508 654 2555 6,
677 2506 792 2544 254a
822 2503 972 2551 ’Ἀλεξις
1008 2509 1108 2556 γοῦν
1146 2501 1189 2546 ἐν
1217 2503 1521 2558 Φαρμακοπώλῃ
1551 2501 1578 2555 ἢ
1607 2502 1792 2558 Κρατεύα

241 2560 419 2617 (κρατείᾳ
449 2559 505 2616 A)
542 2560 786 2613 προπίνοντά
825 2574 912 2600 τινα
942 2559 1164 2614 εἰσαγαγών
1193 2559 1253 2599 ἑνὶ
1284 2566 1364 2600 τῶν
1393 2564 1607 2611 συμποτῶν
1634 2559 1702 2600 καὶ
1729 2559 1790 2600 λέ-

239 2633 360 2672 γοντα
390 2622 495 2658 ποιεῖ
522 2618 614 2658 τάδε
643 2621 723 2657 κτλ.
814 2620 848 2656 1.
880 2613 1052 2668 ὑποχέας
1082 2620 1189 2658 recte
1218 2618 1269 2657 A.
1359 2619 1397 2656 2.
1428 2615 1502 2667 μὲν
1532 2618 1623 2656 add.
1655 2618 1790 2668 Mein„

240 2678 382 2715 melius
412 2679 545 2715 tamen
575 2676 618 2714 in
637 2675 781 2714 Athen.
814 2674 989 2714 scribens
1020 2679 1103 2714 τῶν
1131 2672 1429 2726 συμπαρόντων.
1499 2675 1538 2713 3.
1571 2671 1710 2725 ἔρωτος
1740 2674 1790 2713 A.

240 2745 398 2772 versum
429 2735 663 2783 corruptum
694 2744 778 2771 esse
808 2732 1027 2770 arbitratur
1057 2732 1228 2771 Cobetus
1258 2732 1308 2772 N.
1331 2732 1357 2769 l.
1380 2732 1475 2770 610.
1501 2732 1566 2770 11.
1654 2732 1695 2769 4.
1728 2727 1789 2769 ἕν’
1823 2771 1827 2774 ,

240 2790 331 2828 add.
365 2789 531 2830 casaub.
634 2789 757 2839 καλῆς
793 2789 911 2827 idem.
964 2788 1007 2829 Β.
1048 2789 1192 2834 καλῶς.
1244 2789 1295 2826 Α.
1335 2785 1401 2825 καὶ
1440 2791 1510 2825 τοῦ
1547 2788 1628 2825 κτλ.
1667 2787 1788 2826 Dobr.

243 2847 276 2883 7.
310 2844 428 2895 φίλης
459 2842 671 2897 (suprascr.
703 2841 748 2898 α)
778 2845 827 2884 Α.
917 2844 955 2882 8.
985 2841 1092 2883 ὅσων
1120 2845 1151 2883 Ρ
1182 2847 1222 2883 et
1253 2840 1440 2897 Casaub]
1471 2839 1569 2894 ὅσην
1599 2844 1648 2884 Α.

357 2903 392 2939 1.
427 2901 488 2939 εοἵ
514 2898 681 2952 οἰνοχόοι
711 2898 781 2940 τὸν
811 2895 919 2939 οἶνον
950 2896 1187 2951 ὗποχέαντες
1217 2894 1299 2939 εἶτα
1329 2898 1373 2938 τὸ
1403 2897 1511 2951 ὕδωρ
1542 2896 1788 2949 ἑπιχέουσιν’
