1864 3204
589 204 794 242 mmmm
807 224 851 231 -
874 202 1096 237 namon
1160 213 1162 215 ·
1552 202 1632 245 187

822 342 877 386 66

301 416 359 463 σύ
388 420 474 477 μὲν
503 419 553 463 τὸ
584 421 758 478 Θήβης,
790 419 850 471 ὣς
880 421 1041 475 λέγεις,
1073 420 1214 463 πέδον
1246 420 1412 474 λιπών,

301 486 486 546 ἀνδρῶν
515 487 718 545 α’ρίστων
749 488 925 532 ἐσθίειν
955 487 1017 531 δι’
1038 486 1206 545 ἡμέρας

303 555 411 614 ὅλης
440 556 689 614 τραχήλους
718 555 794 601 καὶ
824 559 1061 614 κοπρῶνος
1090 558 1284 613 πλησίον
1308 583 1360 588 -

181 651 412 692 Athenaeus
447 654 511 701 10,
534 653 652 692 417d
696 649 740 691 ἐν
784 655 866 699 τοῖς
898 653 1062 699 Μυσοῖς
1099 649 1220 702 πρὸς
1265 648 1348 690 τὸν
1388 647 1634 703 Ἡρακλέα

67 711 178 763 ποιεῖ
201 722 289 747 τινα
320 705 416 748 τάδε
445 706 608 761 λέγοντα
638 706 888 764 (Εὔβουλος)
918 711 1000 748 κτλ.
1061 723 1098 749 v.
1132 710 1155 747 2
1187 709 1307 748 etiam
1338 710 1388 748 fr.
1420 710 1487 748 34.
1598 711 1633 748 1.

68 761 212 818 λέγεις]
242 759 354 817 λόγος
385 766 533 806 Naber.
566 767 712 806 Mnem.
742 766 957 813 now-VIII
987 767 1081 805 247.
1125 766 1226 809 talia
1256 767 1388 805 soluta
1417 766 1633 805 sententia-

67 835 156 862 rum
187 823 486 862 continuatione
517 824 726 864 diiudicari
756 836 838 863 non
858 826 1038 874 possunt.
1098 825 1137 862 3.
1160 827 1366 874 κοπρῶνος
1389 822 1630 875 Sehweigh.]

68 884 278 931 κοπρῶνας
310 880 363 919 A.
416 881 667 920 scribendum
688 880 869 923 ,videtur
887 885 971 919 τοῦ
1000 884 1205 931 κοπρῶνας
1235 879 1417 930 πλησίον.
1467 877 1534 918 καὶ
1564 894 1632 918 τα-

68 940 202 983 κοδνας
232 935 403 987 πλησίον
431 942 637 989 κοπρῶνος
668 938 788 977 Mein.
812 938 929 977 Anal.
951 936 1047 976 Ath.
1074 937 1165 976 184.
1210 937 1323 976 deest
1351 938 1516 977 verbum
1547 937 1634 975 fini-

70 995 172 1034 tum.
204 1015 253 1022 —
288 990 496 1045 τράχηλοι,
527 996 766 1034 cochlearum
797 992 986 1041 cervices.
1007 994 1271 1034 libentissime
1302 994 1351 1033 ab
1382 994 1634 1033 Atheniensi·

69 1050 144 1090 bus
174 1050 407 1090 edebantur.
457 1051 665 1091 Arehedie.
689 1053 726 1100 3,
749 1053 788 1090 4.
838 1051 1041 1102 Posidipp.
1068 1052 1132 1101 12,
1152 1052 1176 1090 3
1207 1051 1327 1090 Mein.
1379 1051 1449 1090 sed
1478 1052 1636 1091 Boeotis

70 1107 148 1146 alia
178 1108 264 1147 sine
296 1108 418 1147 dubio
449 1108 679 1158 placebant,
721 1122 848 1159 neque
879 1121 946 1148 eos
977 1121 1049 1158 per
1078 1110 1185 1147 totos
1216 1108 1300 1147 dies
1330 1108 1500 1147 cochleis
1530 1108 1634 1146 dele-

69 1165 198 1203 ctatos
236 1164 359 1204 fuisse
389 1167 700 1205 consentaneum
729 1169 803 1206 est.
864 1165 1117 1205 scribendum
1147 1163 1425 1216 φασήλους,
1468 1161 1539 1215 qui
1577 1167 1637 1204 est

69 1221 309 1260 rusticorum
340 1221 465 1261 cibus.
524 1222 649 1262 Arist.
671 1223 762 1262 Pac.
789 1223 934 1262 1144..
962 1223 1142 1264 Demetr.
1173 1234 1274 1261 eom.
1307 1223 1346 1261 5.
1398 1223 1511 1266 vilem
1533 1223 1635 1271 pha-

67 1278 190 1317 sebum
219 1278 318 1317 dicit
346 1278 467 1330 Verg.
500 1278 648 1330 Georg.
675 1282 711 1332 1,
734 1281 830 1318 227.
881 1280 984 1319 Plin.
1016 1279 1065 1318 N.
1086 1279 1124 1318 h.
1162 1280 1224 1329 18,
1250 1280 1329 1318 118
1362 1276 1492 1331 (faba)
1517 1291 1635 1328 prae-

69 1335 205 1374 valens
226 1336 470 1385 pulmentari
499 1337 581 1376 cibo
611 1340 646 1376 et
673 1338 895 1377 hebetare
923 1349 1098 1377 sensus
1127 1338 1358 1376 existimata.

739 1483 773 1516 N
775 1483 961 1517 ANNION

183 1563 247 1602 Ab
279 1563 367 1603 aliis
396 1564 582 1615 Philippo
613 1565 779 1604 tributa.
830 1565 950 1604 Mein.
983 1565 1002 1603 I
1034 1565 1128 1603 342.
1180 1564 1229 1603 ef.
1262 1578 1362 1614 quae
1393 1563 1636 1603 adnotantur

69 1619 120 1658 ad
148 1620 199 1659 fr.
223 1621 317 1660 105.
824 1675 877 1718 67

344 1751 466 1804 ὅστις
494 1753 597 1809 λέχη
627 1752 714 1809 γὰρ
747 1752 903 1796 σκότια
934 1754 1158 1809 νυμφεύει
1188 1753 1364 1810 λάθρα,

343 1823 438 1872 πῶς
467 1819 567 1877 οὐχὶ
598 1823 782 1864 πάντων
814 1822 939 1865 ἐστὶν
969 1821 1269 1872 ἀθλιώτατοςς

345 1889 448 1941 ἐξὸν
477 1890 764 1946 θεωρήσαντι
794 1889 908 1944 πρὸς
936 1888 1016 1933 τὸν
1045 1889 1179 1945 ἥλιον

343 1956 519 2014 γυμνὰς
550 1959 712 2014 ἐφεξῆς
743 1957 816 2001 ἐπὶ
847 1959 988 2012 κέρως
1017 1960 1308 2014 τεταγμένας,

295 2036 316 2067 5
349 2027 401 2069 ἐν
431 2027 732 2082 λεπτοπήνοις
760 2024 928 2081 ὕφεσιν
959 2023 1177 2082 ἑστώσας,
1210 2027 1307 2078 οἵας

341 2091 578 2149 Ἠριδανὸς
607 2092 761 2150 ἁγνοῖς
789 2092 926 2137 ὕδασι
957 2094 1142 2151 κηπεύει
1173 2095 1331 2151 κόρας,

342 2165 510 2218 μικροῦ
541 2165 761 2219 πρίασθαι
794 2163 1012 2218 κέρματος
1040 2161 1124 2218 τὴν
1152 2161 1342 2219 ἡδονήν,

346 2230 420 2272 καὶ
449 2231 509 2287 μὴ
541 2233 769 2283 λαθραίαν
799 2231 985 2285 κύπριν,
1017 2232 1251 2287 αἰσχίστην
1280 2231 1432 2275 νόσων

346 2301 522 2354 πασῶν,
552 2298 754 2353 διώκειν,
785 2296 949 2353 ὕβρεος
978 2297 1034 2341 οὐ
1065 2300 1218 2342 πόθου
1248 2299 1393 2355 χάριν.

283 2375 325 2406 10
339 2364 552 2417 Ἑλλάδος
581 2368 721 2421 ἔγωγε
751 2369 828 2422 τῆς
856 2366 1146 2422 ταλαιπώρου
1177 2368 1334 2422 στένω,

344 2431 374 2489 ἣ
403 2434 582 2477 Κυδίαν
610 2435 843 2489 ναύαρχον
872 2434 1160 2490 ἐξεπέμψατο.

190 2527 419 2567 Athenaeus
463 2529 534 2579 13,
566 2530 646 2568 568
665 2529 685 2567 f
717 2526 785 2567 καὶ
814 2526 857 2566 ἐν
887 2527 1056 2583 Ναννίῳ
1088 2527 1231 2583 (νανίῳ
1261 2526 1344 2583 Α),
1383 2529 1419 2568 εἰ
1449 2527 1545 2579 (om.
1578 2524 1636 2581 A)

76 2579 293 2636 Εὐβούλου
336 2581 380 2623 τὸ
426 2583 557 2636 δρᾶμα
601 2583 668 2623 καὶ
712 2581 765 2636 μὴ
811 2583 1016 2624 Φιλίππου
1051 2584 1308 2637 (φιλιππίδου
1339 2588 1397 2635 A,
1436 2586 1485 2623 ef.
1516 2585 1635 2623 Mein.

77 2640 283 2680 Menandr.
317 2641 442 2691 praef.
474 2637 558 2694 xi),
605 2640 732 2692 φησίν
765 2643 846 2680 κτλ.
906 2656 943 2682 v.
975 2644 1086 2683 4—7
1131 2644 1251 2682 etiam
1296 2644 1338 2682 in
1381 2642 1637 2692 Pannychide

77 2694 146 2749 (fr.
179 2694 266 2750 84).
327 2710 366 2737 v,
399 2698 452 2736 10
481 2701 543 2736 est
571 2698 774 2748 Euripidis
804 2698 931 2750 Iphig.
962 2699 1056 2738 Aul.
1090 2701 1184 2739 370.
1272 2700 1311 2738 4.
1343 2693 1553 2748 ε’πικαιρως
1583 2697 1635 2736 A.

77 2754 116 2792 5.
148 2750 300 2802 ὕφεσιν
328 2753 494 2793 Person.
527 2754 692 2794 Miscell.
725 2751 827 2809 243]
866 2752 1009 2806 ῧμεσιν
1038 2757 1089 2795 Α.
1207 2757 1247 2794 8.
1280 2754 1411 2794 νόσων
1442 2751 1633 2807 Casaub]

74 2807 182 2848 ὅσων
210 2810 274 2854 A.v
313 2808 432 2848 νόσον
462 2810 582 2852 Mein.
701 2813 739 2850 9.
776 2808 929 2863 ὕβρεως
959 2813 1010 2851 A.
1134 2814 1197 2851 10.
1237 2810 1360 2851 στένω
1389 2812 1555 2851 Person.
1587 2824 1635 2850 ex

78 2862 235 2919 Eurip]
268 2863 484 2919 περιστένω
513 2866 564 2906 A.
606 2867 656 2907 cf.
689 2868 810 2908 Mein.
840 2869 859 2908 I
890 2870 986 2909 356.
1079 2871 1143 2908 11.
1175 2882 1200 2918 η
1229 2868 1351 2908 κυδια
1380 2870 1431 2908 A.
