1890 3190
558 205 762 241 ΝΗΡΕΤΣ
786 224 829 231 -
855 206 1127 241 οΔΊ-ΣΣΕΤΣ
1546 204 1624 246 147

261 301 291 364 ἦ
320 307 531 363 πνιγμός,
561 304 621 350 αν
648 305 708 363 μὴ
738 305 851 363 ταχὺ
881 306 1072 363 δύνηται
1102 313 1361 356 καταπιεῖν,

260 372 364 418 ἀλλ’
395 372 451 418 οὐ
469 375 595 457 μόνη
625 373 713 430 γάρ
744 371 822 425 τὰς
852 377 1102 425 συνουσίας
1131 381 1255 418 ποιεῖ

188 451 231 485 10
261 440 426 495 εὔοψος
454 441 617 498 άγορά;
649 445 716 493 τίς
745 443 795 485 δὲ
827 443 1097 486 συνδειπνεῖ
1122 445 1302 499 βροτῶν

262 509 497 567 φρυκτοὺς
527 506 796 566 καταλαβων
824 509 854 567 ἢ
885 514 1159 564 κορακίνους
1189 508 1356 561 ὠνίους

259 575 290 635 ἢ
319 577 517 636 μαινίδ’;
550 576 722 634 ὡραῖον
754 578 804 621 δὲ
834 577 1162 635 μειρακύλλιον

261 649 410 698 ποίαις
440 647 635 704 ἐπῳδαῖς
663 642 693 702 ἦ
723 646 874 701 λόγοις
902 645 1134 690 ἁλίσκεται
1160 699 1165 703 l

260 717 401 771 τίσιν,
433 714 612 771 φράσον
641 714 755 770 γάρ,
787 713 847 757 ἄν
875 730 942 766 τις
971 712 1118 772 ἀφέλῃ
1148 713 1231 771 τὴν
1261 715 1446 771 τέχνην.

181 793 224 826 15
253 782 336 841 τὴν
365 786 460 827 τῶν
490 781 676 834 ἆλιέων;
707 781 790 839 ἥδε
821 780 905 838 γὰρ
933 781 1193 839 δαμάζεται,

262 851 423 908 ἑφθοῖς
453 851 710 908 προσώποις
740 851 916 907 ἰχθύων
945 851 1236 908 χειρουμένη,

262 918 420 975 ἅγουσ’
452 917 531 963 ὑπ’
563 918 678 963 αὐτοὶ
710 918 880 976 σώματ’
910 918 1100 975 ἀρίστου
1130 921 1279 971 πύλας

261 986 525 1044 ἀσύμβολον
556 990 731 1031 κλίνειν
761 986 799 1031 τ’
834 986 1073 1043 ἀναγκάζει
1101 988 1257 1042 φύσιν.

173 1106 400 1147 Athenaeus
432 1107 475 1154 6,
499 1107 579 1146 227
597 1106 623 1146 b
661 1103 728 1144 καὶ
756 1105 797 1144 οἰ
821 1100 944 1152 ἁλιεῖς
976 1103 1041 1145 ἐπὶ
1071 1110 1118 1160 τῇ
1147 1103 1264 1160 τέχνῃ
1293 1104 1391 1159 με’γα
1423 1112 1623 1158 φρονοῦσι

93 1164 208 1202 λλον
244 1159 274 1214 ἢ
311 1162 355 1202 οἱ
386 1157 539 1214 α’ριστοι
575 1168 655 1202 τῶν
690 1168 932 1215 στρατηγῶν.
1006 1162 1175 1215 παράγει
1216 1168 1318 1216 γοῦν
1352 1178 1442 1204 τινα
1472 1163 1626 1204 τούτων

38 1219 364 1272 ,Αναξανδρίδης
404 1218 449 1259 ἐν
473 1216 663 1260 Ὀδυσσεῖ
684 1217 776 1268 περὶ
815 1225 884 1272 τῆς
913 1216 1140 1271 ἁλιευτικῆς
1171 1218 1310 1287 τέχνης
1341 1220 1434 1260 τάδε
1458 1219 1625 1291 λέγοντα

57 1278 139 1318 κτλ.
242 1278 280 1318 2.
310 1275 472 1325 πίναξιν
502 1278 552 1319 A.
653 1279 692 1317 3.
722 1273 826 1328 αύτη
858 1275 1102 1330 Schweigh.]
1131 1272 1247 1348 αὐτὴ
1264 1279 1314 1317 Α.
1376 1275 1412 1316 δ’
1446 1273 1626 1330 άσέμνως

37 1333 238 1375 Bothius.
346 1335 385 1376 4.
417 1331 592 1403 ταγήνου
622 1348 670 1373 ου
699 1335 742 1374 in
770 1347 846 1376 ras.
877 1331 950 1373 m.¹
982 1336 1032 1374 A.
1142 1335 1181 1373 5.
1212 1326 1286 1374 ωδ’
1321 1336 1411 1374 add.
1442 1337 1624 1377 Erfurdt.

33 1390 154 1432 obs.
186 1392 283 1432 431.
342 1386 434 1441 δῆτ’
468 1392 616 1443 Belgk.
716 1394 753 1431 6.
786 1388 1001 1430 κατακάετ’
1032 1388 1061 1442 ἢ
1089 1391 1213 1433 Dobr.
1245 1393 1368 1432 Arist.
1400 1393 1509 1433 Plut.
1542 1396 1623 1434 361

35 1461 98 1505 .P·
129 1446 204 1502 44]
234 1447 474 1488 κατακάεται
505 1450 555 1490 A.
673 1450 712 1488 7.
750 1445 932 1500 ωθισμός
963 1446 1012 1501 C]
1053 1443 1229 1499 ἠθισμός
1259 1450 1308 1488 Α.
1397 1448 1624 1504 δακτύλων]

37 1504 370 1576 γαστρίδωνῖ)
427 1506 476 1545 cf.
509 1519 610 1557 quae
648 1506 698 1544 ad
736 1506 859 1546 Arist.
898 1505 998 1544 Ran.
1032 1506 1116 1546 200
1145 1507 1434 1547 adnotavimus
1495 1521 1626 1547 τοιου-

48 1559 141 1606 τοσὶ
160 1560 307 1616 Dobr.]
337 1561 528 1602 τοιούτων
547 1563 596 1602 Α.
685 1563 723 1601 8.
756 1554 808 1601 άν
838 1560 994 1616 Dindf]
1026 1555 1095 1600 ἐαν
1115 1563 1166 1603 Α.
1255 1566 1293 1603 9.
1323 1558 1411 1602 αλλ’
1444 1560 1491 1602 οὐ
1522 1561 1625 1616 μόνη

57 1632 148 1660 cum
171 1619 362 1671 interrog.
383 1624 474 1671 post
502 1612 626 1671 άγορά
647 1617 834 1673 Casaub]
865 1613 985 1658 ἄλλου
1014 1632 1164 1670 μονονη
1185 1621 1234 1661 A.
1294 1616 1382 1658 ἀλλ’
1417 1615 1492 1660 οὖν
1521 1621 1626 1673 μόνη

54 1672 561 1729 Dindf.11.‹p925nt'm’›
583 1675 749 1716 casaub.
740 1672 922 1745 (potius
941 1671 1028 1728 μὴ).
1068 1676 1318 1728 κωρακίνους
1339 1678 1389 1716 A.
1452 1680 1516 1718 12.
1537 1693 1626 1730 μαι-

37 1779 39 1781 .
58 1728 140 1773 vtd’
160 1731 350 1786 Casaub]
373 1732 501 1784 μηδὲν
522 1734 568 1772 A.
634 1734 699 1771 14.
721 1730 776 1772 ὀῖν
797 1734 931 1774 Dindf
935 1730 993 1785 ]'
975 1731 1045 1772 εάν
1066 1735 1115 1775 Α.
1180 1735 1245 1773 15.
1267 1732 1341 1784 τὴν
1359 1735 1448 1774 add.
1471 1736 1626 1776 Iacobs.

42 1783 993 1858 ᾱᾶῑι.Αι1ι.135.17.αγουσ’]οι”γουσ
1025 1791 1204 1833 Erfurdt.
1236 1790 1330 1831 obs.
1364 1792 1460 1834 456.
1520 1794 1626 1832 idem

59 1841 160 1896 3131&
191 1861 253 1886 τα.
318 1842 498 1900 ἀρίστου]
530 1843 715 1899 Εὐρύτου
743 1847 895 1887 Iacobs.
933 1844 1101 1899 (α’γουσί
1128 1843 1163 1886 τ’
1194 1841 1248 1887 αὗ
1286 1847 1332 1887 τὰ
1370 1844 1522 1900 σώματ’
1560 1845 1625 1888 ἐπ’

57 1898 157 1956 Εὐρ.
188 1901 253 1956 π.)
285 1906 327 1943 et
355 1904 441 1944 Erf.
488 1905 615 1943 multo
646 1903 822 1943 deterius
853 1904 1058 1944 Herwerd.
1092 1904 1187 1945 Obs.
1219 1906 1310 1945 crit.
1343 1906 1408 1944 55.

49 1976 53 1980 ⁴
173 1962 210 2002 3.
247 1957 290 1999 ἐκ
321 1954 490 2008 λοπάδος
521 1961 570 2000 ad
600 1962 720 2012 elixa,
757 1955 838 1999 άπὸ
875 1965 946 1999 τοῦ
983 1958 1161 2013 ταγήνου
1200 1962 1250 2001 ad
1285 1962 1396 2010 frixa
1424 1963 1626 2013 pertinere

39 2019 195 2059 monet
224 2017 538 2069 Schweighaeus.
627 2018 664 2057 5.
696 1992 779 2057 zion
798 2021 906 2058 recte
935 2031 977 2058 se
997 2018 1118 2058 habet
1138 2013 1354 2058 κατακάειν
1374 2034 1422 2058 τα
1453 2016 1625 2072 στόματα

48 2067 128 2116 ent
153 2088 203 2115 τι.
263 2074 339 2114 dici
369 2077 527 2126 poterat
557 2070 784 2114 ἔκκάονται
814 2074 861 2114 αἱ
886 2074 1048 2127 καρδίαι
1081 2072 1148 2114 ἕπί
1173 2091 1229 2116 tc:
1272 2077 1339 2115 sed
1377 2077 1473 2127 quid
1509 2091 1620 2129 repo-

37 2131 236 2188 pendum
266 2131 320 2171 sit
348 2132 498 2173 nescio.
598 2134 663 2171 11.
694 2132 876 2198 *II-esych.
908 2131 1124 2184 φρυκτά·
1161 2125 1262 2184 ξηρα
1291 2129 1510 2184 ἰχθύδια
1539 2147 1622 2173 ευ-

41 2189 183 2240 τελῆ.
259 2191 379 2239 atque
416 2190 536 2228 etiam
576 2189 749 2228 coracini
786 2189 970 2229 vilissimi
1011 2190 1274 2230 habebantur.
1341 2191 1525 2231 Pherecr.
1558 2193 1625 2231 56.

40 2242 248 2296 Amphi&
280 2247 346 2285 22.
400 2245 552 2296 Diphil.
585 2247 652 2284 71.
703 2246 871 2295 Antiph.
903 2247 976 2295 68,
1004 2248 1067 2286 15.
1113 2259 1194 2286 non
1224 2248 1297 2286 hoc
1327 2247 1425 2286 dicit
1453 2249 1628 2298 piscator

59 2302 258 2343 neminem
287 2314 374 2341 cum
407 2303 534 2342 altero
564 2315 703 2342 cenare
733 2303 857 2350 velle,
897 2304 975 2343 nisi
1014 2304 1142 2354 pisces
1172 2304 1295 2343 frixos
1323 2308 1394 2343 aut
1424 2306 1627 2345 coracinos

43 2359 233 2413 'reperiat
265 2354 496 2412 (casaubq)
537 2359 600 2399 vel
640 2359 673 2398 si
711 2373 762 2399 ne
791 2359 914 2398 frixos
951 2360 1112 2410 quidem
1149 2362 1400 2400 coracinosve
1430 2363 1623 2412 reperiat:

36 2415 100 2472 ei
129 2416 234 2455 enim
263 2415 314 2454 ab
344 2416 572 2455 hominibus
607 2416 907 2456 delicatioribus
939 2417 1102 2456 omnino
1139 2418 1517 2457 contemnebantur.
1557 2421 1625 2458 sed

43 2466 261 2516 fneminem
314 2473 421 2522 apud
467 2486 557 2512 eum
605 2486 743 2512 cenare
789 2473 912 2521 velle,
968 2474 1037 2523 qui
1082 2487 1155 2524 pro
1200 2475 1508 2525 pretiosioribus
1557 2477 1625 2526 qui

42 2523 148 2580 stum
178 2529 450 2580 diligebantur
486 2529 663 2580 piscibus
693 2530 793 2568 nihil
822 2530 900 2568 nisi
936 2530 1155 2570 vilissimos
1193 2531 1316 2571 frixos
1355 2534 1396 2570 et
1425 2533 1626 2572 coracinos

10 2633 13 2639 ἢ
48 2587 185 2627 emat.
223 2586 357 2636 itaque
394 2598 482 2625 cum
513 2587 558 2625 in
586 2586 672 2633 foro
701 2598 823 2626 emere
852 2587 956 2637 apud
987 2586 1157 2627 Graecos
1188 2588 1244 2628 sit
1271 2585 1513 2639 λαμβάνειν,
1545 2602 1627 2628 non

11 2641 13 2643 ’
96 2639 381 2706 ταλαμβάνειν
411 2641 479 2694 (cf.
510 2655 612 2693 quae
641 2642 920 2683 adnotavimus
948 2643 999 2683 ad
1019 2643 1233 2695 Phrynich.
1255 2642 1342 2698 51),
1374 2645 1627 2685 scribendum

55 2700 127 2748 [nst
161 2691 365 2751 φρυκτοὺς
403 2698 619 2750 λαβόντι
655 2697 738 2738 καὶ
772 2698 1013 2749 κορακίνους
1050 2702 1153 2739 κτλα
1201 2714 1294 2740 nam
1333 2714 1379 2739 ex
1414 2699 1486 2739 καί
1519 2703 1627 2752 quod

54 2754 212 2795 »blitus
251 2758 338 2795 erat
372 2755 559 2794 librarius
567 2757 866 2818 suprascripto
903 2759 1037 2797 ortum
1075 2760 1136 2797 cst
1173 2771 1292 2808 κατα,
1339 2760 1386 2796 ut
1421 2753 1450 2808 ἢ
1487 2761 1626 2798 natum

52 2815 58 2831 ²
74 2813 126 2854 :tt
145 2824 193 2852 ex
213 2826 264 2851 τ.ι
356 2813 422 2853 16.
442 2805 680 2863 προσώποις,
701 2815 748 2852 ut
767 2814 833 2864 30,
857 2815 896 2853 2.
937 2814 1084 2853 Athen.
1109 2816 1147 2863 7,
1170 2815 1287 2853 2950.
1308 2813 1461 2865 (attulit
1483 2812 1626 2870 Mein.)

51 2891 62 2907 f
98 2864 132 2906 2
167 2882 243 2921 γαρ
281 2862 350 2907 τὸν
388 2867 518 2920 Θησέα
562 2867 751 2921 γεγονότα
788 2868 913 2909 καλὸν
950 2867 1221 2922 ὑπολαμβάνω
1258 2875 1328 2908 τοῦ
1373 2869 1628 2923 Τληπολέμου

1290 2936 1355 2972 10·
