1864 3204
207 202 292 244 224
814 200 1164 235 NIKOZTPA'POT

957 300 1008 342 16

519 382 593 422 καὶ
623 378 842 435 δυσχερὴς
872 379 1067 433 λάγυνος
1097 372 1228 429 οὗτος
1258 380 1451 433 πλησίον

523 446 664 499 ὄξους.

325 533 551 570 Athenaeus
584 533 655 579 11,
676 531 789 568 4990
825 525 1039 581 ἀρσενικῶς
1075 526 1120 567 δὲ
1154 527 1289 578 εἴρηκε
1327 525 1394 566 τὸν
1432 523 1604 579 λάγυνον
1633 524 1759 567 Νικό-

212 600 394 640 στρατος.
413 619 422 627 .
442 584 503 627 ,ἐν
534 592 582 640 τῇ
612 583 906 639 ἐπιγραφομένῃ
937 584 1064 638 Κλίνῃ
1093 587 1174 624 κτλ.

863 708 1111 741 ΜΑΓΕΙΡΟΣ

959 786 1010 827 17

485 863 532 916 ὃς
561 867 731 921 μέλανα
761 871 908 907 ποιεῖν
938 864 1082 918 ζωμὸν
1113 861 1197 905 οὐκ
1226 859 1458 918 ἠπίστατο,

483 938 620 988 θρῖον
651 934 698 975 δὲ
730 931 805 974 καὶ
834 932 1095 974 κάνδαυλον
1124 926 1152 986 ἦ
1181 929 1355 973 τούτων
1383 947 1425 972 τι
1456 934 1548 972 τῶν

485 1002 548 1051 εἰς
577 1001 777 1056 ματτύην
807 998 1047 1053 οὐδέτερον
1079 995 1169 1041 εἶδε
1199 997 1392 1041 πώποτε.

326 1096 557 1135 Athenaeus
583 1096 646 1144 12,
656 1095 771 1133 517a
790 1091 1028 1144 μνημονεύει
1049 1092 1118 1131 τοῦ
1139 1088 1414 1131 κανδαύλου..
1434 1090 1520 1131 ,καὶ
1541 1090 1764 1142 Νικόστρα-

214 1167 278 1200 τος
310 1150 353 1190 ἐν
384 1151 577 1204 Μαγείρῳ
608 1147 651 1197 ὃς
673 1173 726 1179 —
747 1149 987 1189 κάνδαυλον.
1037 1152 1079 1188 et
1112 1150 1174 1199 14,
1194 1149 1308 1188 6640
1340 1147 1659 1199 Νικόστρατος..
1678 1146 1766 1188 ,καὶ

215 1209 258 1248 ἐν
279 1207 474 1261 Μαγείρῳ
504 1210 624 1258 θρῖον
655 1209 734 1249 κτλ,
774 1208 816 1245 in
846 1220 968 1245 unum
997 1206 1264 1274 fragmentum
1293 1205 1497 1244 coniunxit
1527 1206 1647 1244 Mein.
1727 1207 1764 1243 2.

216 1269 337 1317 θριον
366 1268 407 1304 et
437 1261 639 1302 κάνδυλον
669 1266 703 1302 A
726 1264 821 1302 664.
909 1265 948 1302 3.
977 1258 1066 1300 οὐδ’
1090 1259 1220 1312 ε’τερον
1249 1262 1368 1300 Mein.
1401 1264 1584 1300 neutrum
1612 1275 1765 1301 verum.

213 1337 307 1362 nam
337 1323 429 1371 post
459 1321 697 1360 sententiam
726 1321 954 1370 negativam
984 1315 1056 1357 οὐκ
1080 1313 1283 1369 ἠπίστατο,
1313 1318 1435 1357 verba
1463 1320 1584 1368 θρῖον
1613 1315 1656 1356 δὲ
1686 1315 1767 1357 καὶ

214 1375 439 1417 κάνδαυλον
468 1373 496 1426 ἢ
525 1375 675 1415 τούτων
705 1390 740 1414 τι
768 1376 906 1415 inferri
936 1389 1017 1414 non
1044 1377 1230 1425 poterant
1258 1375 1336 1413 nisi
1363 1375 1514 1413 adiecta
1533 1375 1768 1425 gradatione

214 1437 311 1475 item
331 1435 531 1484 negativa.
565 1434 813 1472 scribendum
845 1435 905 1471 est
934 1424 1021 1469 οὐδ’
1047 1432 1188 1481 ἴκταρ
1219 1425 1308 1470 εἶδε.
1339 1431 1388 1470 ef.
1411 1431 1554 1470 Aesch.
1576 1431 1654 1481 Ag.
1674 1432 1767 1469 117.

215 1494 383 1531 Eumen.
408 1491 488 1529 988
521 1492 562 1528 et
590 1490 799 1540 proverbia
830 1484 922 1526 οὐδ’
947 1487 1061 1538 ἴκταρ
1080 1486 1226 1539 -βάλλει
1258 1487 1357 1525 Plat.
1389 1487 1500 1537 Reip.
1525 1489 1562 1537 9,
1585 1489 1700 1526 5750
1729 1489 1769 1526 et

216 1545 303 1587 οὐδ’
328 1546 441 1598 ἴκταρ
469 1544 570 1597 ἥκει.
611 1547 742 1585 Sohol.
770 1546 873 1584 Plat.
912 1545 1009 1584 ibid.
1033 1545 1082 1583 of.
1104 1544 1262 1583 Ruhnk.
1286 1543 1387 1582 Tim.
1412 1544 1505 1582 149.
1544 1543 1768 1582 Blomfield.

216 1605 346 1644 Gloss.
369 1605 446 1654 Ag.
474 1604 553 1641 114
574 1616 665 1642 suae
687 1603 749 1640 ed.
776 1623 829 1629 ——-
860 1602 906 1640 de
937 1602 1128 1641 candaulo
1157 1601 1284 1651 Lydio
1315 1600 1510 1650 copiosius
1540 1601 1768 1639 Athenaeus

214 1662 347 1711 paullo
377 1662 468 1699 ante
497 1663 633 1710 egerat
664 1659 744 1698 516
761 1658 827 1698 cd.

872 1735 1119 1769 ΟΙΝΟΠΙΩΝ

330 1804 474 1846 Bacchi
503 1820 550 1845 ex
578 1806 753 1845 Ariadne
785 1805 902 1855 filius,
934 1818 1000 1843 rex
1033 1804 1119 1843 Chii
1149 1804 1312 1842 insulae.
1345 1804 1394 1842 cf.
1418 1803 1650 1852 Apollodor.
1675 1804 1711 1852 1,
1727 1803 1766 1852 4,

219 1866 255 1913 3,
277 1866 303 1903 4
335 1878 423 1903 eum
454 1864 545 1902 adn.
577 1863 707 1913 Heyn.
738 1863 903 1900 Preller.
936 1862 1063 1912 Myth.
1085 1858 1166 1911 gr.2
1194 1861 1216 1899 I
1245 1861 1340 1899 352.
1364 1861 1404 1898 3.
1444 1860 1492 1898 ab
1523 1860 1610 1898 aliis
1639 1859 1768 1897 Phile-

219 1925 330 1960 taero
361 1921 610 1960 tribuebatur
640 1919 787 1958 fabula.
818 1919 939 1957 Mein.
972 1918 991 1956 I
1023 1918 1117 1956 348.

969 2027 1018 2069 18

489 2083 655 2140 ἀμφίας

331 2166 482 2219 μέτριος
521 2162 641 2213 οἶνος.
691 2164 961 2218 Νικόστρατος
1001 2163 1229 2203 Οἰνοπίωνι.
1281 2163 1434 2202 Suidas.
1553 2161 1772 2201 Οἰνοπίωνι

219 2225 387 2275 Meurs.]
422 2224 625 2263 οἰνοποιῶ.

333 2281 392 2320 Of.
423 2278 638 2320 Philetaeri
670 2279 878 2329 Oenopion.

836 2389 1156 2423 ΟΡΝΙΘΕΤΤΗΣ

333 2462 566 2524 Harpocrat.
596 2455 880 2511 ὀρνιθευτής..
900 2456 998 2498 ,ἔστι
1027 2455 1071 2496 δὲ
1100 2455 1166 2496 καὶ
1196 2453 1238 2495 ἕν
1267 2461 1315 2509 τῇ
1345 2452 1415 2508 νέᾳ
1436 2453 1620 2508 κωμῳδίᾳ
1642 2452 1770 2504 δρᾶμα

213 2509 539 2570 Ὀρνιθευτὴς
571 2514 858 2567 Νικοστράτου.
910 2516 1136 2566 fragmenta
1164 2526 1244 2552 non
1274 2514 1443 2552 exstant.

847 2636 1147 2672 ΠΑΝΔΡοΣοΣ
1213 2617 1217 2621 ’

971 2715 1024 2757 19
1089 2767 1237 2823 κάγώ,
1269 2767 1482 2822 φιλτάτη,

393 2838 701 2894 μετανιπτρίδ’
724 2837 844 2894 αὐτῷ
873 2839 949 2891 τῆς
980 2831 1149 2891 ὑγιείας
1178 2838 1346 2890 ἔγχεον.
