1864 3204
285 213 363 255 152

866 217 1248 256 ΑΝΑΞΑΝΔΡΙΔΟΤ

607 316 751 370 ζωμόν
780 332 828 359 τε
858 317 1013 372 φέρειν
1045 321 1097 362 ἐν
1126 322 1199 375 χοῒ
1223 323 1391 377 χρυσῇ,

608 385 683 426 καὶ
713 384 962 439 γευόμενον
991 390 1082 429 τῶν
1113 387 1350 443 κρατήρων

544 461 584 493 15
615 452 837 507 πρότερον
866 453 1056 507 μεθύειν
1085 458 1177 498 τῶν
1208 456 1448 502 πινόντων.

538 800 581 832 20

538 1139 581 1170 25

536 1479 580 1509 30

538 1817 581 1848 35

537 2155 581 2186 40

533 2494 576 2525 45

535 2835 579 2866 50

607 519 762 562 αὐλεῖν
793 519 833 562 δ’
868 519 1021 572 αὐτοῖς
1045 522 1395 578 Ἀντιγενείδαν,

601 586 764 643 Ἀργᾶν
795 586 838 630 δ’
869 586 998 645 ᾄδειν
1028 591 1102 632 καὶ
1133 595 1380 647 κιθαρίζειν

607 656 926 711 Κηφισόδοτον
956 655 1035 700 τὸν
1061 657 1359 715 Ἀχαρνῆθεν,

605 723 789 778 μέλπειν
820 723 862 766 δ’
894 723 1029 780 ᾠδαῖς
1100 717 1103 720 ’

610 791 708 834 τοτὲ
738 793 822 845 μὲν
853 794 1070 849 Σπάρτην
1099 793 1184 850 τὴν
1215 793 1491 850 εὐρύχορον,

606 859 705 902 τοτὲ
736 854 777 900 δ’
811 852 870 902 αὖ
902 860 1053 916 Θήβας
1082 860 1158 912 τὰς
1188 862 1471 914 ἑπταπύλους

608 924 686 976 τὰς
716 923 933 982 ἁρμονίας
961 929 1274 984 μεταβάλλειν.

607 993 777 1049 φερνάς
807 1010 854 1036 τε
884 998 1041 1050 λαβεῖν
1071 997 1155 1039 δύο
1185 998 1269 1053 μὲν
1299 999 1480 1048 ξανθῶν

606 1062 758 1104 ἳππων
788 1060 970 1117 ἀγέλας,
1003 1065 1147 1118 αἰγῶν
1176 1064 1219 1107 τ’
1250 1064 1436 1122 ἀγέλην,

613 1132 814 1184 χρυσοῦν
844 1146 890 1173 τε
921 1131 1058 1182 σάκος

787 1231 796 1240 .
864 1197 1034 1254 φιάλην
1063 1215 1110 1242 τε
1141 1203 1389 1256 λεπαστήν,

606 1268 721 1308 Χίου
751 1282 798 1308 τε
830 1267 1046 1322 πρόχουν,
1080 1268 1280 1323 κέρχνων
1310 1284 1357 1311 τε
1386 1269 1571 1324 χύτραν,

605 1335 787 1388 βολβῶν
817 1349 865 1375 τε
896 1332 1025 1387 σιρὸν
1055 1336 1380 1392 δωδεκάπηχυν

607 1402 682 1442 καὶ
712 1393 1017 1444 πουλυπόδων
1048 1402 1312 1459 ἑκατόμβην.

610 1471 751 1510 ταῦτα
781 1469 865 1523 μὲν
895 1468 1038 1519 οὕτως
1068 1470 1179 1525 φασὶ
1210 1475 1393 1528 ποιῆσαι

606 1536 758 1578 Κότυν
791 1538 841 1579 ἐν
873 1537 1053 1594 Θράκῃ,
1085 1539 1228 1593 γάμον
1253 1539 1504 1596 Ἰφικράτει.

608 1602 782 1646 τούτων
812 1603 854 1646 δ’
887 1607 1009 1647 ἔσται
1039 1604 1156 1662 πολύ
1187 1607 1461 1664 σεμνότερον

606 1671 680 1714 καὶ
709 1672 1021 1728 λαμπρότερον
1051 1673 1172 1729 παρα
1202 1676 1499 1729 δεσποσύνοις

606 1747 698 1789 τοῖς
725 1737 967 1795 ἡμετέροις.
1027 1743 1075 1783 τί
1099 1741 1183 1797 γάρ
1216 1743 1411 1788 ἐκλείπει

613 1807 748 1862 δόμος
776 1804 986 1862 ἡμέτερος
1015 1812 1160 1852 ποίων
1189 1809 1398 1865 άγαθῶν;

607 1873 662 1917 οὐ
693 1875 893 1931 σμύρνης
923 1876 997 1918 καὶ
1030 1879 1202 1931 Συρίας
1233 1877 1365 1933 ὀδμαὶ

607 1943 798 1997 λιβάνου
827 1959 875 1985 τε
905 1947 1059 1995 πνοαί;
1092 1950 1414 2002 τερενοχρῶτες

606 2013 754 2066 μαζῶν
786 2009 933 2065 ὄψεις,
965 2011 1136 2066 ἄρτων,
1169 2012 1383 2070 ἀμύλων,

608 2079 976 2133 πουλυποδείων,
1007 2082 1221 2134 χολίκων,
1253 2082 1418 2137 δημοῦ,

612 2150 827 2201 φυσκῶν,
859 2149 1030 2200 ζωμοῦ,
1062 2147 1283 2203 τεύτλων,
1316 2153 1488 2206 θρίων,

607 2216 815 2268 λεκίθου,
847 2214 1102 2269 σκορόδων,
1135 2213 1304 2272 άφύης,
1337 2220 1599 2275 σκόμβρων,

608 2282 987 2337 ἐνθρυμματίδων
997 2315 1008 2336 ,
1039 2282 1253 2339 πτισάνης
1263 2317 1274 2338 ,
1307 2284 1481 2342 άθάρης
1491 2319 1502 2341 ,

606 2349 815 2404 κυάμων,
848 2349 1090 2405 λαθύρων,
1124 2350 1303 2408 ὤχρων,
1335 2354 1551 2410 δολίχων,

604 2418 803 2472 μέλιτος,
835 2417 996 2471 τυροῦ,
1028 2420 1215 2472 χορίων,
1248 2422 1427 2476 πυρῶν,

607 2484 809 2541 καρύων,
840 2484 1050 2541 χόνδρου.

608 2552 798 2608 κάραβοι
831 2552 976 2608 ὀπτοί,
1009 2555 1214 2604 τευθίδες
1243 2554 1397 2612 ὀπταί,

606 2620 817 2677 κεστρεὺς
847 2619 1008 2676 ἑφθός,
1041 2623 1195 2676 σηπίαι
1226 2622 1389 2679 ἑφθαί,

604 2689 784 2745 μύραιν’
817 2689 959 2744 ἑφθή,
992 2687 1148 2742 κωβιοὶ
1179 2689 1336 2746 ἑφθοί,

603 2759 819 2807 θυννίδες
849 2756 1001 2810 ὀπταί,
1034 2758 1223 2810 φυκίδες
1253 2758 1416 2814 ἑφθαί,

608 2825 845 2881 βάτραχοι,
877 2825 1059 2881 πέρκαι,
