1890 3190
206 1046 211 1051 ·
278 1031 420 1070 Horat.
453 1031 580 1071 Serm.
615 1034 650 1083 1,
676 1033 718 1076 1,
743 1034 766 1071 7
797 1033 892 1080 quid
920 1033 1050 1071 enim?
1094 1034 1360 1071 concurritwr:
1405 1031 1521 1071 horae
1548 1035 1737 1071 momento
1766 1034 1837 1072 aut

281 202 338 244 60
898 180 1218 240 ΑΝΤῙΦᾸΝΟΤΣ

554 303 661 347 ὅταν
690 303 776 361 γὰρ
807 303 1030 360 ἄπορῆταί
1053 321 1138 360 τις,
1170 301 1227 348 ἄν
1255 306 1339 361 μὲν
1369 304 1504 360 ἀργὸς
1531 299 1584 363 ᾗ,

555 371 706 415 ἐλθών
736 370 1122 415 ἀπεκινδύνευσεν
1151 371 1320 428 ἡμέραν
1348 375 1471 427 μίαν,

499 450 519 480 5
551 438 656 482 ὥστ’
686 436 715 496 ἦ
742 439 976 495 γεγονέναι
1006 439 1207 495 λαμπρὸς
1235 439 1264 496 ἢ
1295 442 1576 496 τεθνηκέναι.

552 506 677 563 ’ἡμεῖς
706 506 749 550 δ’
773 509 947 563 ἔχοντες
978 506 1220 563 ἀρραβῶνα
1250 505 1333 563 τὴν
1362 509 1522 564 τέχνην

552 577 634 618 τοῦ
663 577 758 631 ζῆν,
789 572 858 618 ἀεὶ
887 579 1113 631 πεινῶμεν
1146 576 1218 618 ἐπὶ
1247 582 1343 625 ταῖς
1374 577 1566 630 ἐλπίσιν,

557 641 659 694 ἐξόν
688 659 736 686 τε
766 642 928 699 μικρὸν
958 644 1294 699 διαπορηθῆναι
1325 642 1505 698 χρόνον,

553 709 632 753 τὸν
661 713 765 766 βίον
795 710 970 753 ἅπαντα
1000 714 1134 753 τοῦτο
1166 712 1282 767 δρᾶν
1313 710 1576 767 αἱρούμεθα.

398 805 589 844 Stobaeus
610 806 748 844 Floril.
774 807 838 853 61,
856 807 879 843 2
906 801 1169 862 Ἀντιφάνους
1198 801 1241 843 ἐκ
1266 801 1461 853 Κναφέως
1479 804 1529 844 Α.
1607 807 1645 844 1.
1662 809 1836 875 πρῶτος

280 859 476 908 κατέδειξε
506 861 562 913 A]
594 859 790 909 κατέδειξε
819 860 984 913 πρῶτος.
1074 862 1111 900 3.
1143 862 1168 915 ᾑ
1198 861 1346 901 Iacobs.
1367 861 1479 901 Lect.
1500 861 1612 901 Stob.
1637 860 1737 915 101]
1767 854 1834 912 ἦν.

282 919 321 957 5.
353 915 527 970 λαμπρὸς
557 918 704 957 Naber.
735 919 882 958 Mnem.
911 931 1004 958 nov.
1026 918 1126 957 VIII
1155 916 1229 970 49]
1259 915 1453 969 λαμπρὸν.

395 976 434 1014 3.
470 971 523 1012 οἶν
560 971 634 1024 μὲν
670 971 790 1026 ἀργὸς
829 968 877 1028 ἧ,
917 976 944 1016 i.
975 988 1008 1017 e.
1044 977 1081 1015 si
1116 975 1238 1014 artem
1267 971 1444 1027 (τέχνην)
1473 987 1555 1014 non
1582 975 1707 1014 habet.
1792 975 1851 1016 4.,

278 1090 354 1127 cita
382 1100 487 1127 mors
513 1090 617 1127 venit
645 1092 715 1127 aut
742 1090 902 1128 victoria
931 1090 1041 1128 laeta.
1119 1085 1243 1126 ελθω
1255 1103 1290 1137 ν,
1321 1090 1366 1127 ut
1393 1100 1484 1127 nos:
1514 1100 1556 1127 so
1581 1089 1669 1138 yeht
1697 1101 1739 1128 er
1765 1089 1838 1128 hm

277 1145 362 1251 agad
391 1147 466 1241 {T
495 1147 699 1240 7tlzeterum
729 1145 779 1183 cf.
809 1158 909 1195 quae
939 1145 987 1183 de
1018 1146 1091 1184 hoc
1120 1141 1346 1196 fragmento
1379 1145 1557 1194 disputat
1585 1145 1736 1184 Bittius
1765 1144 1843 1225 El.

747 1313 1057 1347 ΚΝΟΙΘΙΔΕΤΣ
1082 1314 1116 1346 H
1139 1313 1366 1348 ΓΑΣΤΡΩΝ

390 1394 556 1433 Phoffius
588 1390 850 1440 Κνοιθιδεύς’
882 1391 973 1445 ὅρος
1004 1398 1073 1444 τῆς
1091 1389 1282 1445 Ἀττικῆς,
1324 1394 1519 1435 ‘fortasse
1547 1395 1691 1434 montis
1711 1392 1833 1432 Gnoe-

280 1450 405 1489 thidei
422 1453 582 1501 qenium
611 1451 889 1490 introduxerat
918 1450 1179 1501 Antiphanes,
1211 1452 1543 1502 quemadmodum
1569 1450 1833 1501 Lycabettum
1858 1482 1860 1486 ,

280 1507 558 1558 Theopompus
580 1508 768 1548 comicus'
790 1507 839 1546 fr.
853 1508 919 1547 29.
950 1508 1071 1547 Mein.
1093 1506 1113 1545 I
1134 1509 1228 1548 331.
1286 1503 1467 1560 γάστρων
1483 1508 1608 1547 Arist.
1625 1507 1834 1546 Ran.200.

1016 1618 1098 1659 124

482 1695 569 1752 ε’γῶ
601 1698 826 1752 πρότερον
855 1697 939 1751 μὲν
967 1694 1073 1746 τούς
1102 1696 1370 1748 κελεύοντας
1400 1697 1549 1752 λέγειν

483 1767 680 1819 γρίφους
709 1763 830 1818 παρὰ
861 1764 999 1806 πότον
1030 1760 1182 1820 ᾠόμην
1212 1767 1367 1820 ληρεῖν
1398 1767 1554 1819 σαφῶς

485 1833 695 1887 λέγοντας
725 1829 875 1885 οὐδέν,
909 1828 1041 1874 ὁπότε
1071 1831 1317 1886 προστάξαι
1345 1834 1393 1875 τέ
1420 1847 1486 1882 τις

485 1902 627 1943 εἰπεῖν
659 1900 821 1955 ἐφεξῆς
851 1898 875 1942 ὅ
904 1916 945 1941 τι
975 1900 1128 1956 φέρων
1157 1915 1223 1949 τις
1252 1898 1310 1955 μὴ
1342 1899 1492 1956 φέρει,

437 1978 457 2009 5
490 1969 657 2023 ἐγέλων
687 1970 879 2022 νομίζων
910 1966 1064 2023 λῆρον,
1096 1964 1178 2010 οὐκ
1209 1964 1267 2009 ἄν
1296 1969 1542 2023 γενόμενον

483 2034 702 2079 οὐδέποτέ
728 2035 774 2090 γ’
798 2033 921 2090 οἶμαι
950 2037 1132 2091 πρᾶγμα
1162 2037 1393 2086 παντελῶς
1422 2036 1583 2090 λέγειν,

484 2103 668 2159 ἐνέδρας
699 2101 741 2145 δ’
765 2104 911 2147 ἕνεκα.
962 2103 1068 2145 νυνὶ
1099 2103 1147 2146 δὲ
1177 2101 1300 2145 τοῦτ’
1323 2101 1481 2158 ἔγνωχ’
1505 2101 1574 2145 ὅτι

484 2170 654 2228 ἀληθὲς
682 2165 762 2226 ἦν·
795 2171 993 2226 φέρομεν
1022 2168 1108 2225 γὰρ
1138 2168 1376 2227 ἄνθρωποι
1407 2170 1514 2213 δέκα

485 2239 651 2294 ἔρανόν
681 2237 784 2294 τιν’,
817 2237 872 2282 οὐ
904 2239 1032 2295 φέρει
1062 2238 1112 2281 δὲ
1142 2237 1320 2281 τούτων
1348 2235 1432 2293 τὴν
1463 2238 1613 2294 φορὰν

412 2318 454 2348 10
485 2307 645 2358 οὐδείς.
697 2309 853 2362 σαφῶς
882 2300 969 2349 οὖν
1000 2305 1024 2348 ὅ
1052 2322 1095 2348 τι
1125 2307 1279 2362 φέρων
1308 2322 1374 2356 τις
1400 2305 1461 2362 μὴ
1493 2308 1643 2363 φέρει,

483 2373 604 2418 τοῦτ’
630 2377 766 2429 ἐστιν,
796 2373 856 2426 ἡν
884 2373 935 2417 θ’
961 2372 985 2417 ὁ
1014 2382 1176 2430 γρῖφος
1206 2373 1408 2417 ἐνταῦθα
1438 2374 1598 2430 ῥέπων.

487 2443 561 2485 καὶ
592 2445 727 2485 τοῦτο
757 2443 840 2497 μὲν
871 2440 925 2498 δὴ
957 2440 1088 2485 κᾶστι
1118 2442 1390 2497 συγγνώμην
1420 2443 1541 2497 ἔχον·

484 2508 587 2552 ἀλλ’
610 2504 683 2552 οἷα
714 2512 1033 2565 λογοποιοῦσιν
1064 2509 1114 2552 ἐν
1144 2513 1204 2552 τῶ
1235 2509 1459 2565 πράγματι

482 2594 525 2620 οι
555 2576 802 2633 τάργύριον
831 2593 894 2660 μη
922 2577 1255 2631 κατατιθέντες,
1287 2575 1346 2626 ῶς
1375 2576 1553 2633 σφόδρα

409 2655 450 2686 15
483 2647 718 2695 Φίλιππος.
769 2643 841 2699 ἀρ’
864 2639 923 2699 ἦν
953 2643 1142 2700 εὐτυχής
1170 2659 1235 2694 τις
1264 2641 1319 2699 νὴ
1354 2647 1456 2687 Δία.

396 2740 620 2780 Αίὼθιιειθιιε
653 2741 724 2788 10,
746 2740 866 2780 448e
901 2736 991 2791 περὶ
1026 2734 1071 2777 δὲ
1108 2743 1188 2776 τῶν
1223 2737 1378 2790 γρίφων
1403 2734 1643 2789 Ἀντιφάνης
1678 2735 1753 2789 μὲν
1784 2735 1830 2777 ἒν

282 2795 500 2834 Κνοιθιδεῖ
525 2793 719 2848 (κνοιθιδι
749 2792 854 2863 Α)
833 2794 862 2847 η’
892 2793 1103 2845 Γάστρωνί
1129 2804 1251 2844 φησιν
1279 2795 1360 2836 κτλ.
1462 2797 1499 2833 2.
1531 2792 1670 2847 πότον]
1700 2806 1830 2833 πωτον

236 2865 240 2869 ’
285 2853 333 2890 A.
434 2847 571 2905 ᾠόμην
600 2850 700 2904 VL]
732 2847 844 2906 ᾤμην
871 2854 918 2891 A.
1028 2853 1068 2890 3.
1097 2849 1373 2910 προστάξαι
1402 2848 1449 2890 τέ
1477 2849 1546 2903 Κ.]
1575 2839 1843 2902 προστάξετοιί4
