1890 3190
316 216 395 264 148
901 219 1282 261 ΑΝΑΞΑΝΔΡΙΔΟΤ

314 325 382 365 τὸν
410 320 532 377 ἰχθὺν
570 327 709 365 τοῦτον
747 323 926 393 (γαλεὸν)
963 321 1071 381 αὐτῷ
1107 325 1376 377 παρασχόντος
1413 323 1710 377 παρεσχηκέναι,
1770 325 1864 365 ‘eir-
1884 326 1890 346 ’-

313 384 593 422 cumscribitur
627 384 757 423 verbis
797 379 983 429 Εὐρύτου
1021 367 1141 422 πύλαι
1177 379 1202 433 ἡ
1232 379 1343 434 πυγή
1373 384 1473 423 conl.
1496 384 1608 434 Diog.
1639 383 1692 422 L.
1721 384 1758 432 6,
1781 382 1867 421 59.’

312 440 463 478 Iaeobs
506 463 556 468 -
596 441 688 479 nolo
726 441 909 478 omittere
943 440 1114 490 Hesyeh.
1154 438 1335 490 δημίαισι·
1366 437 1527 486 πύλαις·
1573 441 1747 486 κοιναῖς,
1784 435 1869 477 ἐπεὶ

311 494 616 547 προειστήκεσαν
645 494 689 534 ἐν
718 499 804 542 ταῖς
832 493 975 542 πύλαις
1005 496 1051 535 αἱ
1075 491 1232 548 πόρναι.

1066 607 1123 649 34

425 682 552 739 υμεῖς
581 682 667 738 γὰρ
699 683 920 739 ἀλλήλους
949 682 1018 727 ἀεὶ
1049 683 1290 740 χλευάζετ’,
1322 681 1407 727 οἶδ’
1441 683 1656 740 ἀκριβῶς·

428 748 485 794 ἂν
514 753 598 806 μὲν
627 748 713 807 γὰρ
745 751 773 807 ᾐ
804 768 870 802 τις
901 749 1148 807 εὐπρεπής,
1182 751 1304 805 ἱερὸν
1333 752 1479 808 γάμον
1509 754 1704 794 καλεῖτε·

429 819 511 863 ἐὰν
541 820 590 862 δὲ
617 818 781 874 μικρὸν
812 821 1040 869 παντελῶς
1069 817 1359 875 ἀνθρώπιον,
1392 819 1663 875 σταλαγμόν.

427 889 630 943 λαμπρός
659 904 724 938 τις
756 885 1010 942 ἐξελήλυθ’,
1051 922 1060 929 .
1108 921 1116 930 .
1157 886 1319 937 ὄλολυς
1348 887 1477 937 οὑτός
1508 888 1618 930 ἐστι·

381 965 402 995 5
434 954 620 1010 λιπαρὸς
650 962 886 1010 περιπατεῖ
911 957 1173 1010 Δημοκλῆς,
1205 954 1344 1010 ζωμὸς
1374 955 1736 1009 κατωνόμασται

431 1026 575 1078 χαίρει
605 1039 671 1072 τις
701 1020 888 1078 αὐχμῶν
916 1018 946 1077 ἢ
976 1022 1156 1077 ῥυπῶν,
1189 1022 1420 1078 κονιορτὸς
1450 1022 1760 1078 ἀναπέφηνεν·

429 1089 625 1134 ὄπισθεν
655 1089 905 1133 ἀκολουθεῖ
930 1090 1065 1141 κόλαξ
1097 1106 1178 1146 τῳ,
1211 1089 1370 1145 λέμβος
1402 1090 1704 1145 ἐπικέκληται·

427 1159 482 1200 τὰ
513 1157 643 1200 πόλλ’
677 1157 889 1208 ἄδειπνος
917 1166 1173 1213 περιπατεῖ,
1206 1158 1439 1212 κεστρῖνός
1469 1159 1563 1201 ἐστι
1591 1161 1757 1214 νῆστις.

429 1227 492 1276 εἰς
521 1226 626 1276 τοὺς
655 1226 823 1275 καλοὺς
853 1224 894 1267 δ’
928 1224 985 1268 ἄν
1015 1241 1080 1274 τις
1109 1226 1279 1282 βλέπῃ,
1312 1224 1465 1276 καινὸς
1493 1224 1811 1279 θεατροποιός·

358 1303 400 1335 10
429 1292 628 1376 ὑφείλετ’
661 1291 778 1345 ἄρνα
807 1295 1017 1348 ποιμένος
1047 1295 1237 1348 παίζων,
1265 1292 1442 1348 Ἀτρεύς
1473 1292 1667 1349 ἐκλήθη·

432 1360 513 1404 ε’ἀν
545 1362 594 1404 δε
625 1361 780 1416 κριόν,
813 1362 995 1415 Φρίξος·
1037 1357 1093 1403 ἂν
1124 1361 1172 1403 δὲ
1205 1360 1451 1418 κωδάριον,
1478 1359 1646 1404 Ἰάσων.

431 1455 659 1494 Athenaeus
691 1457 728 1505 6,
752 1456 832 1493 242
850 1456 903 1494 de
943 1455 1022 1493 τῶν
1052 1454 1096 1494 δὲ
1126 1454 1316 1494 τοιούτων
1346 1452 1563 1506 ἐπιθέτων,
1600 1451 1630 1493 6
1659 1452 1724 1494 ἐπὶ
1751 1453 1870 1509 χλεύῃ

312 1509 522 1563 Ἀθηναῖοι
561 1510 765 1558 παίζοντες
806 1510 962 1564 ε’λεγον,
1001 1525 1236 1563 μνημονευει
1269 1509 1578 1562 Ἀναξανδρίδης
1614 1509 1658 1550 ἐν
1689 1494 1878 1551 Ὀδυσσεῖ

316 1566 443 1615 ου’τως
475 1569 850 1607 κτλ.Ε1181;ε1.1;111113
883 1570 1004 1620 1642,
1025 1570 1077 1608 59
1108 1565 1211 1623 (sine
1241 1569 1415 1608 auctoris
1443 1567 1621 1618 nomine)
1654 1566 1753 1618 φησὶ
1771 1569 1871 1619 γοῦν

316 1640 372 1671 τις
402 1623 506 1672 πρὸς
534 1621 800 1675 Ἀθηναίους,
831 1618 885 1671 ὦς
915 1622 1026 1676 υμεῐς
1056 1621 1247 1676 ἀλλήλους
1275 1627 1356 1664 κτλ.
1388 1621 1484 1678 (om.
1517 1626 1556 1664 2.
1588 1626 1628 1664 4.
1660 1625 1719 1675 9).
1777 1636 1818 1664 v.
1843 1626 1868 1664 7

314 1683 549 1722 Eustathius
573 1683 694 1732 1761,
715 1683 768 1720 49
801 1687 870 1720 τοῦ
903 1679 944 1719 δὲ
973 1680 1038 1720 καὶ
1068 1679 1212 1733 λέμβον
1242 1680 1284 1719 τὸ
1306 1677 1493 1730 ἐφόλκιον
1512 1676 1698 1733 λέγεσθαι
1729 1682 1867 1732 χρῆσις

315 1736 474 1790 φέρεται
504 1734 823 1803 Ἀναξανδρίδου
861 1731 968 1790 παρὰ
1004 1743 1058 1792 τῷ
1093 1734 1310 1791 Ἀθηναίῳ.
1428 1752 1464 1777 v.
1497 1740 1521 1777 8
1559 1738 1788 1776 Athenaeus
1829 1738 1867 1788 7,

316 1796 467 1834 307of
504 1788 822 1863 Ἀναξανδρίδης
847 1778 1040 1833 Ὀδυσσεῖ
1066 1797 1147 1834 κτλ.
1270 1797 1307 1833 1.
1332 1790 1542 1857 χλευαζετε
1579 1795 1629 1832 Α.
1745 1795 1781 1833 2.
1819 1808 1872 1832 αν

316 1852 454 1891 Dindf.
459 1848 477 1905 ]
507 1848 578 1889 ἐὰν
597 1851 645 1890 A.
723 1853 761 1890 3.
792 1847 847 1889 ἀν
875 1849 947 1901 μὲν
976 1849 1052 1903 γὰρ
1082 1846 1108 1905 ἦ
1139 1867 1175 1890 τι
1206 1844 1371 1918 σμικρὸν
1392 1851 1638 1900 Eustathius,
1660 1851 1753 1900 quia
1780 1863 1820 1890 v.
1845 1851 1870 1888 2

316 1909 468 1958 omisit,
501 1910 541 1946 et
570 1909 612 1946 in
632 1909 739 1946 exitu
769 1910 920 1947 καλεῖτε
949 1905 1073 1947 αὐτὸν
1103 1919 1159 1948 στ.
1248 1909 1286 1947 4.
1309 1903 1436 1953 ευθὺς
1464 1910 1556 1958 post
1584 1901 1700 1953 οὗτος
1729 1907 1871 1946 inserit

313 1939 480 2006 Porson⁷.
502 1964 670 2003 Miscell.
696 1966 796 2012 237,
829 1967 919 2014 post
949 1961 1160 2014 ἐξελήλυθ’
1193 1965 1326 2014 Mein.,
1357 1961 1510 2015 ὑμῖνῩ
1532 1964 1599 2002 81.
1659 1963 1868 2010 ολολυςΑ.

316 2023 354 2059 5.
389 2022 600 2071 Δημοκλῆς
631 2034 708 2059 om.
742 2021 856 2060 Eust.
938 2023 975 2060 7.
984 2018 1083 2089 τῳ]
1115 2026 1186 2059 τωι
1214 2022 1252 2060 Α
1281 2021 1392 2062 Eust
1482 2022 1519 2059 8.
1550 2012 1674 2058 πολλα
1704 2021 1740 2058 A
1771 2020 1867 2059 307.

316 2076 425 2116 ἐστιν
454 2083 592 2127 νῆστις
623 2077 660 2115 Α
691 2078 787 2116 242.
880 2079 945 2116 11.
974 2074 1028 2116 α“ν
1057 2075 1211 2142 Dindf.]
1243 2073 1311 2115 ἐὰν
1340 2078 1389 2115 A.

430 2136 467 2173 2.
491 2131 600 2185 ἱερὸν
619 2131 747 2184 γάμον
768 2135 779 2152 ‘
791 2134 1064 2184 Hymenaeum
1079 2135 1207 2173 dicit
1196 2148 1238 2173 m
1261 2134 1425 2172 Iunonis
1441 2133 1624 2182 Iovisque
1639 2133 1870 2182 nuptiarum

315 2191 575 2229 imitamentis
596 2191 927 2230 ministrantem&
972 2191 1090 2230 Mein.
1116 2191 1229 2230 Anal.
1252 2191 1395 2228 Athen.
1421 2191 1513 2239 105,
1546 2192 1592 2227 ut
1614 2189 1869 2228 venustulum

314 2247 515 2286 hominem
537 2249 720 2285 ornatum
741 2260 828 2285 eum
851 2248 1044 2297 prodiisse
1065 2260 1240 2286 censens.
1285 2246 1439 2285 Philox.
1465 2246 1628 2296 Cyther.
1652 2247 1702 2284 13
1725 2245 1869 2296 Bergk.

317 2302 447 2354 Γάμε,
479 2305 591 2342 θεων
622 2302 876 2354 λαμπρότατε.
973 2305 1010 2342 3.
1041 2305 1265 2354 Stalaymus
1294 2304 1397 2353 apud
1427 2303 1614 2340 Plautum
1643 2314 1780 2340 servus
1809 2304 1871 2340 est

315 2361 358 2398 in
389 2360 580 2410 Captivis.
697 2361 735 2398 4.
773 2360 889 2399 Phot.
921 2362 1091 2410 329,18
1123 2358 1283 2398 ὄλολυν·
1323 2355 1562 2408 Μένανδρος
1594 2357 1699 2408 (900
1727 2353 1869 2411 Mein.)

317 2411 385 2454 τὸν
414 2413 643 2467 γυναικώδη
673 2414 739 2454 καὶ
767 2415 967 2455 κατάθεον
986 2415 1052 2455 καὶ
1071 2413 1259 2467 βακηλον.
1319 2416 1368 2455 cf.
1399 2415 1614 2456 Herodian.
1643 2413 1665 2452 I
1685 2415 1778 2462 236,
1801 2414 1868 2453 29.

319 2475 412 2521 237,
438 2475 504 2511 11.
536 2473 577 2510 II
599 2474 691 2522 938,
720 2474 782 2511 16.
898 2475 939 2512 5.
971 2475 1059 2523 quis
1090 2474 1210 2512 fuerit
1238 2473 1434 2511 Damocles
1462 2484 1542 2510 non
1571 2471 1738 2511 constat.
1775 2483 1869 2509 nam

315 2530 500 2582 Dionysii
521 2530 679 2578 quidem
701 2530 902 2579 adulator,
936 2530 983 2568 de
1004 2543 1081 2580 quo
1104 2531 1331 2569 Athenaeus
1360 2529 1539 2578 loquitur
1560 2529 1598 2578 6,
1617 2523 1702 2566 250
1731 2529 1773 2566 et
1804 2527 1868 2580 13,
1888 2560 1890 2562 .

317 2587 399 2624 584
417 2587 466 2633 f.,
508 2586 574 2623 vix
602 2586 761 2623 videtur
791 2586 1003 2636 significari
1033 2599 1157 2636 posse.
1206 2586 1254 2624 of.
1290 2585 1406 2623 etiam
1436 2584 1534 2623 Isae.
1567 2584 1613 2633 5,
1636 2584 1676 2621 5.
1698 2584 1736 2622 9.
1794 2582 1868 2622 De-

316 2642 463 2681 mosth.
487 2643 551 2689 25,
570 2643 623 2679 47
646 2644 688 2680 et
702 2642 888 2680 Dinarch.
910 2641 1008 2680 κατὰ
1026 2642 1287 2693 Δημοκλέους.
1319 2636 1453 2690 ζωμός,
1477 2640 1524 2680 of.
1544 2639 1819 2688 Aristophont.
1841 2639 1868 2676 4

317 2700 358 2736 et
378 2699 425 2736 de
446 2711 515 2747 pei
518 2698 620 2736 fecto
643 2699 861 2748 Antiphan.
887 2700 980 2738 204.
1050 2702 1086 2738 6.
1116 2696 1318 2749 κονιορτός
1340 2697 1589 2736 Euaemonis
1612 2697 1697 2734 erat
1723 2707 1868 2746 cogno-

317 2767 420 2793 men.
481 2755 774 2803 Demosth.2l‚
801 2756 879 2794 139
901 2751 1128 2805 Ευκτήμων
1158 2750 1178 2793 ὁ
1208 2753 1427 2804 κονιορτός’
1467 2750 1637 2790 τοιοῦτοί
1662 2749 1764 2797 τινές
1792 2750 1870 2790 εἰσι

315 2806 559 2861 μισθοφόροι
587 2823 676 2862 περι
707 2807 831 2849 αὐτὸν
862 2807 1090 2865 (Μειδίαι).
1180 2813 1217 2850 9.
1247 2804 1504 2862 θεατροποιός
1534 2811 1764 2857 corruptum
1795 2808 1867 2847 est.

317 2879 391 2907 scr.
422 2863 547 2919 βλέπῃ
573 2866 775 2917 παῖδας,
814 2867 1165 2921 θεατροπίπης.
1235 2868 1284 2906 cf.
1315 2879 1413 2917 quae
1443 2866 1493 2904 ad
1523 2866 1647 2904 Arist.
1678 2864 1754 2915 Eq.
1784 2864 1866 2906 407
