1864 3204
185 215 268 258 248
863 214 1088 248 ΑΜΦΙΔΟΣ

188 316 316 371 φέρει]
348 322 469 369 φορεῖ
491 316 610 357 Poll.
682 313 892 369 συκάμιν’]
925 315 1166 367 συκαμίνους
1197 317 1272 357 CD
1304 320 1344 357 et
1372 318 1483 358 Eust.
1574 320 1612 360 3.
1642 313 1735 371 κρά-

189 389 274 414 νεια
303 373 443 427 Mein]
473 373 630 426 κρανία.
675 375 724 414 cf.
756 375 984 413 Anaxandr.
1016 375 1085 423 41,
1106 374 1173 413 64.

302 432 562 495 2.Theophr.
594 431 646 469 H.
675 432 730 481 pl.
762 433 799 481 3,
823 432 887 479 16,
908 431 935 468 4
971 426 997 481 ἡ
1034 428 1250 482 κόμαρος
1288 427 1313 480 ἡ
1353 428 1395 468 τὸ
1435 430 1739 482 μιμαίκυλον

189 485 365 536 φέρουσα
395 481 438 526 τὸ
468 485 676 537 ἐδώδιμον.
716 487 763 526 de
785 461 1009 526 discrimine
1029 487 1239 527 verborum
1271 484 1408 539 φέρειν
1435 490 1475 527 et
1495 490 1634 540 φορεῖν
1662 488 1737 527 Lo-

190 546 302 586 beck.
333 545 482 595 Phryn.
515 545 596 583 585
615 557 673 594 sq.
724 544 862 583 Cobet.
894 543 944 582 N.
976 544 1004 582 1.
1037 544 1129 582 140.

460 726 723 786 ἀσυμβόλου
754 732 943 774 δείπνου
973 729 1058 786 γὰρ
1090 729 1209 781 ὅστις
1239 728 1441 787 ὑστερεῖ,

460 802 621 841 τοῦτον
651 799 814 854 ταχέως
844 797 991 854 νόμιζε
1021 794 1108 840 κᾶν
1138 798 1265 850 τάξιν
1295 801 1456 842 λιπεῖν.

305 882 531 920 Athenaeus
555 882 660 929 1,80
680 874 827 931 ’Ἄμφις
859 878 986 931 φησὶν
1016 877 1036 919 ὅ
1066 878 1250 931 κωμικός.
1330 883 1368 920 2.
1398 878 1475 919 κᾶν
1495 880 1638 934 Mein.·]
1660 881 1740 921 καὶ.

194 961 245 965 —-
275 939 471 988 parasitus
509 938 654 987 aliquis
686 940 751 976 ‘se
781 938 907 976 maius
938 938 1087 976 crimen
1117 950 1232 977 nosse
1261 941 1401 988 negat,
1440 951 1558 988 quam
1589 940 1622 978 si
1653 940 1742 989 quis

192 995 241 1032 ad
271 1006 407 1033 cenam
438 995 629 1033 invitatus
666 1006 752 1032 sero
782 994 929 1032 veniat.
989 995 1180 1033 eiusmodi
1211 995 1413 1033 hominem
1442 996 1483 1034 in
1513 995 1618 1034 bello
1647 1008 1741 1045 quo-

191 1064 267 1100 que
306 1051 436 1089 locum
475 1051 516 1088 in
557 1062 634 1100 quo
673 1051 899 1089 conlocatus
930 1050 983 1090 sit
1014 1051 1120 1089 ocius
1152 1051 1399 1090 deserturum
1429 1052 1544 1091 esse?
1591 1050 1740 1092 Iacobs.

188 1107 294 1146 Add.
327 1108 421 1146 Ath.
454 1108 492 1145 6.
943 1158 999 1201 40

479 1225 530 1268 ἐν
562 1228 772 1282 Θουρίοις
801 1224 1028 1276 τοῦλαιον,
1061 1227 1112 1269 ἐν
1142 1228 1257 1284 Γέλᾳ
1288 1230 1448 1283 φακοί,

475 1292 665 1347 Ἰκάριος
691 1291 834 1347 οἶνος,
868 1294 1046 1348 ἰσχαδες
1075 1294 1308 1350 Κιμώλιαι.

301 1377 528 1415 Athenaeus
561 1378 596 1426 1,
616 1377 703 1415 30b
741 1374 996 1426 θαυμάζεται
1017 1374 1059 1414 δὲ
1088 1374 1154 1414 καὶ
1186 1373 1206 1415 ὀ
1230 1371 1402 1429 Ἰκαριος
1432 1373 1538 1426 οἶνος
1569 1376 1623 1427 ὦς
1645 1378 1750 1432 ’Ἇμ-,

189 1447 257 1481 φις
297 1434 376 1471 κτλ.
441 1446 477 1473 v.
503 1434 524 1470 1
557 1433 659 1471 idem
694 1434 737 1483 2,
762 1434 848 1471 67b
887 1434 954 1471 τοῦ
991 1430 1036 1471 δὲ
1073 1431 1119 1471 ἐν
1150 1432 1331 1485 Θουρίοις
1370 1433 1580 1486 γινομένου
1611 1434 1743 1477 ἐλαίου

189 1503 243 1535 ως
283 1483 477 1539 διαφόρου
515 1486 754 1539 μνὴμονεύει
782 1487 931 1538 ’Ἀμφις
970 1490 1050 1528 κτλ.
1152 1493 1188 1528 1.
1219 1495 1330 1541 φακῆ
1361 1493 1427 1530 67.
1489 1493 1536 1531 de
1568 1493 1742 1534 Thurino

190 1545 275 1584 oleo
305 1546 438 1595 Hehn,
472 1545 684 1595 Kulturpfl.
691 1543 706 1568 ²
737 1547 788 1584 99
820 1548 860 1584 et
890 1546 937 1584 de
970 1547 1060 1585 vino
1090 1546 1214 1585 Icario
1246 1547 1447 1597 Aristoph.
1480 1549 1529 1588 fr.
1562 1550 1656 1589 579.

942 1654 996 1696 41

463 1722 574 1776 ἐνῆν
604 1719 691 1776 ἄρ’,
723 1718 784 1771 ὡς
813 1723 952 1775 ἔοικε,
984 1720 1070 1764 κᾶν
1101 1726 1211 1779 οἴνῳ
1241 1724 1395 1778 λόγος,

459 1790 571 1831 ἔνιοι
602 1790 629 1830 δ
637 1785 646 1800 ’
670 1787 792 1844 ὕδωρ
823 1790 1029 1839 πίνοντές
1059 1788 1144 1832 εἶθ’
1170 1788 1414 1845 ἀβέλτεροι.

304 1871 530 1911 Athenaeus
561 1873 605 1921 2,
627 1871 714 1909 449.
734 1869 882 1922 ’Ἁμφις
915 1867 935 1909 ὁ
966 1870 1136 1922 κωμικός
1165 1870 1244 1911 πού
1273 1882 1398 1924 φησιν
1427 1875 1507 1912 κτλ.
1566 1875 1746 1915 concedit

191 1928 371 1977 quisquis
412 1929 590 1978 loquitur
625 1941 749 1978 aquae
789 1930 983 1967 amatores
1021 1929 1221 1968 interdum
1251 1930 1467 1979 prudentes
1498 1943 1583 1971 esse
1612 1944 1742 1981 posse,

190 1984 259 2022 sed
289 1985 410 2023 etiam
438 1985 481 2023 in
511 1985 603 2024 vino
634 1984 867 2034 sapientiam
897 1985 1023 2024 inesse
1054 1986 1270 2025 contendit.

941 2093 998 2135 42

508 2159 628 2210 ὅστις
657 2158 744 2216 γὰρ
775 2159 993 2215 ὀμνύοντι
1022 2162 1164 2216 μηδὲν
1193 2162 1419 2218 πείθεται,

510 2226 643 2278 αὐτὸς
674 2229 902 2283 ἐπιορκεῖν
933 2228 1096 2284 ῥαδίως
1127 2228 1367 2272 ἐπίσταται.

304 2308 497 2349 Stobaeus
526 2307 1038 2361 ἙΙοτὶ1.27,4”Λμφιδος
1068 2311 1118 2350 Α.
1177 2311 1371 2352 Maximus
1403 2312 1516 2352 Conf.
1548 2312 1742 2366 85,144.

194 2367 228 2403 1.
260 2363 449 2413 πείθηται
477 2367 525 2405 Β.
577 2367 626 2405 cf.
660 2367 874 2416 Antiphan.
898 2368 989 2406 241.
1078 2368 1114 2405 2.
1147 2365 1361 2421 ἐπίσταται]
1397 2368 1589 2420 νομίζεται
1619 2371 1737 2410 Mein.

191 2421 305 2460 Stob.
336 2422 417 2461 IIII
446 2435 527 2461 Lx1.
938 2476 994 2518 43

523 2541 699 2585 πίνουσ’
721 2541 907 2598 ἑκαστης
935 2542 1100 2599 ἡμέρας
1129 2543 1188 2586 δι’
1213 2543 1390 2599 ἡμέρας.

302 2626 526 2664 Athenaeus
558 2625 742 2675 4,168b
783 2639 881 2664 κατα
920 2625 987 2663 τὸν
1008 2624 1160 2677 ’Ἀμφιν
1190 2629 1271 2665 κτλ.
1387 2622 1442 2665 δι’
1465 2627 1566 2682 BD]
1597 2624 1666 2668 δύ’
1687 2630 1738 2670 Α.

190 2676 264 2719 δύο
294 2681 337 2720 Ο.
392 2683 441 2720 cf.
472 2681 677 2731 Hermipp.
708 2683 754 2731 4,
786 2684 823 2720 6.
873 2683 1040 2721 fortasse
1079 2684 1199 2721 etiam
1237 2696 1336 2732 quae
1375 2688 1598 2734 sequuntur
1635 2686 1739 2735 apud

191 2738 436 2776 Athenaeum
467 2736 727 2787 διασειόμενοι
757 2735 848 2784 τοὺς
879 2736 1102 2806 κροτάφους
1132 2735 1212 2777 ὑπὸ
1240 2744 1310 2778 τοῦ
1336 2737 1510 2791 ακροὲτου
1540 2754 1586 2780 ex
1605 2742 1738 2782 verbis

195 2795 335 2841 poetae
365 2794 507 2833 leviter
527 2795 722 2833 inmutata
741 2797 853 2833 sunt:
886 2792 983 2847 οίνῳ
1005 2791 1038 2832 τ’
1061 2790 1217 2848 ἆκροὶτῳ
1239 2793 1330 2842 τοὺς
1351 2810 1574 2847 κροταφους
1595 2807 1738 2836 σεσεισ-

193 2845 302 2897 μὲνοι
334 2872 398 2891 -.
450 2850 497 2888 cf
530 2850 650 2891 Arist.
683 2850 785 2889 Nub.
823 2851 942 2889 1276.
