1864 3204
212 205 297 246 394
863 196 1115 244 ΑΛΕΞΙΔΟΣ

325 310 555 349 Athenaeus
589 312 633 358 1,
657 312 708 348 21
722 311 776 350 od
807 308 958 358 ’Ἀλεξίς
989 320 1115 361 φησιν
1143 313 1224 350 κτλ.
1285 312 1426 351 Suidas
1456 307 1769 377 ἀναλαμβάνειν.

212 379 248 404 v.
271 368 306 405 1.
331 368 369 405 2.
393 368 416 405 5
440 363 481 420 (a
503 363 632 435 φέρει)
655 389 708 395 ——-
731 369 754 406 7
776 364 887 420 (βίω)
918 368 1151 407 Eustathius
1184 369 1305 418 1164,
1329 369 1395 408 32.
1465 371 1503 408 2.
1534 363 1769 438 ἀρρύθμους

215 422 325 461 Suid.
415 424 455 461 4.
487 420 613 474 μηδέν
643 423 753 462 Suid.
785 421 909 474 μηδέν
939 438 996 471 τις
1025 421 1131 475 ἡμᾶς
1163 399 1322 464 Κυ81ο1.
1353 420 1556 475 πράττοιτ’
1578 422 1634 464 o'c'v
1663 424 1770 472 τέλος

211 477 347 528 μηδεὶς
377 475 431 517 α“ν
459 475 575 530 ἡμῶν
605 481 729 520 Dobr.
758 480 884 519 Arist.
915 481 1022 520 Plut.
1057 482 1137 520 256
1169 495 1206 531 p.
1229 483 1295 521 30.
1334 478 1542 532 πράττεται
1572 496 1604 522 τ.
1633 481 1769 533 μηδεὶς

212 531 308 586 παρ’
338 531 451 586 ημῶν
482 535 527 576 G.
560 537 608 576 A
637 537 836 588 Hirsohig.
868 537 972 576 Ann.
1006 539 1090 578 crit.
1124 538 1190 576 15.
1289 539 1327 577 4.
1359 535 1433 590 γὰρ
1463 539 1553 578 add.
1585 539 1769 579 Dindorf.

215 589 331 642 τιμὴν
361 593 497 632 Dindf.
502 591 518 646 ]
548 591 628 644 μὴν
657 593 792 632 BCD.
881 590 1000 632 δόντα
1030 591 1173 646 Dobr.]
1213 592 1357 641 δόντας
1387 594 1519 634 BCD.
1608 594 1673 634 δεῖ
1699 595 1771 635 Ca-

213 645 345 702 saub]
376 645 432 687 δι’
466 649 597 689 BCD.
686 651 724 689 5.
757 647 872 704 ἑτέρῳ
901 651 1022 692 Dobr
1113 647 1323 702 χρωμένοις
1354 649 1406 703 Β]
1438 648 1695 702 χρωμένοισιν
1723 645 1771 691 ευ

214 704 302 744 OD.
409 707 446 744 7.
479 711 631 745 τοιοῦτο
659 711 783 759 γῆρας
812 707 849 746 Α
881 707 987 749 Suid
1095 709 1135 747 8.
1167 703 1277 762 αὐτῷ
1306 713 1430 762 κτῷτο
1459 707 1614 761 Dindf.]
1646 713 1770 762 κτῷτο

214 758 325 815 αὑτῷ
355 761 487 802 BCD.

948 818 1032 859 264

445 894 503 938 ἂν
532 887 948 950 πιττοκοπούμενὸν
978 895 1063 938 τιν’
1085 895 1115 951 ἦ
1146 897 1428 952 ξυρούμενον

450 961 555 1019 ὁρᾷς
584 963 758 1005 τούτων
790 965 877 1018 ἔχει
907 979 949 1005 τι
979 963 1197 1018 θάτερον·

444 1027 474 1085 ἦ
503 1029 588 1086 γὰρ
619 1032 881 1085 στρατεύειν
913 1030 1112 1074 ἐπινοεῖν
1142 1048 1218 1087 μοι
1247 1034 1454 1087 φαίνεται

445 1099 520 1141 καὶ
551 1099 696 1141 πάντα
725 1102 786 1155 τῷ
817 1099 999 1153 πώγωνι
1029 1101 1145 1154 δρᾶν
1176 1101 1384 1154 ἐναντία,

394 1177 413 1207 5
444 1163 473 1222 ἢ
503 1166 783 1209 πλουσιακὸν
813 1169 958 1223 τούτῳ
987 1169 1256 1221 προσπίπτει
1286 1169 1441 1211 κακόν.

445 1237 489 1276 τί
516 1233 603 1290 γάρ
634 1235 684 1276 αἱ
709 1237 853 1290 τρίχες
884 1237 1109 1277 λυποῦσιν
1137 1234 1274 1290 ἡμᾶς,
1305 1231 1417 1291 πρὸς
1446 1237 1584 1290 θεῶν,

446 1298 506 1344 δι’
530 1301 583 1352 ἂς
608 1300 728 1358 ’ἀνὴρ
759 1303 944 1352 ἕκαστος
973 1300 1101 1358 ἡμῶν
1132 1305 1365 1358 φαίνεται,
1459 1291 1464 1298 ”

448 1371 488 1412 εἰ
515 1372 575 1426 μή
606 1386 648 1413 τι
678 1360 859 1420 ταύταις
889 1369 1236 1425 ἀντιπράττεσθ’
1260 1368 1492 1422 ὑπονοεῖς;

327 1464 558 1504 Athenaeus
592 1466 655 1514 13,
678 1450 797 1503 565b
835 1461 901 1517 (ex
932 1464 1176 1515 Chrysippo)
1214 1462 1278 1504 διὸ
1313 1463 1381 1503 καὶ
1401 1462 1553 1514 ’Ἀλεξις
1585 1463 1660 1516 ἔφη
1690 1478 1769 1504 που

213 1523 293 1560 κτλ.
354 1535 392 1560 v.
415 1522 452 1560 6.
477 1523 498 1560 7
532 1495 768 1560 Ευεΐείὺὶήηε
793 1523 913 1569 1910,
933 1523 956 1560 3
988 1518 1115 1572 ἕτερος
1146 1519 1190 1559 δέ
1219 1535 1276 1568 τις
1306 1519 1473 1567 παλαιὸς
1503 1516 1607 1560 εἶπε·
1640 1521 1680 1560 τί
1694 1520 1770 1574 γὰρ

214 1601 266 1607 -
290 1576 493 1627 φαίνεται;
553 1577 735 1617 Clemens
766 1578 880 1617 Alex.
911 1578 1030 1617 Paed.
1063 1581 1108 1627 3,
1135 1580 1204 1629 11,
1229 1580 1278 1618 61
1322 1576 1390 1627 τὰς
1428 1575 1472 1617 δὲ
1510 1583 1580 1617 τοῦ
1617 1577 1771 1630 γενείου

215 1630 387 1687 (τρίχας)
422 1631 548 1685 μηδέν
577 1649 612 1672 τι
642 1632 955 1685 παραλυπούσας
986 1631 1060 1673 οὐκ
1082 1632 1337 1704 ἐνοχλητέονῷ
1398 1637 1436 1674 1.
1466 1631 1517 1673 ἀν
1538 1636 1628 1674 add.
1651 1636 1771 1674 Mein.

217 1687 318 1743 τιν’]
352 1705 440 1729 τινα
470 1692 519 1730 A.
610 1693 648 1730 2
680 1690 818 1729 τοῦτον
848 1691 897 1730 A.
948 1689 996 1730 σὺ
1029 1690 1170 1730 τοῦτον
1199 1688 1289 1729 ἴσθ’
1315 1689 1451 1742 έχοντα
1481 1692 1632 1731 Iacobs.
1664 1691 1770 1730 Add.

217 1748 314 1786 Ath.
350 1748 444 1787 299.
495 1746 612 1786 δυοῖν
642 1745 795 1786 τούτων
823 1748 1003 1788 Erfurdt.
1055 1746 1157 1798 ε’χειν
1188 1747 1254 1787 δεῖ
1278 1747 1416 1787 Cobet.
1446 1749 1498 1787 N.
1529 1749 1555 1787 l.
1588 1749 1655 1787 36.
1726 1750 1767 1787 3.

214 1800 242 1854 ἢ
280 1802 568 1854 μαστροπεύειν
603 1805 755 1844 Iaoobs.
853 1802 940 1855 ἤτοι
976 1803 1050 1856 γὰρ
1088 1802 1257 1856 ἑταιρεῖν
1295 1805 1497 1844 Herweld.
1536 1805 1639 1844 Nov.
1679 1804 1769 1844 add.

215 1862 303 1899 crit.
337 1861 403 1899 34.
452 1874 498 1900 ao
537 1861 782 1900 desideratur
817 1862 898 1900 tale
936 1862 1101 1912 aliquid.
1209 1863 1248 1901 5.
1286 1858 1531 1900 πλουσιακὸν
1559 1861 1770 1901 manifesto

214 1919 455 1967 corruptum.
534 1916 675 1956 τούτωι
695 1918 745 1957 A.
776 1922 929 1956 τοιοῦτο
949 1918 1084 1957 Dindf.
1117 1915 1240 1971 τούτῳ
1271 1932 1308 1956 τι
1340 1919 1459 1958 Mein.
1539 1919 1577 1956 7.
1608 1916 1696 1965 διας
1718 1918 1768 1957 A.

215 1975 252 2012 9.
287 1970 457 2020 ἐπινοεῖς
488 1974 637 2013 Iacobs.

328 2032 363 2068 1.
395 2026 769 2081 πιττοκοπούμενον.
814 2032 861 2070 of.
896 2044 997 2081 quae
1036 2032 1087 2070 ad
1117 2031 1360 2070 Philemonis
1404 2031 1581 2070 fabulam
1617 2031 1676 2069 ita
1710 2030 1770 2070 in-

215 2087 407 2136 scriptam
436 2087 690 2126 adnotantur.

802 2229 907 2282 τοῦς
937 2229 1238 2286 εὐτυχοῦντας
1269 2230 1501 2286 ἐπιφανῶς

420 2301 491 2343 δεῖ
518 2302 595 2352 ζῆν
624 2298 827 2355 φανεράν
858 2314 906 2342 τε
935 2297 1018 2354 τὴν
1047 2298 1178 2341 δόσιν
1208 2297 1291 2354 τὴν
1320 2302 1402 2341 τοῦ
1431 2302 1544 2341 θεοῦ

418 2375 586 2410 ποιεῖν·
619 2364 642 2409 ὁ
672 2365 759 2423 γὰρ
788 2365 896 2418 θεὸς
925 2364 1134 2417 δεδωκώς
1163 2363 1338 2422 τάγαθὰ

419 2429 484 2477 οἷν
514 2435 598 2490 μὲν
627 2432 872 2490 πεπόρικεν
901 2439 1039 2477 οἴεται
1069 2431 1200 2490 χάριν
1229 2430 1330 2477 τινά

368 2512 388 2543 5
420 2505 539 2558 ἔχειν
570 2502 732 2559 ἑαυτῷ·
764 2501 869 2552 τοὺς
898 2501 1325 2557 ἀποκρυπτομένους
1355 2501 1404 2545 δὲ
1435 2502 1510 2544 καὶ

419 2569 632 2624 πράττειν
662 2573 849 2625 μετρίως
880 2570 1159 2624 φάσκοντας,
1191 2567 1461 2624 ἀχαρίστους
1490 2568 1613 2624 ὁρῶν

417 2636 728 2692 ἀνελευθέρως
757 2653 805 2679 τε
835 2640 999 2689 ζῶντας
1029 2635 1104 2679 ἐπὶ
1133 2639 1293 2691 καιροῦ
1322 2651 1443 2686 τινος

421 2703 575 2760 λαβών
606 2703 812 2759 ἀφείλεθ’
837 2704 918 2747 ὅσα
949 2702 1156 2754 δεδωκώς
1184 2696 1243 2759 ἦν
1272 2703 1421 2746 πάλαι.

330 2799 556 2838 Athenaeus
587 2801 624 2849 2,
647 2799 731 2838 4οο
763 2799 887 2837 τελεῖν
915 2794 990 2849 γάρ
1020 2795 1062 2836 τὸ
1093 2797 1280 2836 δαπανᾶν
1307 2795 1374 2835 καὶ
1403 2798 1695 2842 πολυτελεῖς
1725 2795 1771 2834 οἱ

217 2852 367 2893 πολλὰ
407 2851 766 2902 ἀναλίσκοντες
803 2852 870 2893 καὶ
907 2851 1071 2902 εὐτελεῖς
1109 2853 1150 2894 οἷ
1181 2850 1303 2905 ὀλύγα.
1361 2850 1485 2904 φησὶν
1504 2851 1654 2902 ’Ἀλεξις
1685 2854 1766 2894 κτλ.
