1864 3204
151 46 166 58 s:
198 47 210 58 ⁴.

0 76 12 90 b
35 90 38 91 .

768 93 793 103 a-

639 221 976 257 ιηΠοΤΡοΦοΣ
1503 217 1588 262 439

23 327 139 370 οἴνου
169 327 278 369 ἴσον.
296 358 306 368 .
325 333 398 383 ,τῷ
430 322 656 379 έξηντλήθη
684 323 751 365 καὶ
780 323 853 374 ἔξω
882 323 1011 364 πίθου
1041 321 1184 375 ἐφάνη.
1246 338 1284 365 v.
1303 326 1355 364 35
1376 322 1527 363 Athen.
1548 324 1585 372 7,

6 386 142 427 -301d
170 381 431 437 ἠλακατῆνες.
466 382 732 436 Μνησίμαχος
751 379 1000 436 Ἱπποτρόφῳ
1030 377 1419 434 σκόμβροςθύννος
1442 378 1586 432 κωβιὸς

24 439 288 495 ἠλακατῆνες.
350 456 387 485 v,
418 443 470 482 36
512 441 610 492 (τῶν
645 436 705 495 κ.)
732 462 779 469 —·
803 441 856 480 39
893 435 1083 494 (κόκκυξ)
1124 439 1354 478 Athenaeus
1394 440 1438 489 7,
1468 438 1588 477 3220

25 498 292 552 Μνησίμαχος
322 498 367 540 ἐν
390 493 641 550 Ἱπποτρόφῳ
670 499 751 538 κτλ.
800 510 838 537 v.
862 498 929 536 40.
951 497 1002 535 41
1038 496 1268 536 Athenaeus
1291 498 1327 545 7,
1340 495 1459 535 329ᾶ
1488 508 1588 545 μνη-

21 552 179 608 μονεύει
211 556 301 612 (τῆς
328 551 526 611 θρᾴττης)
559 553 822 606 Μνησίμαχος
853 550 896 592 έν
920 550 1190 607 Ἱπποτρόφῳ·
1220 550 1387 604 ποιητὴς
1417 547 1458 591 δ’
1483 549 1588 591 ἐστὶν

21 607 137 661 οὗτος
166 618 235 666 τῆς
264 611 387 665 μέσης
417 611 646 667 κωμῳδίας·
683 608 786 663 λέγει
815 607 855 649 δ’
873 605 998 657 οὕτως
1027 612 1107 650 κτλ.
1155 610 1390 650 Eustathius
1420 610 1542 657 1524,
1561 611 1586 649 8

21 671 63 711 οἷ
87 670 281 721 κωμικοί.
301 702 310 711 .
329 702 338 711 .
356 667 492 717 ὁποῖος
521 667 588 709 καὶ
618 664 639 707 ὁ
668 663 828 721 γράψας
857 666 900 707 τὸ
939 666 1125 721 (52-55
1156 663 1298 721 βινεῐ).
1358 661 1418 713 οἷς
1450 663 1588 716 ἐπάγει

22 725 172 776 ἐκεῖνος
209 726 277 768 καὶ
313 726 356 767 τὸ
396 723 630 781 (57—63).
684 740 722 766 v.
752 726 805 765 63
836 725 1071 765 Eustathius
1102 725 1263 775 315,18
1295 721 1424 763 ἰστέον
1453 720 1498 762 δὲ
1526 721 1586 762 ὅτι

23 784 157 833 λίνδος
174 815 183 826 .
203 816 212 826 .
230 815 239 825 .
256 784 329 824 καί
355 798 391 823 τι
419 780 672 836 ἀρωματικὸν
701 776 827 833 εἶδος,
858 778 912 829 ὡς
949 781 1075 834 δῆλον
1113 779 1156 821 ἐκ
1186 786 1257 820 τοῦ
1287 776 1388 832 ὀσμὴ
1419 778 1587 832 λιβάνου

21 837 198 894 σμύρνης
226 840 406 893 καλάμου
435 839 631 888 στύρακος
661 839 811 883 λίνδου.
863 842 903 878 et
937 840 1065 887 1524,
1093 840 1141 878 12
1173 836 1305 884 λίνδος
1335 833 1522 889 ἀνθηρόν
1551 850 1588 875 τι

23 895 173 947 εὐῶδες
209 895 423 951 ὁμώνυμον
460 896 602 952 Λίνδῳ
642 901 689 951 τῇ
719 893 852 965 Ῥοδία
881 890 1005 939 πόλει.
1054 894 1201 947 μίνθος
1248 892 1291 934 δὲ
1334 891 1382 933 οὐ
1426 892 1586 941 πάντως

22 955 168 1009 κόπρος
209 953 236 1008 ἡ
278 948 386 1008 παρα
423 960 472 1009 τῇ
513 953 700 1008 κωμῳδίᾳ
740 966 821 1005 παρ
859 949 1070 1003 ὑπόνοιαν,
1109 948 1244 1004 ἀλλ’ἢ
1278 948 1467 1004 λεγομένη
1495 950 1586 990 δια-

21 1011 240 1065 λελυμένους
260 1011 334 1066 μὲν
353 1010 453 1052 καλὰ
473 1011 624 1063 μίνθη,
646 1008 852 1058 συνθέτως
882 1008 926 1049 δὲ
957 1008 1203 1060 καλαμίνθη.
1252 1007 1341 1061 περὶ
1371 1006 1416 1048 δὲ
1444 1007 1587 1048 κίνδου

24 1068 225 1123 ζητητέον.

110 1141 146 1179 1.
187 1134 551 1191 κυπαρισσορόφων
588 1137 777 1189 Casaub]
816 1131 1196 1188 κυπαρισσοτρόφων
1234 1136 1284 1174 A.
1384 1135 1421 1173 2.
1460 1148 1588 1184 μανη-

22 1206 128 1247 στειχ
175 1197 222 1237 A.
330 1198 368 1238 7.
415 1194 547 1246 φίδων
590 1196 638 1234 A.
757 1196 796 1234 9.
838 1189 976 1246 όίγγελ’
1024 1193 1075 1232 A.
1185 1193 1250 1231 12.
1293 1189 1499 1243 σπλάγχνα
1537 1193 1588 1231 A.

22 1251 202 1305 α’ίπτηται
237 1253 406 1294 Casaub.
493 1248 639 1304 χναῦμ’
672 1248 812 1304 Mein]
850 1264 984 1302 χναυω
1021 1250 1071 1290 A.
1165 1247 1383 1301 ἥρπασται]
1422 1246 1587 1299 ’ἤρτυται

22 1311 142 1351 Mein.
223 1312 289 1350 13.
311 1306 494 1362 ἐξῄρηται
513 1310 562 1352 A.
639 1311 701 1348 17.
735 1303 998 1360 ἐξερροιβδητ’
1018 1307 1066 1346 A.
1159 1308 1224 1346 18.
1260 1303 1418 1345 λέπεται
1447 1303 1588 1358 Mein]

23 1366 195 1408 λείπεται
225 1368 274 1407 A.
365 1369 429 1407 19.
460 1364 708 1406 κολασταίνει
739 1365 788 1405 Α.
866 1363 1082 1416 μειρακίων
1112 1360 1356 1415 Schweigh]
1386 1359 1590 1413 μειράκιον

22 1425 72 1465 A.
173 1426 239 1466 20.
279 1422 440 1472 πάντως
476 1424 629 1464 Iacobs.
660 1423 766 1462 Add.
802 1423 893 1462 Ath.
925 1422 1022 1461 212.
1072 1416 1192 1459 πάντ’
1217 1416 1295 1459 ἔστ’
1320 1417 1438 1458 ἔνδον
1469 1419 1588 1460 Dobr.

25 1483 93 1521 21.
123 1477 328 1533 μέμνησθ’
362 1483 412 1521 A.
501 1482 567 1522 22.
598 1473 715 1526 οὗτος
747 1478 914 1519 Casaub.
946 1479 995 1518 cf.
1028 1477 1164 1519 Cobet.
1195 1477 1244 1516 N.
1275 1478 1304 1516 l.
1339 1474 1437 1529 122]
1468 1461 1592 1523 αὐτὸς
1664 1472 1671 1479 ’

25 1540 75 1579 A.
105 1535 237 1586 αὕτως
268 1538 419 1579 Iacobs.
509 1539 575 1578 23.
608 1535 738 1588 δευρί·
769 1540 856 1583 πῶς
886 1534 1030 1586 Dobr.]
1064 1530 1176 1585 δεῦρ’
1201 1532 1323 1580 εἴπως
1354 1534 1436 1572 Α.·
1487 1529 1589 1572 αὐτα

26 1597 72 1635 Α.
160 1596 227 1635 24.
258 1591 416 1647 αὐτίκ’]
447 1589 572 1642 αὖθις
603 1594 723 1634 Mein.
755 1593 872 1632 Anal.
903 1592 999 1631 Ath.
1025 1593 1117 1633 174.
1207 1592 1275 1630 29.
1308 1588 1400 1628 ἐλάα
1430 1588 1588 1643 Dindfi]

26 1650 135 1691 ἐλαία
173 1654 220 1691 Α.
323 1653 390 1692 33.
431 1651 592 1702 φοξῖνος
628 1648 878 1702 Dalecamp]
917 1649 1124 1698 φυξικινος
1161 1648 1212 1687 A.
1314 1649 1379 1687 35.
1419 1645 1586 1698 θυννὶς]

25 1705 181 1756 θύννος
211 1710 248 1748 Α
281 1711 380 1749 301.
467 1707 611 1760 κωβίος
642 1709 678 1747 Α
701 1708 797 1747 301.
886 1702 1133 1757 ἠλακατῆνες
1165 1707 1200 1744 Α
1220 1704 1322 1756 301]
1352 1700 1589 1754 ἠλακατινος

26 1766 62 1805 Α
83 1767 180 1805 403.
270 1768 336 1806 36.
369 1761 534 1818 οὐραῖον
564 1766 599 1804 A
633 1766 712 1804 301
746 1765 787 1803 in
819 1763 1028 1804 Menandri
1058 1764 1111 1802 fr.
1133 1763 1214 1802 289
1246 1759 1388 1813 Mein.]
1421 1758 1590 1810 οὕραιον

25 1822 63 1863 A
93 1824 188 1863 403.
277 1821 488 1874 καρχάρων
516 1822 552 1861 Α
583 1822 677 1861 322.
765 1822 832 1860 37.
863 1825 1009 1870 σαῦρος
1042 1821 1077 1859 A
1107 1818 1209 1870 403]
1243 1817 1393 1870 σαυρός
1423 1819 1460 1857 A
1491 1819 1587 1857 322.

26 1882 93 1920 38.
124 1878 237 1927 συκὶς
269 1882 304 1918 Α
335 1881 429 1919 322.
524 1879 685 1931 βριγκος
716 1878 753 1916 Α
783 1876 884 1930 322]
925 1875 1084 1928 βρίγχος
1115 1876 1153 1914 Α
1182 1877 1279 1915 403.
1367 1876 1435 1914 40.
1467 1870 1588 1925 μύλος

24 1938 66 1976 in
96 1937 266 1987 Ephipp.
293 1938 344 1975 12
375 1937 412 1975 A
443 1937 537 1976 322.
569 1936 714 1986 μυλλος
745 1934 782 1972 Α
812 1935 907 1974 329.
938 1929 1082 1984 μυλλός
1113 1935 1149 1971 A
1181 1933 1278 1971 403.
1368 1931 1520 1981 σπάρος
1551 1932 1588 1970 A

26 1991 129 2045 329]
160 1991 286 2044 πάρος
317 1995 352 2032 A
376 1994 472 2034 322.
502 1989 652 2044 σπάρος
683 1986 826 2042 σκάρος
856 1990 894 2029 Α
913 1991 1010 2031 403.
1087 1991 1156 2030 41.
1187 1990 1341 2043 θραττα
1362 1989 1413 2027 A.
1444 1987 1588 2039 θρίττα

24 2050 198 2101 Ephipp.
224 2051 289 2090 12.
377 2051 444 2092 43.
475 2043 770 2088 πουλυπόδειον
799 2045 943 2100 Mein]
973 2045 1217 2086 πολυπόδιον
1246 2046 1297 2085 Α.
1387 2040 1508 2096 ὀρφὸς
1538 2045 1586 2084 A.

24 2108 93 2147 45.
124 2105 268 2159 ἄρκτος
299 2106 438 2158 Mein]
471 2103 610 2156 άρκτοι
639 2106 688 2145 A.
749 2105 815 2144 53.
847 2102 977 2154 τέμνει
1007 2117 1084 2144 om.
1115 2103 1229 2142 Eust.
1292 2099 1399 2141 δεύει
1428 2099 1588 2156 Dindf]

29 2160 112 2202 εὕει
133 2163 163 2203 C
185 2177 275 2204 cum
296 2164 410 2203 Eust.
445 2177 526 2203 ευει
546 2163 597 2202 Α.
678 2163 746 2202 56.
776 2158 922 2214 ἀγαναὶ
949 2158 1121 2214 Iacobs]
1152 2157 1257 2212 ἄγαν
1283 2159 1329 2199 αἱ
1339 2158 1395 2198 ·A.
1484 2160 1596 2211 βινεῖ

27 2239 68 2277 et
97 2237 149 2276 57
182 2240 307 2276 νεῖται
336 2239 499 2278 seclusit
530 2237 648 2276 Mein.
729 2237 795 2275 57.
826 2219 955 2282 μολπιά
994 2217 1144 2287 κλαγγά
1174 2235 1225 2274 Α.
1258 2227 1421 2283 θράττει
1450 2246 1524 2273 om.
1558 2234 1588 2273 C

28 2323 118 2350 cum
137 2311 250 2351 Eust.
339 2312 407 2352 58.
436 2294 589 2362 nodossv
609 2314 651 2350 ot
671 2312 723 2350 59
745 2293 816 2362 γ’άς
838 2310 886 2347 A.
955 2306 1081 2360 κούρα
1103 2331 1153 2337 -
1179 2304 1282 2362 ὀσμῇ
1313 2312 1437 2361 σεμνῇ
1467 2308 1588 2346 Mein.

29 2368 146 2406 Anal.
169 2368 263 2406 Ath.
288 2369 382 2407 175.
433 2368 567 2407 malim
597 2365 725 2418 αὔρα
755 2365 898 2412 κασίας
928 2361 1162 2419 δ’-ὀσμῇ
1183 2368 1322 2417 σεμνῇ
1342 2365 1424 2403 κτλ.
1519 2364 1586 2402 59.

26 2420 166 2476 ἁγίας]
194 2420 327 2471 Ἀσίας
356 2425 583 2475 Dalecamp.
675 2425 742 2462 61.
774 2421 904 2474 μάρου
934 2419 1179 2474 ΒοῙοώωρ]
1209 2426 1363 2472 μακροῦ
1393 2420 1444 2459 Α.
1520 2422 1587 2460 62.

27 2478 156 2532 βάρου
176 2478 334 2533 Dindf.]
364 2478 431 2520 καὶ
450 2480 577 2532 βαρου
599 2480 648 2521 A.
679 2493 758 2519 om.
781 2479 811 2518 C
833 2492 922 2518 cum
942 2479 1055 2517 Eust.
1135 2481 1200 2518 63.
1233 2476 1370 2516 λινδου
1400 2477 1450 2515 Α.
1531 2490 1587 2515 κι-

29 2539 136 2576 σθοῦ
167 2535 216 2589 L]
246 2541 397 2587 μισθου
428 2539 477 2577 A.
566 2539 633 2576 65.
664 2531 974 2585 άναμέστους
1005 2535 1054 2577 Κ.

142 2618 232 2644 erus
270 2618 428 2645 servum
468 2619 549 2645 non
587 2606 787 2644 attentum
826 2607 868 2643 et
897 2604 1176 2654 indiligentem
1207 2603 1378 2652 repetita
1407 2603 1587 2642 admoni-

29 2663 136 2702 tione
167 2663 363 2713 castigans
395 2662 446 2701 ad
476 2662 703 2701 invitandos
734 2662 920 2701 convivas
951 2661 1090 2700 mittit.
1182 2663 1216 2699 1.
1247 2660 1392 2698 Athen.
1417 2660 1455 2706 5,
1475 2660 1588 2698 207e

30 2716 122 2765 τοὺς
161 2717 314 2768 τοίχους
351 2714 388 2757 δ’
420 2712 496 2767 εἶχε
537 2718 667 2768 (navis
697 2715 902 2772 Hieronis)
941 2714 1007 2755 καὶ
1045 2715 1118 2767 τὴν
1147 2711 1298 2768 ὀροφὴν
1329 2714 1586 2765 κυπαρίττου.

32 2777 71 2814 3.
106 2776 154 2813 de
183 2775 343 2814 Hamis
372 2775 422 2813 cf.
453 2775 634 2813 Bursian.
667 2774 810 2826 Geogr.
841 2775 942 2825 gr.I
976 2775 1069 2813 286.
1094 2775 1132 2812 7.
1186 2773 1420 2823 Harpocrat.
1448 2769 1595 2822 Ἑρμαῖ

41 2862 49 2870 .
70 2862 78 2870 .
98 2861 106 2870 .
126 2832 341 2881 Μενεκλῆς
371 2827 399 2881 ἢ
429 2830 716 2882 Καλλίστρατος
749 2829 794 2870 ἐν
823 2836 877 2885 τῷ
906 2828 994 2881 περὶ
1020 2826 1252 2880 Ἀθηναίων
1280 2825 1423 2880 γράφει
1453 2828 1585 2868 ταυτί·

33 2884 136 2927 τάπὸ
165 2885 239 2940 γὰρ
270 2891 338 2940 τῆς
369 2886 563 2937 Ποικίλης
593 2885 660 2926 καὶ
688 2892 759 2939 τῆς
790 2892 859 2927 τοῦ
889 2884 1080 2939 βασιλέως
1114 2890 1232 2933 στοᾶς
1263 2885 1361 2925 εἰσὶν
1390 2885 1431 2924 οἷ
1449 2882 1594 2938 Ἑρμαῖ
