1806 3216
178 213 262 255 504
798 209 1098 243 ΦΙΛΗΜοΝοΣ

395 310 546 364 ὥσπερ
576 308 626 352 τὸ
656 309 768 351 κατὰ
797 308 926 364 χρέος
955 309 1206 363 κεφάλαιον
1238 310 1402 352 ἐκτίνει

327 389 367 420 10
396 377 446 421 τὸ
478 379 673 432 σπέρμα,
705 377 811 426 τοὺς
840 377 1002 426 τόκους
1031 375 1073 418 δ’
1097 374 1415 431 άνευρίσκουσ’
1440 374 1509 419 ἀεὶ

396 445 632 501 πρόφασίν
661 443 746 486 τιν’
770 441 941 499 αὐχμὸν
969 443 999 499 ἦ
1029 444 1204 499 πάχνην
1235 443 1483 500 ἀποστερεῖ,

396 515 470 555 καὶ
501 513 554 569 δὴ
587 512 724 568 τυχὸν
753 512 836 566 μὲν
866 510 940 554 διὰ
970 511 1019 553 τὸ
1049 512 1259 566 παρέχειν
1290 507 1527 568 πράγματα

397 583 566 636 μόνους
596 581 730 637 ἑαυτῇ
762 579 836 622 καὶ
866 587 1012 622 ποιεῖν
1042 578 1161 624 τᾶνω
1192 581 1312 622 κάτω

399 651 568 704 ταύτην
599 646 707 704 παρ’
729 646 856 703 ἡμῶν
886 647 1105 702 λαμβάνει
1135 650 1366 703 τιμωρίαν.

300 744 496 783 Stobaeus
526 744 663 782 Floril.
696 743 767 789 98,
793 744 841 781 17
873 740 1095 791 Φιλήμονος
1125 742 1176 780 A.
1266 744 1303 781 7.
1334 743 1513 782 lacunam
1543 745 1734 785 indicavit

187 802 303 840 Mein.
392 802 430 839 9.
461 796 610 850 ὥσπερ]
642 795 738 850 ὅπερ
769 799 813 837 Β.
902 811 938 836 τι
966 795 1191 849 κατάχρεων
1220 799 1339 838 Mein.
1370 799 1564 840 Stob.111
1592 815 1733 844 xxxlx.

184 861 250 897 10.
292 852 570 906 ἆνευρίσκουσ’
605 855 773 906 Gesner]
815 851 1055 902 εὖρίσκουσῖ
1155 857 1221 894 11.
1254 851 1477 924 ἀποστερεῖ]
1507 853 1734 898 ἀποστέλλει

181 915 272 952 ΑΒ.
363 914 427 952 12.
459 910 508 962 δὴ
540 925 619 951 om.
652 913 743 951 AB.
833 913 897 950 13.
930 909 1050 964 ἑαυτῇ
1082 910 1262 963 Grobius]
1295 909 1336 950 ἐν
1366 908 1479 967 αὐτῇ.
1527 912 1650 968 ταύτῃ
1680 916 1732 954 A.

296 972 319 1008 5
337 983 397 1020 sq.
431 970 650 1008 ‘sententia
679 970 773 1007 haec
803 971 882 1007 est:
915 972 956 1006 et
985 969 1148 1017 reliquis
1179 969 1340 1018 quidem
1369 971 1606 1010 animalibus
1628 976 1734 1011 terra

184 1027 426 1065 cotidianum
457 1027 607 1065 victum
638 1026 867 1075 suppeditat.
896 1026 1008 1063 nullo
1040 1025 1187 1063 semine
1217 1028 1410 1075 creatum;
1441 1027 1556 1066 nobis
1587 1031 1733 1079 autem,

185 1085 342 1122 etiamsi
380 1083 549 1121 multum
588 1083 750 1121 seminis
779 1082 996 1131 acceperit,
1037 1082 1255 1131 aegerrime
1286 1083 1325 1120 id
1355 1084 1488 1132 ipsum
1517 1085 1732 1134 rependit-⁹

183 1140 301 1178 Mein.
341 1140 472 1189 itaque
502 1152 602 1188 quae
633 1139 865 1177 exciderunt
886 1139 940 1177 sic
962 1139 1042 1176 fere
1063 1139 1220 1188 expleas
1240 1135 1287 1176 οὐ
1311 1139 1488 1190 λαβοῦσα
1517 1138 1734 1192 σπέρμα-

182 1209 260 1242 τος
288 1194 292 1248 ἱ
319 1192 486 1245 οὐδέν,
516 1194 712 1246 βροτοῖς
744 1192 795 1232 δὲ
825 1192 947 1232 πολὺ
979 1193 1196 1243 λαβοῦσα
1226 1193 1335 1234 πάνυ
1365 1194 1476 1245 μόλις
1504 1198 1601 1247 κτλ.,
1630 1199 1735 1237 unde

183 1253 300 1291 etiam
340 1265 457 1291 eausa
496 1265 564 1291 cur
603 1252 819 1291 exciderint
855 1252 1121 1302 cognoscitur.
1232 1254 1296 1292 10.
1329 1254 1483 1292 confert
1512 1255 1736 1307 Meinekius

183 1309 320 1348 Horat.
355 1309 398 1348 C.
431 1310 470 1358 3,
494 1311 532 1360 1,
556 1310 610 1349 30
630 1321 689 1358 sq.

933 1361 988 1403 89

404 1443 449 1483 τί
476 1455 582 1483 ποτε
613 1441 908 1496 Προμηθεύς,
940 1437 995 1482 ὃν
1025 1438 1203 1494 λέγουσ’
1225 1438 1339 1496 ἡμᾶς
1367 1441 1535 1486 πλάσαι

405 1525 478 1551 και
509 1507 649 1550 τάλλα
680 1507 824 1550 πάντα
855 1510 966 1563 ζῷα,
998 1515 1090 1557 τοῖς
1119 1508 1202 1562 μὲν
1232 1511 1411 1564 θηρίοις

407 1571 534 1630 ἔδωχ’
559 1575 730 1632 ἑκάστῳ
762 1571 873 1618 κατὰ
902 1576 1032 1630 γένος
1060 1577 1168 1630 μίαν
1199 1577 1362 1631 φύσιν;

406 1643 602 1694 άπαντες
632 1645 680 1685 οἱ
705 1641 879 1692 λέοντές
910 1644 1024 1686 εἰσιν
1054 1642 1254 1699 ἄλκιμοι,

353 1722 373 1752 5
406 1710 545 1754 δειλοὶ
576 1713 715 1754 πάλιν
746 1711 844 1766 ἑξῆς
873 1711 1037 1761 πάντες
1068 1710 1183 1754 εἰσὶν
1213 1712 1260 1754 οἱ
1286 1713 1419 1770 λαγῴ.

407 1777 488 1822 οὐκ
520 1777 611 1821 ἔστ’
635 1777 816 1833 άλσόπηξ
847 1778 874 1834 ἡ
905 1778 989 1833 μὲν
1019 1782 1156 1834 εἴρων
1185 1780 1240 1835 τῇ
1268 1781 1405 1835 φύσει

404 1846 431 1902 ἡ
463 1844 505 1888 δ’
530 1844 830 1902 αὐθέκαστος,
863 1845 962 1889 ἀλλ’
987 1845 1067 1889 ἐὰν
1098 1850 1363 1903 τρισμυρίας

407 1910 642 1964 ἆλσόπεκάς
671 1931 736 1965 τις
767 1914 1023 1970 συναγάγῃ,
1054 1917 1162 1970 μίαν
1193 1915 1336 1969 φύσιν

406 1980 712 2034 ἁπαξαπασῶν
742 1981 899 2034 ὄψεται
928 1984 1100 2038 τρόπον
1127 1981 1178 2026 θ’
1199 1982 1291 2027 ἕνα.

334 2061 373 2091 10
401 2049 531 2105 ἡμῶν
562 2048 607 2092 δ’
630 2049 711 2093 ὅσα
741 2049 817 2093 καὶ
845 2047 898 2092 τὰ
930 2049 1101 2105 σώματ’
1125 2050 1219 2093 ἐστὶ
1249 2050 1332 2095 τὸν
1362 2050 1561 2108 άριθμὸν

408 2117 516 2161 καθ’
539 2118 660 2173 ἑνός,
691 2117 937 2167 τοσούτους
968 2119 1060 2160 ἔστι
1091 2118 1163 2160 καὶ
1195 2117 1391 2174 τρόπους
1421 2121 1547 2163 ἰδεῖν.

299 2213 493 2252 Stobaeus
523 2212 660 2251 Floril.
694 2213 732 2263 2,
756 2213 807 2251 27
839 2208 1061 2262 Φιλήμονος
1091 2212 1139 2251 Α.
1202 2214 1239 2254 1.
1271 2209 1374 2251 ποθ’
1397 2209 1418 2252 ὅ
1450 2215 1500 2254 A.
1560 2216 1599 2255 5.
1632 2211 1739 2270 λαγώ

186 2267 324 2320 Mein.]
358 2268 481 2320 λαγοί.
530 2267 678 2320 λαγωοί
705 2271 754 2307 A.
845 2270 883 2307 9.
922 2264 1196 2316 ἁπαξαπασῶν
1234 2270 1318 2309 cod.
1349 2271 1469 2311 Marc.
1500 2284 1561 2322 ap.
1595 2255 1738 2324 Mein.]

185 2322 453 2373 ἁπαξάπασιν.
544 2328 609 2367 11.
640 2322 739 2363 καθ’
765 2322 834 2364 ἕνα
865 2322 1077 2372 τοσούτους
1107 2326 1228 2365 Mein.

298 2383 335 2420 5.
367 2382 454 2432 Iph.
479 2383 524 2420 A.
547 2383 625 2421 341
659 2375 795 2428 διδοὺς
825 2378 1044 2450 πρόσρησιν
1075 2379 1164 2433 ἑξῆς
1194 2387 1330 2422 πᾶσιν.
1376 2383 1501 2423 Arist.
1522 2384 1628 2424 Eecl.
1653 2385 1750 2424 638

186 2437 275 2489 ἑξῆς
314 2436 382 2476 τὸν
419 2437 512 2490 (scr.
544 2436 648 2491 τότε)
677 2435 807 2477 πάντα
835 2437 1010 2490 γέροντα.
1062 2439 1200 2489 Eurip.
1231 2440 1280 2479 fr.
1313 2440 1394 2478 658
1424 2440 1476 2479 N.
1509 2439 1668 2488 πάσας.

184 2497 379 2547 γυναῖκας
411 2492 509 2545 ἑξῆς
557 2495 999 2534 Plat.Theaet.152e
1022 2497 1137 2535 193b
1167 2490 1310 2542 πάντες
1341 2493 1443 2547 ἑξῆς.
1488 2498 1607 2537 attuli
1636 2498 1732 2537 haec

184 2554 347 2603 propter
377 2551 425 2593 Gr.
447 2552 495 2592 A.
519 2552 718 2602 Hirschig.
750 2552 854 2590 Ann.
889 2553 976 2591 crit.
1001 2554 1063 2591 19.
1161 2554 1197 2590 7.
1236 2548 1506 2604 αὐθέκαστος,
1537 2555 1733 2604 ‘simplem

186 2609 377 2648 candida'
411 2609 530 2648 Mein.
581 2610 631 2647 cf.
664 2609 943 2659 Wyttenbach.
976 2607 1082 2647 Plut.
1114 2609 1213 2648 Mor.
1238 2610 1286 2647 11
1299 2621 1334 2647 e.

937 2718 992 2760 90

355 2788 485 2841 μείζω
515 2784 568 2829 τά
600 2787 714 2829 κακὰ
745 2789 928 2829 ποιοῦσι
959 2788 1139 2841 πολλοί,
1171 2785 1386 2842 δέσποτα,

357 2852 483 2896 αὐτοὶ
514 2853 573 2896 δι’
597 2850 763 2904 αὐτούς
789 2850 819 2909 ἢ
849 2854 1022 2908 πέφυκε
1051 2856 1105 2909 τῇ
1136 2854 1282 2908 φύσει,
