1890 3190
546 207 911 242 ΜΙΣΟΠΟΝΗΡΟΣ
935 226 981 232 -
1004 207 1193 241 ΜΤΣΤΙΣ
1603 206 1654 248 ’Π

294 307 457 366 τούτῳ·
491 309 679 363 κομίσας
708 306 753 350 δ’
776 307 988 363 ἐξέβαλεν
1026 342 1034 351 .
1083 342 1092 351 .
1131 308 1288 351 οἶκαδε

224 385 267 419 10
295 374 379 433 τὴν
409 383 573 432 πεῖραν
604 377 656 419 ἐν
685 377 742 432 τῇ
771 375 863 430 ῥινὶ
892 379 971 432 τῆς
1000 375 1143 432 ὀσμῆς
1173 375 1339 431 λαβών.

202 471 434 511 Athenaeus
464 473 502 521 6,
525 470 606 509 225
619 470 676 510 de
712 483 770 509 οτι
808 466 852 509 δὲ
887 468 955 509 καὶ
995 468 1159 522 νεκροὺς
1190 472 1367 510 πωλοῦσι
1408 467 1501 518 τοὺς
1532 470 1654 522 ἰχθῦς

55 526 57 530 ’
86 525 155 569 καὶ
184 527 427 579 σεσηπότας,
466 525 762 578 ἐπισημαίνεται
800 522 822 566 ὁ
848 523 1092 578 Ἀντιφάνης
1123 524 1168 566 ἕν
1198 528 1374 579 Μοιχοῖς
1404 524 1471 566 διὰ
1501 525 1655 567 τούτων

61 586 169 625 ‘ut-tl.
244 599 283 625 v.
295 586 336 625 2.
346 586 371 625 3
392 585 577 625 Eustath.
613 585 734 631 1179,
758 585 810 623 36
841 580 1022 636 ἀποχρῆν
1051 598 1213 636 ευρηται
1245 581 1290 622 ἐν
1319 586 1402 631 τοῖς
1432 589 1503 623 τοῦ
1527 577 1654 636 ’-Αθη

91 640 221 693 ναίον,
252 636 338 681 οἷον
367 641 419 696 τῷ
448 637 524 694 γὰρ
552 633 607 692 μὴ
627 662 679 670 -
701 635 856 680 ἆλοῦσι.
944 640 997 695 τῷ
1026 638 1080 693 μὴ
1111 638 1185 693 γὰρ
1214 641 1396 680 Erfurdt.
1430 640 1526 681 Obs.
1548 639 1652 695 455]

56 742 64 749 ,
88 695 132 738 τὸ
159 696 238 751 γαρ
265 696 319 750 μὴ
350 699 400 738 A
490 701 530 738 7.
561 695 633 737 ἐάν
663 698 830 738 Porsen.
853 698 958 738 Adv.
981 696 1058 751 50]
1088 695 1145 737 ἄν
1172 698 1222 737 A.
1311 698 1350 737 8.
1383 694 1526 737 ἔδοσαν
1555 699 1653 738 Her-

68 755 208 796 ·werd.
238 755 388 796 Mnem.
420 769 514 796 nov.
537 754 595 794 VI
626 752 700 807 63]
733 751 888 794 ἔδωκαν
917 756 967 796 A.
1077 757 1142 795 10.
1177 750 1305 806 ὀσμῆς
1336 745 1482 808 Mein]
1512 751 1651 806 ὀδμῆς.

50 850 52 852 .
199 814 243 852 2.
272 812 348 866 ετῷ
375 808 430 863 μὴ
459 809 641 864 ἀποχρῆν
669 813 695 851 i.
714 824 752 879 q.
784 809 851 850 διὰ
882 809 925 850 τὸ
954 809 1008 863 μὴ
1027 807 1239 864 ἅποχρῆνζ
1272 812 1392 852 Mein.
1480 813 1519 850 4.
1553 811 1653 852 G'or-

54 880 57 881 ’
85 869 174 921 Βίας
212 869 415 910 ‘vultures
446 865 651 920 ἐμψύχους
682 865 860 918 τάφους’
892 869 1050 909 dicebat
1081 865 1295 922 [Longin]
1325 868 1385 908 De
1415 869 1518 908 subl.
1550 871 1590 920 3,
1612 871 1653 909 2.

50 931 51 934 ’
88 926 210 966 Mein.
299 928 337 966 9.
369 924 507 965 οἴκαδε
537 939 627 966 eum
656 924 821 977 κομίσας
852 926 1182 989 coniungendum
1203 928 1277 965 est.
1323 926 1470 965 excidit
1500 929 1646 977 autem,

85 985 133 1022 ut
162 997 198 1025 v.
219 984 246 1022 4
276 986 317 1022 et
347 983 372 1022 8
403 986 639 1034 monstrant,
670 984 773 1023 nihil
805 983 914 1022 aliud
943 996 1063 1034 quam
1092 977 1326 1032 ἀτάφους.

778 1106 959 1140 ΜΤΛΩΝ

40 1233 44 1242 ,
204 1188 237 1228 Ι.
259 1201 294 1228 e.
318 1190 548 1238 pistrinum.
599 1187 826 1238 ‘compares
855 1188 1116 1238 Eryastulwm
1145 1188 1387 1238 Pomponii?
1428 1189 1601 1228 Meinek.
1633 1189 1653 1228 I

43 1260 53 1271 ·
90 1245 186 1284 325.
251 1244 299 1284 O.
328 1245 520 1285 Ribbeck.
551 1244 661 1285 Com.
693 1245 806 1284 Rom.
836 1242 907 1286 fr.²
939 1245 1034 1284 232.
1099 1245 1353 1285 scribendum
1394 1247 1526 1285 autem
1571 1259 1653 1285 ιιοιι

45 1327 57 1345 ς
85 1295 240 1352 μύλων,
271 1302 378 1352 quod
405 1315 615 1353 perperam
645 1302 730 1352 ipso
761 1314 919 1352 quoque
949 1302 992 1340 in
1020 1301 1222 1342 volumine
1251 1302 1381 1352 primo
1411 1303 1653 1353 aliquotiens

43 1406 46 1411 .
90 1358 246 1409 reliqui,
277 1359 348 1398 sed
375 1357 525 1410 μυλῶν.
850 1412 906 1454 62

356 1493 599 1547 βυβλιδίου
631 1486 835 1548 κ’όλλημα

37 1567 43 1635 j
85 1629 112 1681 β
127 1630 177 1683 βι
195 1569 439 1626 Ἀντιφάνης
471 1572 516 1614 ἐν
545 1578 598 1629 τῷ
629 1574 804 1614 Μυλῶνι
833 1573 979 1626 εἴρηκε-
1011 1575 1156 1615 ponux
1185 1577 1222 1626 ⁷,
1246 1577 1342 1614 21¹·
1429 1575 1547 1628 βυβλ·
1580 1574 1649 1629 K]

40 1659 42 1661 .
114 1645 127 1670 fl
182 1662 190 1670 ,
1107 1648 1118 1656 .

42 1684 49 1747 ⁷.
766 1678 968 1745 ,ΜΤΣΤΙΣ

196 1791 281 1830 Aut
300 1803 456 1831 nomen
485 1792 691 1842 proprium
720 1794 791 1831 aut
820 1805 843 1830 a
870 1785 1021 1843 μύστης
1051 1791 1278 1832 derivatum
1309 1793 1382 1831 est.
1428 1792 1478 1832 cf.
1499 1794 1647 1844 163,4.

824 1890 905 1933 163

289 1969 348 2013 σύ
379 1968 423 2012 δ’
445 1968 560 2013 ἀλλὰ
590 1974 709 2013 πῖθι.
762 1972 814 2013 Β.
848 1972 983 2013 τοῦτο
1012 1970 1096 2025 μέν
1127 1980 1199 2013 σοι
1229 1971 1462 2025 πείσομαι·

286 2035 363 2080 καὶ
391 2037 768 2094 γάρ-ἑπαγωγόν,
799 2030 836 2081 ὦ
864 2040 989 2093 θεοί,
1020 2036 1071 2081 τὸ
1103 2039 1250 2094 σχῆμά
1282 2052 1377 2088 πως

269 2108 366 2161 7τῆς
394 2105 579 2156 κύλικός
609 2106 732 2150 ἐστιν
763 2104 891 2158 ἄξιόν
919 2122 967 2149 τε
997 2108 1080 2149 τοῦ
1109 2107 1269 2156 κλέους

285 2176 368 2217 τοῦ
398 2176 476 2230 τῆς
505 2173 673 2231 ἑορτῆς.
726 2166 782 2217 οὗ
811 2174 895 2230 μὲν,
923 2167 1038 2231 ἦμεν
1068 2173 1171 2231 ἄρτι
1200 2172 1290 2230 γὰρ

238 2250 259 2283 5
291 2240 336 2293 ἐξ
368 2239 630 2297 ὀξυβαφίων
659 2245 895 2299 κεραμεῶν
926 2243 1161 2299 ἐπίνομεν·

287 2308 432 2366 τούτῳ
463 2311 535 2365 δέ,
566 2309 744 2365 τέκνον,
774 2309 919 2353 πολλὰ
948 2309 1119 2366 κάγάθ’
1144 2311 1191 2354 oc
1216 2310 1318 2354 θεοὶ

287 2379 350 2435 τῷ
381 2379 642 2435 δημιουργῷ
672 2378 812 2433 δοῖεν,
844 2376 894 2429 ὃς
924 2378 1109 2435 ἐποίησέ
1135 2390 1211 2434 σε,

286 2448 365 2501 τῆς
394 2448 668 2502 συμμετρίας
697 2447 773 2489 καὶ
802 2448 879 2502 τῆς
909 2444 1122 2506 ἀφελείας
1152 2447 1316 2490 εἵνεκα

39 2572 44 2588 ν
199 2529 429 2569 Athenaeus
462 2530 527 2580 10,
549 2530 632 2569 446
649 2530 704 2569 bc
738 2525 982 2579 Ἀντιφάνης
1012 2527 1057 2569 ἐν
1086 2527 1271 2569 Μύστιδι
1301 2532 1382 2570 κτλ.
1442 2531 1548 2570 idem
1580 2534 1645 2582 11,

49 2588 53 2595 ‘
83 2587 165 2626 494
179 2586 233 2626 ed
262 2582 324 2624 ὀτι
355 2581 394 2622 δ’
413 2583 493 2624 ἐστὶ
514 2583 558 2624 τὸ
578 2581 785 2638 ὀξύβαφον
805 2580 907 2633 εἶδος
927 2583 1089 2634 κύλικος
1108 2586 1251 2640 μικρᾶς
1268 2587 1475 2639 κεραμεᾶς,
1507 2593 1648 2638 σαφως

30 2650 46 2697 ’ᾗ
83 2641 322 2695 παρίστησιν
348 2638 590 2693 Ἀντιφάνης
629 2640 674 2682 ἕν
704 2640 886 2682 Μύστιδι
923 2640 990 2682 δια
1029 2639 1197 2683 τούτων·
1237 2649 1392 2697 γραῦς
1430 2642 1533 2682 ἐστι
1561 2643 1646 2694 φί-

30 2690 53 2747 ’,ξ
83 2701 278 2750 λοινος,
310 2695 587 2738 ἐπαινοῦσα
617 2697 794 2738 κύλικα
822 2697 1043 2766 μεγαλην
1070 2699 1151 2740 καὶ
1180 2697 1562 2748 ἐξευτελίζουσα
1592 2699 1644 2740 τὸ

28 2749 35 2773 ”
82 2752 344 2807 ὀξύβαφον
375 2752 467 2824 (τὴν
495 2753 640 2794 κύλικα
669 2752 726 2810 A)
755 2752 819 2803 ὥς
849 2752 1022 2809 βραχύ.
1082 2755 1260 2803 εἰπόντος
1297 2770 1374 2795 ουν
1411 2770 1519 2804 τινος
1548 2756 1647 2809 πρὸς

39 2845 58 2852 ι
82 2807 385 2919 ἰκῦτήνῙΟσὲΊὸ
408 2808 505 2851 ἀλλὰ
535 2807 648 2850 πὶθι’
680 2809 781 2864 λέγει
810 2817 926 2852 τοῦτο
954 2811 1029 2865 μέν
1056 2815 1136 2854 κτλ.
1176 2827 1214 2853 v.
1238 2815 1262 2852 5
1293 2814 1473 2853 adfertur
1500 2828 1525 2854 a
1555 2815 1644 2855 Pol-

56 2886 59 2892 ·
99 2882 170 2910 nce
