<?xml version="1.0" encoding="UTF-8"?>
<!DOCTYPE html PUBLIC "-//W3C//DTD XHTML 1.0 Transitional//EN"
    "http://www.w3.org/TR/xhtml1/DTD/xhtml1-transitional.dtd">
<html xmlns="http://www.w3.org/1999/xhtml" xml:lang="en" lang="en">
 <head>
  <title>
</title>
<meta http-equiv="Content-Type" content="text/html;charset=utf-8" />
  <meta name='ocr-system' content='tesseract 3.04.00' />
  <meta name='ocr-capabilities' content='ocr_page ocr_carea ocr_par ocr_line ocrx_word'/>
</head>
<body>
  <div class='ocr_page' id='page_1' title='image "./comicorumatticor02kockuoft_0551.png"; bbox 0 0 1806 3216; ppageno 0'>
   <div class='ocr_carea' id='block_1_1' title="bbox 0 0 1625 189">
    <p class='ocr_par' dir='ltr' id='par_1_1' title="bbox 0 0 1625 189">
     <span class='ocr_line' id='line_1_1' title="bbox 0 0 1625 189; baseline -0.001 -6"><span class='ocrx_word' id='word_1_1' title='bbox 0 0 54 183; x_wconf 50' lang='grc' dir='ltr'><em>ἶ</em></span> <span class='ocrx_word' id='word_1_2' title='bbox 488 148 748 185; x_wconf 77' lang='grc' dir='ltr'><strong>ΑΝΔΓΤΡΟΣ</strong></span> <span class='ocrx_word' id='word_1_3' title='bbox 773 167 817 173; x_wconf 89' lang='grc'><strong>-</strong></span> <span class='ocrx_word' id='word_1_4' title='bbox 840 148 1176 183; x_wconf 78' lang='grc' dir='ltr'>ΔΠΟΛῙΠΟΤΣΑ</span> <span class='ocrx_word' id='word_1_5' title='bbox 1540 146 1625 189; x_wconf 79' lang='grc'><strong><em>545</em></strong></span> 
     </span>
    </p>
   </div>
   <div class='ocr_carea' id='block_1_2' title="bbox 0 186 6 244">
    <p class='ocr_par' dir='ltr' id='par_1_2' title="bbox 0 186 6 244">
     <span class='ocr_line' id='line_1_2' title="bbox 0 186 6 218; baseline 0 0"><span class='ocrx_word' id='word_1_6' title='bbox 0 186 6 218; x_wconf 64' lang='lat'><strong><em>⁵,</em></strong></span> 
     </span>
     <span class='ocr_line' id='line_1_3' title="bbox 0 230 5 244; baseline 0 0"><span class='ocrx_word' id='word_1_7' title='bbox 0 230 5 244; x_wconf 84' lang='grc' dir='ltr'><strong><em>ι</em></strong></span> 
     </span>
    </p>
   </div>
   <div class='ocr_carea' id='block_1_3' title="bbox 673 251 1007 286">
    <p class='ocr_par' dir='ltr' id='par_1_3' title="bbox 673 251 1007 286">
     <span class='ocr_line' id='line_1_4' title="bbox 673 251 1007 286; baseline -0.003 -1"><span class='ocrx_word' id='word_1_8' title='bbox 673 251 1007 286; x_wconf 80' lang='grc' dir='ltr'>ΑΠΟΛῙΠΟΤΣΔ</span> 
     </span>
    </p>
   </div>
   <div class='ocr_carea' id='block_1_4' title="bbox 54 309 1624 452">
    <p class='ocr_par' dir='ltr' id='par_1_4' title="bbox 54 309 1624 452">
     <span class='ocr_line' id='line_1_5' title="bbox 171 309 1624 361; baseline -0.001 -11"><span class='ocrx_word' id='word_1_9' title='bbox 171 309 206 351; x_wconf 86' lang='grc' dir='ltr'><strong><em>Ι.</em></strong></span> <span class='ocrx_word' id='word_1_10' title='bbox 228 323 264 350; x_wconf 84' lang='grc' dir='ltr'><strong><em>ο.</em></strong></span> <span class='ocrx_word' id='word_1_11' title='bbox 297 310 440 351; x_wconf 79' lang='lat' dir='ltr'><strong>mulier</strong></span> <span class='ocrx_word' id='word_1_12' title='bbox 468 323 569 361; x_wconf 73' lang='lat' dir='ltr'><strong>quae</strong></span> <span class='ocrx_word' id='word_1_13' title='bbox 600 310 786 350; x_wconf 72' lang='lat' dir='ltr'><strong>maritum</strong></span> <span class='ocrx_word' id='word_1_14' title='bbox 817 310 1005 351; x_wconf 73' lang='lat' dir='ltr'><strong>deseruit.</strong></span> <span class='ocrx_word' id='word_1_15' title='bbox 1057 310 1229 352; x_wconf 78' lang='lat' dir='ltr'><strong>Meinek.</strong></span> <span class='ocrx_word' id='word_1_16' title='bbox 1260 309 1279 348; x_wconf 92' lang='grc' dir='ltr'>Ι</span> <span class='ocrx_word' id='word_1_17' title='bbox 1309 311 1407 349; x_wconf 87' lang='grc'><strong><em>452.</em></strong></span> <span class='ocrx_word' id='word_1_18' title='bbox 1456 309 1624 349; x_wconf 73' lang='lat' dir='ltr'><strong>fortasse</strong></span> 
     </span>
     <span class='ocr_line' id='line_1_6' title="bbox 54 362 863 452; baseline -0.002 -45"><span class='ocrx_word' id='word_1_19' title='bbox 54 366 204 409; x_wconf 73' lang='lat' dir='ltr'><strong><em>rectius</em></strong></span> <span class='ocrx_word' id='word_1_20' title='bbox 230 362 530 407; x_wconf 75' lang='grc' dir='ltr'><strong><em>Ἀπολείπουσα.</em></strong></span> <span class='ocrx_word' id='word_1_21' title='bbox 814 409 863 452; x_wconf 69' lang='lat'><strong><em>17</em></strong></span> 
     </span>
    </p>
   </div>
   <div class='ocr_carea' id='block_1_5' title="bbox 159 475 1465 1491">
    <p class='ocr_par' dir='ltr' id='par_1_5' title="bbox 229 475 1170 533">
     <span class='ocr_line' id='line_1_7' title="bbox 229 475 1170 533; baseline -0.002 -12"><span class='ocrx_word' id='word_1_22' title='bbox 229 479 365 521; x_wconf 87' lang='grc' dir='ltr'><strong><em>πόσοι</em></strong></span> <span class='ocrx_word' id='word_1_23' title='bbox 395 475 446 520; x_wconf 82' lang='grc' dir='ltr'><strong><em>τὸ</em></strong></span> <span class='ocrx_word' id='word_1_24' title='bbox 476 476 652 532; x_wconf 85' lang='grc' dir='ltr'><strong><em>πλῆθός</em></strong></span> <span class='ocrx_word' id='word_1_25' title='bbox 683 478 800 520; x_wconf 81' lang='grc' dir='ltr'><strong><em>εἰσιν</em></strong></span> <span class='ocrx_word' id='word_1_26' title='bbox 832 477 879 519; x_wconf 83' lang='grc' dir='ltr'><strong><em>οί</em></strong></span> <span class='ocrx_word' id='word_1_27' title='bbox 903 477 1170 533; x_wconf 80' lang='grc' dir='ltr'><strong><em>κεκλημένοι</em></strong></span> 
     </span>
    </p>

    <p class='ocr_par' dir='ltr' id='par_1_6' title="bbox 229 543 1413 602">
     <span class='ocr_line' id='line_1_8' title="bbox 229 543 1413 602; baseline 0 -14"><span class='ocrx_word' id='word_1_28' title='bbox 229 547 292 596; x_wconf 86' lang='grc' dir='ltr'><strong><em>είς</em></strong></span> <span class='ocrx_word' id='word_1_29' title='bbox 320 543 426 596; x_wconf 82' lang='grc' dir='ltr'><strong><em>τούς</em></strong></span> <span class='ocrx_word' id='word_1_30' title='bbox 454 545 649 602; x_wconf 79' lang='grc' dir='ltr'><em>γάμους,</em></span> <span class='ocrx_word' id='word_1_31' title='bbox 680 546 903 601; x_wconf 85' lang='grc' dir='ltr'><strong><em>βέλτιστε,</em></strong></span> <span class='ocrx_word' id='word_1_32' title='bbox 935 544 1010 588; x_wconf 81' lang='grc' dir='ltr'><strong><em>καὶ</em></strong></span> <span class='ocrx_word' id='word_1_33' title='bbox 1041 543 1196 602; x_wconf 81' lang='grc' dir='ltr'><strong><em>πότερ’</em></strong></span> <span class='ocrx_word' id='word_1_34' title='bbox 1226 544 1413 589; x_wconf 84' lang='grc' dir='ltr'><strong><em>Ἀττικοὶ</em></strong></span> 
     </span>
    </p>

    <p class='ocr_par' dir='ltr' id='par_1_7' title="bbox 227 611 1380 670">
     <span class='ocr_line' id='line_1_9' title="bbox 227 611 1380 670; baseline 0 -14"><span class='ocrx_word' id='word_1_35' title='bbox 227 612 444 668; x_wconf 77' lang='grc' dir='ltr'><strong><em>ἅπαντες,</em></strong></span> <span class='ocrx_word' id='word_1_36' title='bbox 476 611 505 670; x_wconf 84' lang='grc' dir='ltr'><em>ἢ</em></span> <span class='ocrx_word' id='word_1_37' title='bbox 535 612 622 657; x_wconf 73' lang='grc' dir='ltr'><strong><em>κοξκ</em></strong></span> <span class='ocrx_word' id='word_1_38' title='bbox 653 612 933 670; x_wconf 80' lang='grc' dir='ltr'><strong><em>τούμπορίου</em></strong></span> <span class='ocrx_word' id='word_1_39' title='bbox 963 613 1102 664; x_wconf 75' lang='grc' dir='ltr'><strong><em>τινέςς</em></strong></span> <span class='ocrx_word' id='word_1_40' title='bbox 1154 617 1202 659; x_wconf 93' lang='grc' dir='ltr'><strong><em>Β.</em></strong></span> <span class='ocrx_word' id='word_1_41' title='bbox 1232 616 1280 656; x_wconf 90' lang='grc' dir='ltr'><strong><em>τί</em></strong></span> <span class='ocrx_word' id='word_1_42' title='bbox 1305 613 1380 657; x_wconf 84' lang='grc' dir='ltr'><strong><em>δαὶ</em></strong></span> 
     </span>
    </p>

    <p class='ocr_par' dir='ltr' id='par_1_8' title="bbox 178 680 1465 807">
     <span class='ocr_line' id='line_1_10' title="bbox 229 680 1465 738; baseline 0.001 -14"><span class='ocrx_word' id='word_1_43' title='bbox 229 680 353 725; x_wconf 88' lang='grc' dir='ltr'><strong><em>τοῦτ’</em></strong></span> <span class='ocrx_word' id='word_1_44' title='bbox 376 683 468 725; x_wconf 77' lang='grc' dir='ltr'><strong><em>ἔστι</em></strong></span> <span class='ocrx_word' id='word_1_45' title='bbox 499 681 612 736; x_wconf 85' lang='grc' dir='ltr'><strong><em>πρὸς</em></strong></span> <span class='ocrx_word' id='word_1_46' title='bbox 642 683 691 725; x_wconf 79' lang='grc' dir='ltr'><strong><em>σὲ</em></strong></span> <span class='ocrx_word' id='word_1_47' title='bbox 722 681 803 726; x_wconf 84' lang='grc' dir='ltr'><strong><em>τὸν</em></strong></span> <span class='ocrx_word' id='word_1_48' title='bbox 833 682 1069 738; x_wconf 76' lang='grc' dir='ltr'><strong><em>μάγειρονς</em></strong></span> <span class='ocrx_word' id='word_1_49' title='bbox 1119 686 1172 726; x_wconf 90' lang='lat' dir='ltr'><strong><em>A.</em></strong></span> <span class='ocrx_word' id='word_1_50' title='bbox 1203 684 1280 738; x_wconf 85' lang='grc' dir='ltr'><strong><em>τῆς</em></strong></span> <span class='ocrx_word' id='word_1_51' title='bbox 1308 684 1465 738; x_wconf 80' lang='grc' dir='ltr'><strong><em>τέχνης</em></strong></span> 
     </span>
     <span class='ocr_line' id='line_1_11' title="bbox 178 744 1148 807; baseline 0.002 -16"><span class='ocrx_word' id='word_1_52' title='bbox 178 760 199 791; x_wconf 81' lang='lat'>5</span> <span class='ocrx_word' id='word_1_53' title='bbox 230 748 445 807; x_wconf 76' lang='grc' dir='ltr'><em>ἡγεμονία</em></span> <span class='ocrx_word' id='word_1_54' title='bbox 476 753 543 800; x_wconf 87' lang='grc' dir='ltr'><strong><em>τίς</em></strong></span> <span class='ocrx_word' id='word_1_55' title='bbox 574 750 697 793; x_wconf 80' lang='grc' dir='ltr'><strong><em>ἐστιν</em></strong></span> <span class='ocrx_word' id='word_1_56' title='bbox 727 749 885 806; x_wconf 85' lang='grc' dir='ltr'><strong><em>αὐτῆς,</em></strong></span> <span class='ocrx_word' id='word_1_57' title='bbox 918 744 954 793; x_wconf 73' lang='grc' dir='ltr'><em>ὦ</em></span> <span class='ocrx_word' id='word_1_58' title='bbox 985 751 1148 807; x_wconf 85' lang='grc' dir='ltr'><strong><em>πάτερ,</em></strong></span> 
     </span>
    </p>

    <p class='ocr_par' dir='ltr' id='par_1_9' title="bbox 228 816 1278 875">
     <span class='ocr_line' id='line_1_12' title="bbox 228 816 1278 875; baseline 0.003 -15"><span class='ocrx_word' id='word_1_59' title='bbox 228 817 279 860; x_wconf 89' lang='grc' dir='ltr'>τό</span> <span class='ocrx_word' id='word_1_60' title='bbox 308 821 401 861; x_wconf 75' lang='grc' dir='ltr'><strong><em>τῶν</em></strong></span> <span class='ocrx_word' id='word_1_61' title='bbox 433 818 662 874; x_wconf 79' lang='grc' dir='ltr'><strong><em>ἐδομένων</em></strong></span> <span class='ocrx_word' id='word_1_62' title='bbox 691 816 745 861; x_wconf 80' lang='grc' dir='ltr'><strong><em>τὰ</em></strong></span> <span class='ocrx_word' id='word_1_63' title='bbox 776 820 976 874; x_wconf 90' lang='grc' dir='ltr'><strong><em>στόματα</em></strong></span> <span class='ocrx_word' id='word_1_64' title='bbox 1005 819 1278 875; x_wconf 84' lang='grc' dir='ltr'><strong><em>προειδέναι.</em></strong></span> 
     </span>
    </p>

    <p class='ocr_par' dir='ltr' id='par_1_10' title="bbox 229 880 1159 943">
     <span class='ocr_line' id='line_1_13' title="bbox 229 880 1159 943; baseline 0.001 -13"><span class='ocrx_word' id='word_1_65' title='bbox 229 880 329 930; x_wconf 82' lang='grc' dir='ltr'><strong><em>οἷον</em></strong></span> <span class='ocrx_word' id='word_1_66' title='bbox 353 884 552 937; x_wconf 82' lang='grc' dir='ltr'><strong><em>Ῥοδίους</em></strong></span> <span class='ocrx_word' id='word_1_67' title='bbox 582 889 822 943; x_wconf 80' lang='grc' dir='ltr'><strong><em>κέκληκας·</em></strong></span> <span class='ocrx_word' id='word_1_68' title='bbox 858 888 1050 931; x_wconf 82' lang='grc' dir='ltr'><strong><em>εἰσιοῦσι</em></strong></span> <span class='ocrx_word' id='word_1_69' title='bbox 1081 888 1159 938; x_wconf 86' lang='grc' dir='ltr'><strong><em>δὸς</em></strong></span> 
     </span>
    </p>

    <p class='ocr_par' dir='ltr' id='par_1_11' title="bbox 229 952 1440 1012">
     <span class='ocr_line' id='line_1_14' title="bbox 229 952 1440 1012; baseline 0.001 -15"><span class='ocrx_word' id='word_1_70' title='bbox 229 952 369 1005; x_wconf 78' lang='grc' dir='ltr'><strong><em>εὐθὺς</em></strong></span> <span class='ocrx_word' id='word_1_71' title='bbox 399 953 487 997; x_wconf 82' lang='grc' dir='ltr'><strong><em>ἀπὸ</em></strong></span> <span class='ocrx_word' id='word_1_72' title='bbox 518 957 694 1010; x_wconf 88' lang='grc' dir='ltr'><strong><em>θερμοῦ</em></strong></span> <span class='ocrx_word' id='word_1_73' title='bbox 724 954 808 1010; x_wconf 79' lang='grc' dir='ltr'><strong><em>τὴν</em></strong></span> <span class='ocrx_word' id='word_1_74' title='bbox 836 955 1036 1012; x_wconf 78' lang='grc' dir='ltr'><strong><em>μεγάλην</em></strong></span> <span class='ocrx_word' id='word_1_75' title='bbox 1066 954 1220 1006; x_wconf 77' lang='grc' dir='ltr'><strong><em>αὐτοῖς</em></strong></span> <span class='ocrx_word' id='word_1_76' title='bbox 1249 954 1440 1011; x_wconf 80' lang='grc' dir='ltr'><strong><em>σπάσαι,</em></strong></span> 
     </span>
    </p>

    <p class='ocr_par' dir='ltr' id='par_1_12' title="bbox 159 1022 1318 1149">
     <span class='ocr_line' id='line_1_15' title="bbox 200 1022 1121 1079; baseline 0.003 -14"><span class='ocrx_word' id='word_1_77' title='bbox 200 1022 443 1076; x_wconf 73' lang='grc' dir='ltr'><strong><em>,ἀποζέσας</em></strong></span> <span class='ocrx_word' id='word_1_78' title='bbox 473 1025 692 1077; x_wconf 80' lang='grc' dir='ltr'><strong><em>σίλουρον</em></strong></span> <span class='ocrx_word' id='word_1_79' title='bbox 720 1022 750 1079; x_wconf 81' lang='grc' dir='ltr'><strong><em>ἦ</em></strong></span> <span class='ocrx_word' id='word_1_80' title='bbox 780 1026 955 1079; x_wconf 81' lang='grc' dir='ltr'><strong><em>λεβίαν,</em></strong></span> <span class='ocrx_word' id='word_1_81' title='bbox 988 1022 1062 1079; x_wconf 79' lang='grc' dir='ltr'><strong><em>ἐφ’</em></strong></span> <span class='ocrx_word' id='word_1_82' title='bbox 1086 1040 1121 1067; x_wconf 86' lang='grc' dir='ltr'><strong><em>ω</em></strong></span> 
     </span>
     <span class='ocr_line' id='line_1_16' title="bbox 159 1087 1331 1149; baseline 0.004 -18"><span class='ocrx_word' id='word_1_83' title='bbox 159 1100 199 1131; x_wconf 89' lang='grc' dir='ltr'><strong><em>ιο</em></strong></span> <span class='ocrx_word' id='word_1_84' title='bbox 230 1098 380 1147; x_wconf 79' lang='grc' dir='ltr'><strong><em>χαριεῖ</em></strong></span> <span class='ocrx_word' id='word_1_85' title='bbox 405 1089 523 1133; x_wconf 78' lang='grc' dir='ltr'><strong><em>πολὺ</em></strong></span> <span class='ocrx_word' id='word_1_86' title='bbox 552 1087 725 1147; x_wconf 78' lang='grc' dir='ltr'><strong><em>μᾶλλον</em></strong></span> <span class='ocrx_word' id='word_1_87' title='bbox 754 1107 782 1147; x_wconf 92' lang='grc' dir='ltr'><strong><em>η</em></strong></span> <span class='ocrx_word' id='word_1_88' title='bbox 813 1094 1014 1149; x_wconf 85' lang='grc' dir='ltr'><strong><em>μυρίνην</em></strong></span> <span class='ocrx_word' id='word_1_89' title='bbox 1043 1093 1331 1149; x_wconf 80' lang='grc' dir='ltr'><strong><em>προσεγχέας.</em></strong></span> 
     </span>
    </p>

    <p class='ocr_par' dir='ltr' id='par_1_13' title="bbox 228 1157 1410 1216">
     <span class='ocr_line' id='line_1_17' title="bbox 228 1157 1410 1216; baseline 0.002 -14"><span class='ocrx_word' id='word_1_90' title='bbox 228 1162 279 1202; x_wconf 90' lang='grc' dir='ltr'><strong><em>Β.</em></strong></span> <span class='ocrx_word' id='word_1_91' title='bbox 313 1157 496 1203; x_wconf 81' lang='grc' dir='ltr'><strong><em>ἀστεῖον</em></strong></span> <span class='ocrx_word' id='word_1_92' title='bbox 527 1157 551 1202; x_wconf 88' lang='grc' dir='ltr'><strong><em>ὁ</em></strong></span> <span class='ocrx_word' id='word_1_93' title='bbox 582 1160 887 1216; x_wconf 83' lang='grc' dir='ltr'><strong><em>σιλουρισμός.</em></strong></span> <span class='ocrx_word' id='word_1_94' title='bbox 939 1166 992 1204; x_wconf 92' lang='lat' dir='ltr'><strong><em>A.</em></strong></span> <span class='ocrx_word' id='word_1_95' title='bbox 1025 1177 1084 1204; x_wconf 90' lang='grc' dir='ltr'><strong><em>αν</em></strong></span> <span class='ocrx_word' id='word_1_96' title='bbox 1113 1163 1410 1216; x_wconf 80' lang='grc' dir='ltr'><strong><em>Βυζαντίους,</em></strong></span> 
     </span>
    </p>

    <p class='ocr_par' dir='ltr' id='par_1_14' title="bbox 232 1227 1217 1286">
     <span class='ocr_line' id='line_1_18' title="bbox 232 1227 1217 1286; baseline 0.002 -16"><span class='ocrx_word' id='word_1_97' title='bbox 232 1227 434 1286; x_wconf 68' lang='grc' dir='ltr'><strong><em>ἀψινθίῳ</em></strong></span> <span class='ocrx_word' id='word_1_98' title='bbox 465 1229 699 1283; x_wconf 88' lang='grc' dir='ltr'><strong><em>σπόδησον</em></strong></span> <span class='ocrx_word' id='word_1_99' title='bbox 728 1227 828 1271; x_wconf 90' lang='grc' dir='ltr'><strong><em>αττ’</em></strong></span> <span class='ocrx_word' id='word_1_100' title='bbox 850 1228 909 1272; x_wconf 82' lang='grc' dir='ltr'><strong><em>ἄν</em></strong></span> <span class='ocrx_word' id='word_1_101' title='bbox 938 1232 1217 1286; x_wconf 76' lang='grc' dir='ltr'><strong><em>παρατιθῇς,</em></strong></span> 
     </span>
    </p>

    <p class='ocr_par' dir='ltr' id='par_1_15' title="bbox 229 1294 1244 1354">
     <span class='ocr_line' id='line_1_19' title="bbox 229 1294 1244 1354; baseline 0.001 -16"><span class='ocrx_word' id='word_1_102' title='bbox 229 1294 410 1339; x_wconf 76' lang='grc' dir='ltr'><strong><em>κάθαλα</em></strong></span> <span class='ocrx_word' id='word_1_103' title='bbox 440 1297 633 1352; x_wconf 84' lang='grc' dir='ltr'><strong><em>ποιήσας</em></strong></span> <span class='ocrx_word' id='word_1_104' title='bbox 663 1298 809 1340; x_wconf 76' lang='grc' dir='ltr'><strong><em>πάντα</em></strong></span> <span class='ocrx_word' id='word_1_105' title='bbox 841 1297 1244 1354; x_wconf 77' lang='grc' dir='ltr'><strong><em>κάσκοροδισμένα.</em></strong></span> 
     </span>
    </p>

    <p class='ocr_par' dir='ltr' id='par_1_16' title="bbox 162 1362 1351 1491">
     <span class='ocr_line' id='line_1_20' title="bbox 229 1362 1351 1421; baseline 0.002 -15"><span class='ocrx_word' id='word_1_106' title='bbox 229 1362 303 1406; x_wconf 78' lang='grc' dir='ltr'><strong><em>διὰ</em></strong></span> <span class='ocrx_word' id='word_1_107' title='bbox 333 1362 422 1420; x_wconf 72' lang='grc' dir='ltr'><strong><em>γάρ</em></strong></span> <span class='ocrx_word' id='word_1_108' title='bbox 452 1363 504 1407; x_wconf 91' lang='grc' dir='ltr'><strong><em>τὸ</em></strong></span> <span class='ocrx_word' id='word_1_109' title='bbox 534 1368 711 1420; x_wconf 84' lang='grc' dir='ltr'><strong><em>πλῆθος</em></strong></span> <span class='ocrx_word' id='word_1_110' title='bbox 739 1368 832 1408; x_wconf 73' lang='grc' dir='ltr'><strong><em>τῶν</em></strong></span> <span class='ocrx_word' id='word_1_111' title='bbox 861 1364 968 1420; x_wconf 90' lang='grc' dir='ltr'><strong><em>παρ’</em></strong></span> <span class='ocrx_word' id='word_1_112' title='bbox 993 1364 1149 1416; x_wconf 79' lang='grc' dir='ltr'><strong><em>αὐτοῖς</em></strong></span> <span class='ocrx_word' id='word_1_113' title='bbox 1178 1365 1351 1421; x_wconf 84' lang='grc' dir='ltr'><strong><em>ἰχθύων</em></strong></span> 
     </span>
     <span class='ocr_line' id='line_1_21' title="bbox 162 1431 1309 1491; baseline 0.004 -18"><span class='ocrx_word' id='word_1_114' title='bbox 162 1441 202 1472; x_wconf 83' lang='lat'><strong><em>15</em></strong></span> <span class='ocrx_word' id='word_1_115' title='bbox 233 1431 397 1483; x_wconf 82' lang='grc' dir='ltr'><strong><em>πάντες</em></strong></span> <span class='ocrx_word' id='word_1_116' title='bbox 424 1433 720 1488; x_wconf 74' lang='grc' dir='ltr'><strong><em>βλιχανώδεις</em></strong></span> <span class='ocrx_word' id='word_1_117' title='bbox 749 1434 836 1476; x_wconf 82' lang='grc' dir='ltr'><strong><em>εἰσὶ</em></strong></span> <span class='ocrx_word' id='word_1_118' title='bbox 866 1433 940 1477; x_wconf 85' lang='grc' dir='ltr'><strong><em>καὶ</em></strong></span> <span class='ocrx_word' id='word_1_119' title='bbox 969 1432 1123 1490; x_wconf 80' lang='grc' dir='ltr'><strong><em>μεστοὶ</em></strong></span> <span class='ocrx_word' id='word_1_120' title='bbox 1153 1433 1309 1491; x_wconf 81' lang='grc' dir='ltr'><strong><em>λάπης.</em></strong></span> 
     </span>
    </p>
   </div>
   <div class='ocr_carea' id='block_1_6' title="bbox 56 1501 1624 1798">
    <p class='ocr_par' dir='ltr' id='par_1_17' title="bbox 56 1501 1624 1785">
     <span class='ocr_line' id='line_1_22' title="bbox 171 1501 1622 1562; baseline 0.002 -19"><span class='ocrx_word' id='word_1_121' title='bbox 171 1503 401 1545; x_wconf 76' lang='lat' dir='ltr'>Athenaeus</span> <span class='ocrx_word' id='word_1_122' title='bbox 434 1506 617 1554; x_wconf 82' lang='grc' dir='ltr'><strong><em>4,132ο</em></strong></span> <span class='ocrx_word' id='word_1_123' title='bbox 658 1505 824 1554; x_wconf 85' lang='grc' dir='ltr'><strong><em>Δίφιλος</em></strong></span> <span class='ocrx_word' id='word_1_124' title='bbox 864 1504 907 1545; x_wconf 79' lang='grc' dir='ltr'><strong><em>ἐν</em></strong></span> <span class='ocrx_word' id='word_1_125' title='bbox 940 1502 1211 1560; x_wconf 79' lang='grc' dir='ltr'><strong><em>Ἀπολιπούσῃ</em></strong></span> <span class='ocrx_word' id='word_1_126' title='bbox 1250 1501 1542 1560; x_wconf 80' lang='grc' dir='ltr'><strong><em>(ἇπολειπούσῃ</em></strong></span> <span class='ocrx_word' id='word_1_127' title='bbox 1565 1505 1622 1562; x_wconf 90' lang='grc' dir='ltr'><strong><em>Α)</em></strong></span> 
     </span>
     <span class='ocr_line' id='line_1_23' title="bbox 57 1556 1621 1614; baseline 0.003 -16"><span class='ocrx_word' id='word_1_128' title='bbox 57 1556 300 1613; x_wconf 74' lang='grc' dir='ltr'><strong><em>μάγειρόν</em></strong></span> <span class='ocrx_word' id='word_1_129' title='bbox 330 1575 439 1600; x_wconf 83' lang='grc' dir='ltr'><strong><em>τινα</em></strong></span> <span class='ocrx_word' id='word_1_130' title='bbox 468 1560 707 1614; x_wconf 76' lang='grc' dir='ltr'><strong><em>παράγων</em></strong></span> <span class='ocrx_word' id='word_1_131' title='bbox 734 1566 843 1602; x_wconf 88' lang='grc' dir='ltr'><strong><em>ποιεῖ</em></strong></span> <span class='ocrx_word' id='word_1_132' title='bbox 867 1561 960 1602; x_wconf 76' lang='grc' dir='ltr'><strong><em>τάδε</em></strong></span> <span class='ocrx_word' id='word_1_133' title='bbox 991 1561 1151 1614; x_wconf 83' lang='grc' dir='ltr'><strong><em>λέγοντα</em></strong></span> <span class='ocrx_word' id='word_1_134' title='bbox 1181 1565 1261 1603; x_wconf 89' lang='grc' dir='ltr'><strong><em>κτλ.</em></strong></span> <span class='ocrx_word' id='word_1_135' title='bbox 1322 1577 1359 1603; x_wconf 84' lang='lat' dir='ltr'><strong><em>v.</em></strong></span> <span class='ocrx_word' id='word_1_136' title='bbox 1394 1566 1444 1603; x_wconf 90' lang='lat'><strong><em>13</em></strong></span> <span class='ocrx_word' id='word_1_137' title='bbox 1475 1565 1621 1604; x_wconf 78' lang='lat' dir='ltr'><strong>Eusta-</strong></span> 
     </span>
     <span class='ocr_line' id='line_1_24' title="bbox 56 1615 1624 1670; baseline 0.002 -13"><span class='ocrx_word' id='word_1_138' title='bbox 56 1618 164 1657; x_wconf 80' lang='lat' dir='ltr'><strong>thius</strong></span> <span class='ocrx_word' id='word_1_139' title='bbox 187 1618 313 1668; x_wconf 96' lang='grc'><strong><em>749,1</em></strong></span> <span class='ocrx_word' id='word_1_140' title='bbox 346 1616 408 1657; x_wconf 78' lang='grc' dir='ltr'><strong><em>ὅτι</em></strong></span> <span class='ocrx_word' id='word_1_141' title='bbox 437 1615 482 1657; x_wconf 80' lang='grc' dir='ltr'><strong><em>δὲ</em></strong></span> <span class='ocrx_word' id='word_1_142' title='bbox 511 1617 645 1668; x_wconf 86' lang='grc' dir='ltr'><strong><em>ωσπερ</em></strong></span> <span class='ocrx_word' id='word_1_143' title='bbox 674 1615 894 1659; x_wconf 75' lang='grc' dir='ltr'><strong><em>ἁλίπαστον</em></strong></span> <span class='ocrx_word' id='word_1_144' title='bbox 924 1618 967 1659; x_wconf 77' lang='grc' dir='ltr'><strong><em>ἐκ</em></strong></span> <span class='ocrx_word' id='word_1_145' title='bbox 988 1624 1058 1659; x_wconf 87' lang='grc' dir='ltr'><strong><em>τοῦ</em></strong></span> <span class='ocrx_word' id='word_1_146' title='bbox 1078 1616 1194 1670; x_wconf 79' lang='grc' dir='ltr'><strong><em>ἁλός,</em></strong></span> <span class='ocrx_word' id='word_1_147' title='bbox 1224 1633 1330 1659; x_wconf 89' lang='grc' dir='ltr'><strong><em>ουτω</em></strong></span> <span class='ocrx_word' id='word_1_148' title='bbox 1351 1635 1417 1659; x_wconf 87' lang='grc' dir='ltr'><strong><em>και</em></strong></span> <span class='ocrx_word' id='word_1_149' title='bbox 1438 1618 1624 1660; x_wconf 79' lang='grc' dir='ltr'><strong><em>κᾶθαλόν</em></strong></span> 
     </span>
     <span class='ocr_line' id='line_1_25' title="bbox 59 1671 1621 1729; baseline 0.003 -17"><span class='ocrx_word' id='word_1_150' title='bbox 59 1688 95 1713; x_wconf 89' lang='grc' dir='ltr'><strong><em>τι</em></strong></span> <span class='ocrx_word' id='word_1_151' title='bbox 132 1671 303 1726; x_wconf 81' lang='grc' dir='ltr'><strong><em>λέγεται,</em></strong></span> <span class='ocrx_word' id='word_1_152' title='bbox 342 1674 459 1726; x_wconf 87' lang='grc' dir='ltr'><strong><em>δηλοῖ</em></strong></span> <span class='ocrx_word' id='word_1_153' title='bbox 488 1671 509 1714; x_wconf 89' lang='grc' dir='ltr'>ὁ</span> <span class='ocrx_word' id='word_1_154' title='bbox 546 1671 706 1727; x_wconf 87' lang='grc' dir='ltr'><strong><em>γραψας</em></strong></span> <span class='ocrx_word' id='word_1_155' title='bbox 746 1674 789 1715; x_wconf 88' lang='grc' dir='ltr'><strong><em>τὸ</em></strong></span> <span class='ocrx_word' id='word_1_156' title='bbox 829 1678 911 1716; x_wconf 86' lang='grc' dir='ltr'><strong><em>κτλ.</em></strong></span> <span class='ocrx_word' id='word_1_157' title='bbox 971 1691 1007 1719; x_wconf 91' lang='lat' dir='ltr'>v</span> <span class='ocrx_word' id='word_1_158' title='bbox 1044 1678 1094 1715; x_wconf 88' lang='lat'><strong><em>15</em></strong></span> <span class='ocrx_word' id='word_1_159' title='bbox 1134 1678 1312 1716; x_wconf 79' lang='lat' dir='ltr'><strong>Erotian.</strong></span> <span class='ocrx_word' id='word_1_160' title='bbox 1345 1679 1411 1729; x_wconf 89' lang='lat'>58,</span> <span class='ocrx_word' id='word_1_161' title='bbox 1436 1680 1459 1717; x_wconf 91' lang='grc'>6</span> <span class='ocrx_word' id='word_1_162' title='bbox 1490 1677 1621 1717; x_wconf 81' lang='lat' dir='ltr'><strong>Klein.</strong></span> 
     </span>
     <span class='ocr_line' id='line_1_26' title="bbox 57 1729 1623 1798; baseline 0.002 -29"><span class='ocrx_word' id='word_1_163' title='bbox 57 1730 271 1798; x_wconf 75' lang='grc' dir='ltr'><strong><em>βλιχιὸδες·</em></strong></span> <span class='ocrx_word' id='word_1_164' title='bbox 300 1731 341 1770; x_wconf 82' lang='grc' dir='ltr'><strong><em>οἵ</em></strong></span> <span class='ocrx_word' id='word_1_165' title='bbox 356 1729 401 1771; x_wconf 84' lang='grc' dir='ltr'><strong><em>δὲ</em></strong></span> <span class='ocrx_word' id='word_1_166' title='bbox 420 1732 673 1798; x_wconf 81' lang='grc' dir='ltr'><strong><em>γλισχρῶδες.</em></strong></span> <span class='ocrx_word' id='word_1_167' title='bbox 702 1729 888 1784; x_wconf 82' lang='grc' dir='ltr'><strong><em>Ἐπικλης</em></strong></span> <span class='ocrx_word' id='word_1_168' title='bbox 917 1731 991 1784; x_wconf 85' lang='grc' dir='ltr'><strong><em>μέν</em></strong></span> <span class='ocrx_word' id='word_1_169' title='bbox 1011 1743 1110 1783; x_wconf 85' lang='grc' dir='ltr'><strong><em>φησι</em></strong></span> <span class='ocrx_word' id='word_1_170' title='bbox 1140 1730 1181 1772; x_wconf 90' lang='grc' dir='ltr'><strong><em>τὸ</em></strong></span> <span class='ocrx_word' id='word_1_171' title='bbox 1214 1732 1500 1784; x_wconf 83' lang='grc' dir='ltr'><strong><em>λελιπασμένον</em></strong></span> <span class='ocrx_word' id='word_1_172' title='bbox 1527 1730 1623 1785; x_wconf 73' lang='grc' dir='ltr'><strong><em>μετὰ</em></strong></span> 
     </span>
    </p>
   </div>
   <div class='ocr_carea' id='block_1_7' title="bbox 0 1783 1624 1849">
    <p class='ocr_par' dir='ltr' id='par_1_18' title="bbox 0 1783 1624 1849">
     <span class='ocr_line' id='line_1_27' title="bbox 0 1783 1624 1849; baseline 0.002 -22"><span class='ocrx_word' id='word_1_173' title='bbox 0 1840 8 1849; x_wconf 40' lang='grc' dir='ltr'>Ι</span> <span class='ocrx_word' id='word_1_174' title='bbox 59 1784 278 1840; x_wconf 88' lang='grc' dir='ltr'><strong><em>γλοιωδους</em></strong></span> <span class='ocrx_word' id='word_1_175' title='bbox 315 1783 510 1839; x_wconf 77' lang='grc' dir='ltr'><strong><em>ὑγρασίας</em></strong></span> <span class='ocrx_word' id='word_1_176' title='bbox 545 1784 796 1841; x_wconf 82' lang='grc' dir='ltr'><strong><em>ακαθοίρτου.</em></strong></span> <span class='ocrx_word' id='word_1_177' title='bbox 855 1791 947 1830; x_wconf 85' lang='lat' dir='ltr'><strong>hinc</strong></span> <span class='ocrx_word' id='word_1_178' title='bbox 981 1786 1186 1843; x_wconf 80' lang='grc' dir='ltr'><strong><em>βλιχωδεις</em></strong></span> <span class='ocrx_word' id='word_1_179' title='bbox 1224 1790 1393 1831; x_wconf 78' lang='lat' dir='ltr'><strong>Casaub.</strong></span> <span class='ocrx_word' id='word_1_180' title='bbox 1482 1793 1520 1831; x_wconf 90' lang='lat'><strong><em>3.</em></strong></span> <span class='ocrx_word' id='word_1_181' title='bbox 1553 1796 1624 1830; x_wconf 84' lang='grc' dir='ltr'><strong><em>τὀῦ</em></strong></span> 
     </span>
    </p>
   </div>
   <div class='ocr_carea' id='block_1_8' title="bbox 59 1843 1623 2915">
    <p class='ocr_par' dir='ltr' id='par_1_19' title="bbox 59 1843 1623 2466">
     <span class='ocr_line' id='line_1_28' title="bbox 60 1843 1620 1899; baseline 0.002 -15"><span class='ocrx_word' id='word_1_182' title='bbox 60 1843 268 1896; x_wconf 78' lang='grc' dir='ltr'><strong><em>ἕμπορειόυ</em></strong></span> <span class='ocrx_word' id='word_1_183' title='bbox 296 1846 346 1885; x_wconf 91' lang='lat' dir='ltr'><strong><em>A.</em></strong></span> <span class='ocrx_word' id='word_1_184' title='bbox 456 1848 495 1887; x_wconf 89' lang='lat'><strong><em>4.</em></strong></span> <span class='ocrx_word' id='word_1_185' title='bbox 532 1844 631 1897; x_wconf 83' lang='grc' dir='ltr'><strong><em>πρὸς</em></strong></span> <span class='ocrx_word' id='word_1_186' title='bbox 670 1845 732 1890; x_wconf 86' lang='grc' dir='ltr'><strong><em>σε’;</em></strong></span> <span class='ocrx_word' id='word_1_187' title='bbox 778 1848 830 1887; x_wconf 90' lang='grc' dir='ltr'><strong><em>Α.</em></strong></span> <span class='ocrx_word' id='word_1_188' title='bbox 869 1852 942 1886; x_wconf 81' lang='grc' dir='ltr'><strong><em>τοῦ</em></strong></span> <span class='ocrx_word' id='word_1_189' title='bbox 970 1847 1159 1899; x_wconf 84' lang='grc' dir='ltr'><strong><em>μαγείρου</em></strong></span> <span class='ocrx_word' id='word_1_190' title='bbox 1189 1851 1259 1897; x_wconf 85' lang='grc' dir='ltr'><strong><em>τῆς</em></strong></span> <span class='ocrx_word' id='word_1_191' title='bbox 1289 1849 1477 1888; x_wconf 76' lang='grc' dir='ltr'><strong><em>τ.1)οὶ)ι·.</em></strong></span> <span class='ocrx_word' id='word_1_192' title='bbox 1580 1850 1620 1887; x_wconf 86' lang='lat'><strong><em>5.</em></strong></span> 
     </span>
     <span class='ocr_line' id='line_1_29' title="bbox 62 1900 1623 1957; baseline 0.001 -16"><span class='ocrx_word' id='word_1_193' title='bbox 62 1900 142 1941; x_wconf 78' lang='grc' dir='ltr'><strong><em>ἐστι</em></strong></span> <span class='ocrx_word' id='word_1_194' title='bbox 183 1900 330 1953; x_wconf 83' lang='grc' dir='ltr'><strong><em>ταύτης</em></strong></span> <span class='ocrx_word' id='word_1_195' title='bbox 369 1904 489 1943; x_wconf 86' lang='lat' dir='ltr'><strong>Mein.</strong></span> <span class='ocrx_word' id='word_1_196' title='bbox 541 1901 647 1942; x_wconf 80' lang='grc' dir='ltr'><strong><em>ἐστιν</em></strong></span> <span class='ocrx_word' id='word_1_197' title='bbox 682 1900 822 1954; x_wconf 82' lang='grc' dir='ltr'><strong><em>αὑτηί,</em></strong></span> <span class='ocrx_word' id='word_1_198' title='bbox 862 1918 983 1956; x_wconf 89' lang='grc' dir='ltr'><strong><em>πατερ</em></strong></span> <span class='ocrx_word' id='word_1_199' title='bbox 1012 1905 1137 1944; x_wconf 88' lang='lat' dir='ltr'><strong>Dobr.</strong></span> <span class='ocrx_word' id='word_1_200' title='bbox 1186 1900 1412 1957; x_wconf 86' lang='grc' dir='ltr'><strong><em>ηγούμενον</em></strong></span> <span class='ocrx_word' id='word_1_201' title='bbox 1440 1901 1514 1956; x_wconf 77' lang='grc' dir='ltr'><strong><em>γάρ</em></strong></span> <span class='ocrx_word' id='word_1_202' title='bbox 1544 1902 1623 1943; x_wconf 79' lang='grc' dir='ltr'><strong><em>ἐστι</em></strong></span> 
     </span>
     <span class='ocr_line' id='line_1_30' title="bbox 60 1957 1620 2012; baseline 0.003 -15"><span class='ocrx_word' id='word_1_203' title='bbox 60 1957 204 2008; x_wconf 84' lang='grc' dir='ltr'><strong><em>ταύτης</em></strong></span> <span class='ocrx_word' id='word_1_204' title='bbox 235 1957 282 2000; x_wconf 80' lang='lat' dir='ltr'><strong><em>G.</em></strong></span> <span class='ocrx_word' id='word_1_205' title='bbox 305 1959 354 1998; x_wconf 91' lang='lat' dir='ltr'><strong><em>A.</em></strong></span> <span class='ocrx_word' id='word_1_206' title='bbox 376 1960 577 2011; x_wconf 84' lang='lat' dir='ltr'><strong>Hirschig.</strong></span> <span class='ocrx_word' id='word_1_207' title='bbox 608 1960 714 2000; x_wconf 89' lang='lat' dir='ltr'><strong>Ann.</strong></span> <span class='ocrx_word' id='word_1_208' title='bbox 746 1962 833 2001; x_wconf 80' lang='lat' dir='ltr'><strong>crit.</strong></span> <span class='ocrx_word' id='word_1_209' title='bbox 866 1962 933 2000; x_wconf 94' lang='grc'><strong><em>27.</em></strong></span> <span class='ocrx_word' id='word_1_210' title='bbox 985 1961 1035 2000; x_wconf 85' lang='lat' dir='ltr'><strong><em>cf.</em></strong></span> <span class='ocrx_word' id='word_1_211' title='bbox 1068 1961 1273 2012; x_wconf 82' lang='lat' dir='ltr'><strong>Posidipp.</strong></span> <span class='ocrx_word' id='word_1_212' title='bbox 1289 1962 1356 2012; x_wconf 84' lang='lat'>24,</span> <span class='ocrx_word' id='word_1_213' title='bbox 1379 1963 1418 2000; x_wconf 91' lang='lat'><strong><em>5.</em></strong></span> <span class='ocrx_word' id='word_1_214' title='bbox 1438 1963 1475 2001; x_wconf 91' lang='grc'><strong><em>6.</em></strong></span> <span class='ocrx_word' id='word_1_215' title='bbox 1555 1964 1620 2002; x_wconf 89' lang='grc'><strong><em>10.</em></strong></span> 
     </span>
     <span class='ocr_line' id='line_1_31' title="bbox 61 2012 1621 2084; baseline 0.003 -29.053"><span class='ocrx_word' id='word_1_216' title='bbox 61 2016 178 2056; x_wconf 85' lang='lat' dir='ltr'><strong>scrib.</strong></span> <span class='ocrx_word' id='word_1_217' title='bbox 209 2018 342 2067; x_wconf 85' lang='grc' dir='ltr'><strong><em>χαριεῖ</em></strong></span> <span class='ocrx_word' id='word_1_218' title='bbox 364 2012 680 2066; x_wconf 84' lang='grc' dir='ltr'><strong><em>τιθύμαλλον</em></strong></span> <span class='ocrx_word' id='word_1_219' title='bbox 709 2019 788 2057; x_wconf 83' lang='grc' dir='ltr'><strong><em>κτλ.</em></strong></span> <span class='ocrx_word' id='word_1_220' title='bbox 835 2018 1033 2068; x_wconf 85' lang='lat' dir='ltr'><strong>Theophr.</strong></span> <span class='ocrx_word' id='word_1_221' title='bbox 1066 2018 1117 2057; x_wconf 92' lang='grc' dir='ltr'><strong><em>Η.</em></strong></span> <span class='ocrx_word' id='word_1_222' title='bbox 1150 2019 1277 2084; x_wconf 77' lang='lat' dir='ltr'><strong>plant.</strong></span> <span class='ocrx_word' id='word_1_223' title='bbox 1310 2020 1347 2069; x_wconf 89' lang='lat'>9,</span> <span class='ocrx_word' id='word_1_224' title='bbox 1372 2021 1437 2069; x_wconf 87' lang='lat'>11,</span> <span class='ocrx_word' id='word_1_225' title='bbox 1461 2020 1484 2057; x_wconf 90' lang='grc'><strong><em>7</em></strong></span> <span class='ocrx_word' id='word_1_226' title='bbox 1515 2014 1621 2069; x_wconf 79' lang='grc' dir='ltr'><strong><em>ἆμα-</em></strong></span> 
     </span>
     <span class='ocr_line' id='line_1_32' title="bbox 60 2068 1622 2142; baseline 0.003 -31"><span class='ocrx_word' id='word_1_227' title='bbox 60 2086 123 2111; x_wconf 86' lang='grc' dir='ltr'><strong><em>ται</em></strong></span> <span class='ocrx_word' id='word_1_228' title='bbox 160 2068 200 2123; x_wconf 86' lang='grc' dir='ltr'><strong><em>(ὁ</em></strong></span> <span class='ocrx_word' id='word_1_229' title='bbox 239 2070 498 2127; x_wconf 82' lang='grc' dir='ltr'><strong><em>τιθύμαλλος)</em></strong></span> <span class='ocrx_word' id='word_1_230' title='bbox 537 2071 634 2112; x_wconf 81' lang='grc' dir='ltr'><strong><em>ὅταν</em></strong></span> <span class='ocrx_word' id='word_1_231' title='bbox 669 2072 758 2125; x_wconf 87' lang='grc' dir='ltr'><strong><em>α’ρτι</em></strong></span> <span class='ocrx_word' id='word_1_232' title='bbox 796 2071 969 2138; x_wconf 79' lang='grc' dir='ltr'><strong><em>περκαζῃ</em></strong></span> <span class='ocrx_word' id='word_1_233' title='bbox 1005 2069 1207 2142; x_wconf 83' lang='grc' dir='ltr'><strong><em>σταφυλη,</em></strong></span> <span class='ocrx_word' id='word_1_234' title='bbox 1251 2073 1319 2114; x_wconf 85' lang='grc' dir='ltr'><strong><em>καὶ</em></strong></span> <span class='ocrx_word' id='word_1_235' title='bbox 1356 2074 1570 2125; x_wconf 80' lang='grc' dir='ltr'><strong><em>ξηρανθεὶς</em></strong></span> <span class='ocrx_word' id='word_1_236' title='bbox 1601 2070 1622 2115; x_wconf 84' lang='grc' dir='ltr'>ὁ</span> 
     </span>
     <span class='ocr_line' id='line_1_33' title="bbox 60 2124 1623 2186; baseline 0.002 -19"><span class='ocrx_word' id='word_1_237' title='bbox 60 2124 210 2181; x_wconf 85' lang='grc' dir='ltr'><strong><em>καρπὸς</em></strong></span> <span class='ocrx_word' id='word_1_238' title='bbox 241 2127 393 2168; x_wconf 82' lang='grc' dir='ltr'><strong><em>δίδοται</em></strong></span> <span class='ocrx_word' id='word_1_239' title='bbox 422 2130 555 2170; x_wconf 86' lang='grc' dir='ltr'><strong><em>πίνειν</em></strong></span> <span class='ocrx_word' id='word_1_240' title='bbox 586 2130 782 2181; x_wconf 86' lang='grc' dir='ltr'><strong><em>τριφθείς.</em></strong></span> <span class='ocrx_word' id='word_1_241' title='bbox 829 2134 852 2171; x_wconf 89' lang='grc'>9</span> <span class='ocrx_word' id='word_1_242' title='bbox 885 2126 956 2170; x_wconf 89' lang='grc' dir='ltr'><strong><em>εἀν</em></strong></span> <span class='ocrx_word' id='word_1_243' title='bbox 985 2129 1029 2170; x_wconf 83' lang='grc' dir='ltr'><strong><em>δὲ</em></strong></span> <span class='ocrx_word' id='word_1_244' title='bbox 1060 2129 1102 2170; x_wconf 90' lang='grc' dir='ltr'><strong><em>τὸ</em></strong></span> <span class='ocrx_word' id='word_1_245' title='bbox 1133 2130 1286 2184; x_wconf 78' lang='grc' dir='ltr'><strong><em>κάρυον</em></strong></span> <span class='ocrx_word' id='word_1_246' title='bbox 1315 2127 1405 2186; x_wconf 85' lang='grc' dir='ltr'><strong><em>(τοῦ</em></strong></span> <span class='ocrx_word' id='word_1_247' title='bbox 1434 2131 1623 2183; x_wconf 88' lang='grc' dir='ltr'><strong><em>μυρτίτου</em></strong></span> 
     </span>
     <span class='ocr_line' id='line_1_34' title="bbox 60 2182 1621 2243; baseline 0.003 -18"><span class='ocrx_word' id='word_1_248' title='bbox 60 2182 307 2236; x_wconf 83' lang='grc' dir='ltr'><strong><em>καλουμένου</em></strong></span> <span class='ocrx_word' id='word_1_249' title='bbox 338 2184 601 2240; x_wconf 76' lang='grc' dir='ltr'><strong><em>τιθυμᾶλλου)</em></strong></span> <span class='ocrx_word' id='word_1_250' title='bbox 633 2187 790 2238; x_wconf 81' lang='grc' dir='ltr'><strong><em>διδῶσι,</em></strong></span> <span class='ocrx_word' id='word_1_251' title='bbox 821 2186 1033 2239; x_wconf 85' lang='grc' dir='ltr'><strong><em>τρίψαντες</em></strong></span> <span class='ocrx_word' id='word_1_252' title='bbox 1064 2186 1108 2227; x_wconf 83' lang='grc' dir='ltr'><strong><em>ἕν</em></strong></span> <span class='ocrx_word' id='word_1_253' title='bbox 1136 2187 1234 2243; x_wconf 82' lang='grc' dir='ltr'><strong><em>οἴνῳ</em></strong></span> <span class='ocrx_word' id='word_1_254' title='bbox 1265 2191 1407 2239; x_wconf 83' lang='grc' dir='ltr'><strong><em>γλυκεῖ</em></strong></span> <span class='ocrx_word' id='word_1_255' title='bbox 1430 2185 1621 2229; x_wconf 83' lang='grc' dir='ltr'><strong><em>διδόασιν.</em></strong></span> 
     </span>
     <span class='ocr_line' id='line_1_35' title="bbox 62 2243 1621 2295; baseline 0.003 -14"><span class='ocrx_word' id='word_1_256' title='bbox 62 2256 164 2294; x_wconf 79' lang='lat' dir='ltr'><strong>quae</strong></span> <span class='ocrx_word' id='word_1_257' title='bbox 192 2243 316 2282; x_wconf 76' lang='lat' dir='ltr'><strong>latine</strong></span> <span class='ocrx_word' id='word_1_258' title='bbox 346 2245 470 2284; x_wconf 78' lang='lat' dir='ltr'>vertit</span> <span class='ocrx_word' id='word_1_259' title='bbox 499 2245 602 2284; x_wconf 89' lang='lat' dir='ltr'><strong>Plin.</strong></span> <span class='ocrx_word' id='word_1_260' title='bbox 633 2245 682 2283; x_wconf 89' lang='lat' dir='ltr'><strong><em>N.</em></strong></span> <span class='ocrx_word' id='word_1_261' title='bbox 714 2245 752 2284; x_wconf 92' lang='lat' dir='ltr'><strong><em>h.</em></strong></span> <span class='ocrx_word' id='word_1_262' title='bbox 786 2246 857 2295; x_wconf 92' lang='grc'><strong><em>26,</em></strong></span> <span class='ocrx_word' id='word_1_263' title='bbox 881 2247 955 2295; x_wconf 86' lang='grc'><strong><em>66,</em></strong></span> <span class='ocrx_word' id='word_1_264' title='bbox 987 2245 1135 2285; x_wconf 76' lang='lat' dir='ltr'>addens</span> <span class='ocrx_word' id='word_1_265' title='bbox 1164 2247 1284 2285; x_wconf 78' lang='lat' dir='ltr'><em>trahit</em></span> <span class='ocrx_word' id='word_1_266' title='bbox 1315 2246 1427 2285; x_wconf 81' lang='lat' dir='ltr'><strong><em>bilem</em></strong></span> <span class='ocrx_word' id='word_1_267' title='bbox 1456 2250 1491 2285; x_wconf 74' lang='lat' dir='ltr'><strong><em>et</em></strong></span> <span class='ocrx_word' id='word_1_268' title='bbox 1512 2249 1621 2295; x_wconf 76' lang='lat' dir='ltr'><strong>pitu-</strong></span> 
     </span>
     <span class='ocr_line' id='line_1_36' title="bbox 60 2299 1620 2370; baseline 0.001 -30"><span class='ocrx_word' id='word_1_269' title='bbox 60 2302 158 2340; x_wconf 73' lang='lat' dir='ltr'><strong><em>itam</em></strong></span> <span class='ocrx_word' id='word_1_270' title='bbox 191 2312 266 2348; x_wconf 80' lang='lat' dir='ltr'><strong><em>per</em></strong></span> <span class='ocrx_word' id='word_1_271' title='bbox 301 2301 442 2340; x_wconf 77' lang='lat' dir='ltr'><strong>alvum.</strong></span> <span class='ocrx_word' id='word_1_272' title='bbox 535 2303 598 2340; x_wconf 88' lang='grc'><strong><em>12.</em></strong></span> <span class='ocrx_word' id='word_1_273' title='bbox 638 2299 846 2350; x_wconf 86' lang='grc' dir='ltr'><strong><em>σπόδησον</em></strong></span> <span class='ocrx_word' id='word_1_274' title='bbox 885 2302 1022 2341; x_wconf 86' lang='lat' dir='ltr'><strong>Dindf.</strong></span> <span class='ocrx_word' id='word_1_275' title='bbox 1072 2311 1195 2352; x_wconf 85' lang='grc' dir='ltr'><strong><em>σφοιη</em></strong></span> <span class='ocrx_word' id='word_1_276' title='bbox 1234 2300 1367 2350; x_wconf 82' lang='grc' dir='ltr'><strong><em>δεῖξον</em></strong></span> <span class='ocrx_word' id='word_1_277' title='bbox 1403 2303 1452 2341; x_wconf 89' lang='lat' dir='ltr'><strong>A.</strong></span> <span class='ocrx_word' id='word_1_278' title='bbox 1503 2305 1620 2370; x_wconf 65' lang='lat' dir='ltr'><strong>sqrib.</strong></span> 
     </span>
     <span class='ocr_line' id='line_1_37' title="bbox 59 2354 1619 2411; baseline 0.003 -17"><span class='ocrx_word' id='word_1_279' title='bbox 59 2355 353 2408; x_wconf 88' lang='grc' dir='ltr'><strong><em>πρόδευσον.</em></strong></span> <span class='ocrx_word' id='word_1_280' title='bbox 384 2358 435 2396; x_wconf 84' lang='lat' dir='ltr'><strong><em>cf.</em></strong></span> <span class='ocrx_word' id='word_1_281' title='bbox 458 2358 562 2396; x_wconf 80' lang='lat' dir='ltr'><strong>Plat.</strong></span> <span class='ocrx_word' id='word_1_282' title='bbox 584 2371 682 2397; x_wconf 86' lang='lat' dir='ltr'><strong>com.</strong></span> <span class='ocrx_word' id='word_1_283' title='bbox 708 2360 800 2406; x_wconf 86' lang='grc'><strong><em>173,</em></strong></span> <span class='ocrx_word' id='word_1_284' title='bbox 814 2360 851 2397; x_wconf 90' lang='grc'><strong><em>9.</em></strong></span> <span class='ocrx_word' id='word_1_285' title='bbox 911 2354 995 2396; x_wconf 81' lang='grc' dir='ltr'><strong><em>ἅττ’</em></strong></span> <span class='ocrx_word' id='word_1_286' title='bbox 1022 2358 1163 2398; x_wconf 79' lang='lat' dir='ltr'><strong>Cobet.</strong></span> <span class='ocrx_word' id='word_1_287' title='bbox 1180 2359 1231 2398; x_wconf 89' lang='lat' dir='ltr'><strong><em>N.</em></strong></span> <span class='ocrx_word' id='word_1_288' title='bbox 1249 2359 1275 2397; x_wconf 91' lang='lat'><strong><em>1.</em></strong></span> <span class='ocrx_word' id='word_1_289' title='bbox 1293 2355 1434 2411; x_wconf 85' lang='grc'><strong><em>122]</em></strong></span> <span class='ocrx_word' id='word_1_290' title='bbox 1411 2356 1546 2410; x_wconf 85' lang='grc' dir='ltr'><strong><em>οσαγ’</em></strong></span> <span class='ocrx_word' id='word_1_291' title='bbox 1571 2361 1619 2399; x_wconf 93' lang='lat' dir='ltr'><strong><em>A.</em></strong></span> 
     </span>
     <span class='ocr_line' id='line_1_38' title="bbox 59 2412 1618 2467; baseline 0.002 -15"><span class='ocrx_word' id='word_1_292' title='bbox 59 2415 288 2467; x_wconf 82' lang='grc' dir='ltr'><strong><em>παρατιθῇς</em></strong></span> <span class='ocrx_word' id='word_1_293' title='bbox 305 2412 471 2453; x_wconf 79' lang='lat' dir='ltr'><strong>Casaub.</strong></span> <span class='ocrx_word' id='word_1_294' title='bbox 475 2412 493 2466; x_wconf 95' lang='lat'>]</span> <span class='ocrx_word' id='word_1_295' title='bbox 511 2413 736 2465; x_wconf 82' lang='grc' dir='ltr'><strong><em>παρατίθης</em></strong></span> <span class='ocrx_word' id='word_1_296' title='bbox 754 2415 803 2453; x_wconf 92' lang='lat' dir='ltr'><strong><em>A.</em></strong></span> <span class='ocrx_word' id='word_1_297' title='bbox 868 2416 932 2454; x_wconf 85' lang='lat'><strong><em>13.</em></strong></span> <span class='ocrx_word' id='word_1_298' title='bbox 950 2415 1175 2465; x_wconf 87' lang='grc' dir='ltr'><strong><em>ποιῆσαιΑ.</em></strong></span> <span class='ocrx_word' id='word_1_299' title='bbox 1234 2413 1300 2453; x_wconf 82' lang='grc' dir='ltr'><strong><em>καὶ</em></strong></span> <span class='ocrx_word' id='word_1_300' title='bbox 1317 2412 1395 2454; x_wconf 78' lang='grc' dir='ltr'><strong><em>ἐσκ.</em></strong></span> <span class='ocrx_word' id='word_1_301' title='bbox 1407 2415 1618 2456; x_wconf 81' lang='lat' dir='ltr'><strong>AetEust.</strong></span> 
     </span>
    </p>

    <p class='ocr_par' dir='ltr' id='par_1_20' title="bbox 60 2465 1622 2863">
     <span class='ocr_line' id='line_1_39' title="bbox 176 2465 1620 2524; baseline 0.001 -15"><span class='ocrx_word' id='word_1_302' title='bbox 176 2471 213 2510; x_wconf 92' lang='lat'><strong><em>3.</em></strong></span> <span class='ocrx_word' id='word_1_303' title='bbox 255 2465 507 2521; x_wconf 83' lang='grc' dir='ltr'><strong><em>τούμπορίου.</em></strong></span> <span class='ocrx_word' id='word_1_304' title='bbox 554 2471 602 2512; x_wconf 88' lang='lat' dir='ltr'><strong><em>cf.</em></strong></span> <span class='ocrx_word' id='word_1_305' title='bbox 634 2472 702 2519; x_wconf 88' lang='lat'><strong><em>43,</em></strong></span> <span class='ocrx_word' id='word_1_306' title='bbox 726 2472 764 2510; x_wconf 89' lang='lat'><strong>9.</strong></span> <span class='ocrx_word' id='word_1_307' title='bbox 815 2471 981 2510; x_wconf 78' lang='lat' dir='ltr'><strong>Bekkor.</strong></span> <span class='ocrx_word' id='word_1_308' title='bbox 1012 2472 1162 2511; x_wconf 80' lang='lat' dir='ltr'><strong>Anecd.</strong></span> <span class='ocrx_word' id='word_1_309' title='bbox 1186 2473 1289 2519; x_wconf 86' lang='lat'>284,</span> <span class='ocrx_word' id='word_1_310' title='bbox 1312 2473 1336 2510; x_wconf 88' lang='lat'>5</span> <span class='ocrx_word' id='word_1_311' title='bbox 1368 2468 1523 2519; x_wconf 83' lang='grc' dir='ltr'><strong><em>ξενικὸν</em></strong></span> <span class='ocrx_word' id='word_1_312' title='bbox 1554 2470 1620 2524; x_wconf 78' lang='grc' dir='ltr'><strong><em>ἒμ-</em></strong></span> 
     </span>
     <span class='ocr_line' id='line_1_40' title="bbox 61 2522 1616 2579; baseline 0.001 -13"><span class='ocrx_word' id='word_1_313' title='bbox 61 2525 217 2578; x_wconf 86' lang='grc' dir='ltr'><strong><em>πόριον,</em></strong></span> <span class='ocrx_word' id='word_1_314' title='bbox 248 2522 349 2565; x_wconf 87' lang='grc' dir='ltr'><strong><em>όπου</em></strong></span> <span class='ocrx_word' id='word_1_315' title='bbox 379 2526 421 2566; x_wconf 93' lang='grc' dir='ltr'><strong><em>οι</em></strong></span> <span class='ocrx_word' id='word_1_316' title='bbox 444 2525 549 2575; x_wconf 79' lang='grc' dir='ltr'><strong><em>ξένοι</em></strong></span> <span class='ocrx_word' id='word_1_317' title='bbox 578 2523 883 2579; x_wconf 77' lang='grc' dir='ltr'><strong><em>ἐμπορεύονται,</em></strong></span> <span class='ocrx_word' id='word_1_318' title='bbox 913 2523 1080 2566; x_wconf 83' lang='grc' dir='ltr'><strong><em>αστικὸν</em></strong></span> <span class='ocrx_word' id='word_1_319' title='bbox 1109 2525 1153 2566; x_wconf 82' lang='grc' dir='ltr'><strong><em>δὲ</em></strong></span> <span class='ocrx_word' id='word_1_320' title='bbox 1183 2540 1286 2566; x_wconf 87' lang='grc' dir='ltr'><strong><em>οπου</em></strong></span> <span class='ocrx_word' id='word_1_321' title='bbox 1317 2526 1357 2566; x_wconf 78' lang='grc' dir='ltr'><strong><em>οἰ</em></strong></span> <span class='ocrx_word' id='word_1_322' title='bbox 1381 2523 1507 2569; x_wconf 75' lang='grc' dir='ltr'><strong><em>ἀστοί.</em></strong></span> <span class='ocrx_word' id='word_1_323' title='bbox 1567 2531 1616 2569; x_wconf 79' lang='lat' dir='ltr'><strong><em>cf.</em></strong></span> 
     </span>
     <span class='ocr_line' id='line_1_41' title="bbox 60 2580 1618 2635; baseline 0.002 -13"><span class='ocrx_word' id='word_1_324' title='bbox 60 2583 174 2622; x_wconf 81' lang='lat' dir='ltr'>Burs</span> <span class='ocrx_word' id='word_1_325' title='bbox 165 2596 240 2622; x_wconf 78' lang='lat' dir='ltr'><strong>lan.</strong></span> <span class='ocrx_word' id='word_1_326' title='bbox 273 2581 418 2634; x_wconf 84' lang='lat' dir='ltr'><strong>Geogr.</strong></span> <span class='ocrx_word' id='word_1_327' title='bbox 441 2583 509 2624; x_wconf 85' lang='lat' dir='ltr'><strong><em>Gr.</em></strong></span> <span class='ocrx_word' id='word_1_328' title='bbox 539 2583 558 2622; x_wconf 95' lang='lat' dir='ltr'>I</span> <span class='ocrx_word' id='word_1_329' title='bbox 590 2585 683 2625; x_wconf 87' lang='grc'><strong><em>266.</em></strong></span> <span class='ocrx_word' id='word_1_330' title='bbox 770 2586 810 2623; x_wconf 85' lang='grc'><strong><em>8.</em></strong></span> <span class='ocrx_word' id='word_1_331' title='bbox 848 2580 927 2623; x_wconf 76' lang='grc' dir='ltr'><strong><em>ἀπὸ</em></strong></span> <span class='ocrx_word' id='word_1_332' title='bbox 964 2586 1118 2635; x_wconf 86' lang='grc' dir='ltr'><strong><em>θερμοῦ</em></strong></span> <span class='ocrx_word' id='word_1_333' title='bbox 1148 2585 1253 2633; x_wconf 79' lang='lat' dir='ltr'><strong>‘post</strong></span> <span class='ocrx_word' id='word_1_334' title='bbox 1283 2585 1415 2624; x_wconf 78' lang='lat' dir='ltr'><em>caldae</em></span> <span class='ocrx_word' id='word_1_335' title='bbox 1443 2587 1618 2626; x_wconf 76' lang='lat' dir='ltr'><em>sorbitio-</em></span> 
     </span>
     <span class='ocr_line' id='line_1_42' title="bbox 61 2640 1621 2694; baseline 0.001 -14"><span class='ocrx_word' id='word_1_336' title='bbox 61 2640 179 2680; x_wconf 63' lang='lat' dir='ltr'><strong><em>nem?</em></strong></span> <span class='ocrx_word' id='word_1_337' title='bbox 211 2640 332 2679; x_wconf 81' lang='lat' dir='ltr'><strong>Mein.</strong></span> <span class='ocrx_word' id='word_1_338' title='bbox 363 2640 412 2679; x_wconf 84' lang='lat' dir='ltr'><strong><em>cf.</em></strong></span> <span class='ocrx_word' id='word_1_339' title='bbox 434 2640 602 2679; x_wconf 66' lang='lat' dir='ltr'><strong>Philam.</strong></span> <span class='ocrx_word' id='word_1_340' title='bbox 627 2641 692 2691; x_wconf 90' lang='grc'><strong><em>64,</em></strong></span> <span class='ocrx_word' id='word_1_341' title='bbox 716 2642 754 2679; x_wconf 92' lang='grc'><strong><em>3.</em></strong></span> <span class='ocrx_word' id='word_1_342' title='bbox 786 2640 976 2682; x_wconf 77' lang='lat' dir='ltr'><strong>Fritzsch.</strong></span> <span class='ocrx_word' id='word_1_343' title='bbox 998 2641 1235 2691; x_wconf 79' lang='lat' dir='ltr'><strong>Thesmoph.</strong></span> <span class='ocrx_word' id='word_1_344' title='bbox 1256 2654 1296 2691; x_wconf 89' lang='lat' dir='ltr'><strong><em>p.</em></strong></span> <span class='ocrx_word' id='word_1_345' title='bbox 1319 2642 1414 2679; x_wconf 88' lang='grc'><strong><em>597.</em></strong></span> <span class='ocrx_word' id='word_1_346' title='bbox 1434 2644 1472 2683; x_wconf 90' lang='grc'><strong><em>8.</em></strong></span> <span class='ocrx_word' id='word_1_347' title='bbox 1547 2641 1621 2694; x_wconf 84' lang='grc' dir='ltr'><strong><em>τὴν</em></strong></span> 
     </span>
     <span class='ocr_line' id='line_1_43' title="bbox 61 2693 1616 2749; baseline 0.001 -13"><span class='ocrx_word' id='word_1_348' title='bbox 61 2694 236 2749; x_wconf 78' lang='grc' dir='ltr'><strong><em>μεγάλην</em></strong></span> <span class='ocrx_word' id='word_1_349' title='bbox 266 2693 456 2735; x_wconf 52' lang='grc' dir='ltr'><strong><em>(κύλικα’</em></strong></span> <span class='ocrx_word' id='word_1_350' title='bbox 489 2697 607 2736; x_wconf 81' lang='lat' dir='ltr'><strong>Mein.</strong></span> <span class='ocrx_word' id='word_1_351' title='bbox 700 2699 760 2737; x_wconf 89' lang='lat'><strong><em>10.</em></strong></span> <span class='ocrx_word' id='word_1_352' title='bbox 793 2699 842 2737; x_wconf 85' lang='lat' dir='ltr'><strong><em>cf.</em></strong></span> <span class='ocrx_word' id='word_1_353' title='bbox 874 2698 1093 2748; x_wconf 83' lang='lat' dir='ltr'><strong>Philippid.</strong></span> <span class='ocrx_word' id='word_1_354' title='bbox 1125 2698 1178 2737; x_wconf 86' lang='grc'><strong><em>39</em></strong></span> <span class='ocrx_word' id='word_1_355' title='bbox 1210 2698 1330 2736; x_wconf 81' lang='lat' dir='ltr'><strong>Mein.</strong></span> <span class='ocrx_word' id='word_1_356' title='bbox 1378 2698 1466 2738; x_wconf 76' lang='lat' dir='ltr'><strong>Ael.</strong></span> <span class='ocrx_word' id='word_1_357' title='bbox 1498 2699 1547 2739; x_wconf 88' lang='lat' dir='ltr'><strong><em>V.</em></strong></span> <span class='ocrx_word' id='word_1_358' title='bbox 1578 2700 1616 2738; x_wconf 89' lang='lat' dir='ltr'><strong><em>h.</em></strong></span> 
     </span>
     <span class='ocr_line' id='line_1_44' title="bbox 67 2749 1622 2817; baseline 0.001 -24"><span class='ocrx_word' id='word_1_359' title='bbox 67 2755 131 2804; x_wconf 89' lang='grc'><strong><em>12,</em></strong></span> <span class='ocrx_word' id='word_1_360' title='bbox 153 2750 907 2819; x_wconf 71' lang='grc' dir='ltr'><strong><em>31.13.καθαλα.οί“.Ροείἀίρρ.</em></strong></span> <span class='ocrx_word' id='word_1_361' title='bbox 934 2757 968 2804; x_wconf 94' lang='lat'>1,</span> <span class='ocrx_word' id='word_1_362' title='bbox 993 2749 1622 2808; x_wconf 71' lang='grc' dir='ltr'><strong><em>7.15.Ηοε)ὀὶι.λιίπ[τ]ην</em></strong></span> 
     </span>
     <span class='ocr_line' id='line_1_45' title="bbox 62 2804 1616 2863; baseline 0.002 -15"><span class='ocrx_word' id='word_1_363' title='bbox 62 2808 195 2863; x_wconf 79' lang='grc' dir='ltr'><strong><em>ἔλεγον</em></strong></span> <span class='ocrx_word' id='word_1_364' title='bbox 224 2806 294 2848; x_wconf 88' lang='grc' dir='ltr'><strong><em>τὸν</em></strong></span> <span class='ocrx_word' id='word_1_365' title='bbox 322 2807 456 2861; x_wconf 80' lang='grc' dir='ltr'><strong><em>παχὺν</em></strong></span> <span class='ocrx_word' id='word_1_366' title='bbox 483 2804 628 2861; x_wconf 73' lang='grc' dir='ltr'><strong><em>ἀφρόν,</em></strong></span> <span class='ocrx_word' id='word_1_367' title='bbox 659 2805 729 2849; x_wconf 84' lang='grc' dir='ltr'><strong><em>τὸν</em></strong></span> <span class='ocrx_word' id='word_1_368' title='bbox 758 2808 1041 2858; x_wconf 75' lang='grc' dir='ltr'><strong><em>ἐπιπολάζοντα</em></strong></span> <span class='ocrx_word' id='word_1_369' title='bbox 1072 2815 1125 2849; x_wconf 83' lang='grc' dir='ltr'><strong><em>τῶ</em></strong></span> <span class='ocrx_word' id='word_1_370' title='bbox 1156 2809 1253 2863; x_wconf 81' lang='grc' dir='ltr'><strong><em>οἴνῳ</em></strong></span> <span class='ocrx_word' id='word_1_371' title='bbox 1283 2807 1457 2861; x_wconf 83' lang='grc' dir='ltr'><strong><em>πηλώδη.</em></strong></span> <span class='ocrx_word' id='word_1_372' title='bbox 1504 2809 1616 2851; x_wconf 76' lang='grc' dir='ltr'><strong><em>ἄλλοι</em></strong></span> 
     </span>
    </p>

    <p class='ocr_par' dir='ltr' id='par_1_21' title="bbox 132 2879 1351 2915">
     <span class='ocr_line' id='line_1_46' title="bbox 132 2879 1351 2915; baseline -0.003 -7"><span class='ocrx_word' id='word_1_373' title='bbox 132 2881 609 2915; x_wconf 50' lang='grc' dir='ltr'><strong><em>οιΗιωἫιιιιςτιᾱΤιΚ</em></strong></span> <span class='ocrx_word' id='word_1_374' title='bbox 618 2881 742 2908; x_wconf 84' lang='lat' dir='ltr'><strong>o..k11</strong></span> <span class='ocrx_word' id='word_1_375' title='bbox 1307 2879 1351 2911; x_wconf 75' lang='lat'><strong><em>35</em></strong></span> 
     </span>
    </p>
   </div>
  </div>
 </body>
</html>
