1864 3204
1702 0 1774 23 ‘'222¹'-
1781 0 1793 18 ''.
1801 0 1864 129 :74³

1811 157 1834 210 J

298 241 377 284 156
882 243 1267 283 ΑΝΑΞΑΝΔΡΙΔΟΤ

976 382 1175 416 ΤΗΡΕΤΣ

411 460 676 500 Chamaeleon
705 461 860 501 Heracl.
889 463 1036 502 Athen.
1070 465 1106 510 9,
1130 464 1211 502 374
1224 464 1280 502 ab
1308 460 1665 513 Ἀναξανδρίδης..
1684 459 1768 502 ,ὅτε
1795 444 1864 521 μῆἶ

296 515 440 570 νικώη,
482 515 696 568 λαμβανων
734 511 820 568 (τας
850 516 1076 587 κωμῳδίας)
1115 517 1262 559 ἔδωκεν
1291 520 1346 567 εἰς
1377 516 1449 557 τὸν
1477 516 1702 569 λιβανωτὸν
1729 533 1850 559 κατα-
1860 550 1864 553 .

295 576 425 623 τεμεῖν
454 571 520 612 καὶ
550 570 597 612 οὐ
627 572 906 624 μετεσκεύαζεν
935 573 1066 627 ὥσπερ
1096 575 1137 615 οἱ
1161 575 1307 618 πολλοί.
1355 573 1423 615 καὶ
1452 572 1575 614 πολλα
1597 572 1733 624 ἔχοντα
1753 588 1850 624 κομ-

295 634 385 677 ψιός
423 634 503 668 τῶν
534 627 749 695 δραμάτων
778 627 948 680 ἠφανιζε
977 631 1252 671 δυσκολαίνων
1281 636 1362 680 τοῖς
1391 634 1583 679 θεαταῖς.
1602 629 1850 683 ..θαυμάζω

295 688 371 724 οὐν
399 691 498 732 πῶς
528 682 549 725 ὂ
583 686 769 739 Τηρεὺς
800 686 1026 739 διεσώθη
1063 686 1127 739 μὴ
1164 686 1327 739 τυχών
1361 688 1496 739 νίκης
1527 686 1594 727 καὶ
1623 685 1725 728 ἄλλα
1753 687 1850 740 δρά-

294 757 398 793 ματα
424 748 505 782 τῶν
526 739 672 794 ὁμοίων
693 749 763 783 τοῦ
793 740 929 784 αὐτοῦ.
951 767 1006 773 -
1035 747 1153 785 deos
1173 747 1272 785 istos
1293 750 1333 785 et
1352 758 1540 796 personas
1560 745 1851 796 mythologicas

296 800 540 839 inducebant
571 801 618 840 de
647 802 767 840 rebus
788 802 1089 841 Atheniensium
1120 805 1323 852 tamquam
1354 803 1478 852 probe
1509 802 1583 841 sibi
1612 801 1717 842 notis
1745 802 1852 842 inter

295 869 380 896 sese
411 857 676 897 disserentes'
680 886 689 895 .
741 858 881 900 Cobet.
914 858 1010 898 Obs.
1042 859 1130 898 crit.
1162 859 1267 898 Plat.
1300 860 1393 898 124.

1046 980 1102 1022 45

440 1057 567 1112 ὅρνις
597 1055 815 1113 κεκλήσει.
877 1062 925 1101 Β.
956 1057 1031 1101 διὰ
1060 1061 1126 1114 τί,
1159 1057 1271 1114 πρὸς
1298 1062 1375 1115 τῆς
1399 1057 1590 1109 Ἑστίας;

437 1125 631 1179 πότερον
660 1124 935 1182 καταφαγών
965 1123 1051 1181 τὴν
1081 1127 1294 1183 πατρῴαν
1324 1128 1485 1169 οὐσίαν

437 1192 589 1248 ὥσπερ
620 1192 911 1244 Πολύευκτος
940 1192 963 1236 ὁ
995 1195 1151 1245 καλός;
1202 1199 1255 1237 A.
1287 1194 1342 1237 οὐ
1372 1193 1489 1250 δῆτ’,
1521 1188 1622 1236 ἀλλ’
1645 1190 1713 1236 ὅτι

439 1260 585 1316 ἄρρην
615 1260 705 1305 ὑπὸ
736 1265 936 1317 θηλειῶν
967 1263 1225 1319 κατεκόπης.

406 1356 634 1395 Athenaeus
665 1357 711 1404 4,
745 1358 824 1395 166
843 1356 867 1394 d
899 1354 1155 1395 Πολύευκτον
1196 1353 1504 1407 Ἀναξανδρίδης
1536 1353 1578 1394 ἔν
1618 1357 1740 1406 Τηρεῖ
1771 1369 1848 1394 κω-

292 1410 436 1463 μῳδῶν
465 1414 546 1450 κτλ.
667 1414 702 1450 1.
734 1409 922 1463 κεκλήσηι
953 1416 992 1452 et
1026 1414 1065 1454 3.
1097 1413 1197 1463 δῆτα
1227 1415 1275 1453 A.
1316 1436 1370 1441 ——
1408 1414 1574 1462 adparet
1603 1413 1852 1462 Polyeuctum

295 1481 448 1518 quoque
481 1469 530 1507 ab
551 1469 861 1508 Atheniensibus
892 1482 1002 1508 avem
1021 1472 1205 1509 vocatum
1235 1483 1333 1510 esse.
1373 1471 1422 1509 cf.
1447 1470 1570 1508 Arist.
1592 1469 1668 1508 Av.
1694 1469 1773 1508 165
1787 1481 1848 1518 sq.

297 1525 406 1564 1290
424 1538 480 1574 sq.
524 1526 770 1575 significatur
800 1528 932 1565 autem
953 1526 1195 1576 Polyeuctus
1227 1527 1454 1576 Sphettius‚
1488 1527 1622 1564 orator
1650 1525 1847 1564 nobilissi-

293 1594 392 1628 mus,
424 1582 472 1620 de
504 1594 582 1631 quo
613 1583 664 1621 cf.
695 1582 897 1621 Demosth.
933 1584 971 1630 9,
995 1584 1062 1621 72.
1105 1583 1290 1622 Dinarch.
1325 1585 1360 1631 1,
1387 1583 1479 1622 100.
1518 1582 1715 1620 Plutarch.
1745 1581 1846 1620 Mor.

294 1639 372 1676 841
387 1651 420 1676 e.
471 1639 630 1678 Ruhnk.
675 1638 782 1677 Hist.
820 1639 908 1678 erit.
948 1652 1004 1678 or.
1036 1652 1156 1679 Lxxx,
1207 1640 1354 1690 Saupp.
1395 1639 1504 1679 Orat.
1541 1639 1629 1677 Att.
1667 1638 1718 1676 fr.
1750 1638 1846 1676 273.

294 1695 478 1733 dissentit
515 1697 649 1734 tamen
685 1695 958 1734 Boehneckius
995 1696 1156 1735 Forsch.
1196 1697 1267 1734 auf
1302 1697 1338 1734 d.
1371 1695 1513 1734 Gebiet
1544 1695 1583 1733 d.
1615 1696 1687 1733 att.
1718 1693 1845 1732 Redn.

295 1752 388 1789 643.
448 1752 495 1789 de
528 1753 688 1801 yallim's
726 1752 925 1802 gallorum
963 1752 1193 1792 victricibus
1231 1753 1281 1791 cf.
1312 1753 1479 1791 Aristot.
1510 1751 1563 1790 H.
1593 1764 1655 1792 an.
1690 1751 1755 1800 10,
1777 1750 1844 1789 49.

293 1807 448 1846 Aelian.
480 1808 531 1846 H.
565 1821 627 1847 an.
662 1809 699 1859 5,
722 1810 759 1847 5.

1042 1885 1097 1926 46

621 1961 723 2004 ἀλλ’
747 1957 820 2005 οἷα
849 1962 1003 2018 νύμφη
1033 1963 1209 2017 βασιλὶς
1238 1961 1530 2018 ὠνομασμένη

619 2030 778 2086 μύροις
811 2033 1129 2084 Μεγαλλειόισι
1161 2029 1271 2085 σῶμ’
1296 2028 1538 2086 ἀλείφεται.

406 2125 631 2163 Athenaeus
665 2125 738 2172 15,
769 2126 881 2163 691a
920 2128 991 2162 τοῦ
1022 2123 1273 2176 Μεγαλλείου
1309 2123 1437 2174 μύρου
1473 2135 1711 2174 μνημονευει
1743 2152 1752 2161 .
1785 2152 1794 2162 .
1827 2153 1837 2162 .

295 2179 600 2231 Αναξανδρίδης
634 2182 757 2231 Τηρεῖ
781 2183 862 2219 κτλ.
923 2180 1159 2231 μεγαλλίοισι
1189 2184 1229 2219 et
1256 2179 1464 2232 μεγαλλίου
1494 2180 1542 2218 A.
1588 2180 1636 2219 cf.
1666 2179 1844 2218 Pherecr.

298 2238 388 2276 140
414 2259 464 2264 -
488 2233 750 2287 ὠνομασμένοι
780 2238 906 2287 ‘regia
936 2238 1049 2287 virgo
1079 2238 1340 2286 desponsata&
1372 2237 1493 2275 Mein.
1542 2236 1590 2274 de
1618 2248 1697 2286 qua
1725 2235 1845 2286 signi-

293 2293 477 2332 ficatione
514 2294 599 2332 iure
638 2294 796 2332 dubitat
832 2294 1086 2332 Herwerden.
1121 2294 1214 2334 Obs.
1247 2294 1336 2333 crit.
1370 2294 1437 2331 55.
1495 2293 1744 2331 scribendum
1785 2293 1848 2330 est

293 2348 443 2388 ἔνδον
480 2346 684 2399 ἀσμένη.
751 2350 800 2388 cf.
834 2350 975 2400 Eupol.
1009 2351 1101 2390 281.
1153 2351 1318 2400 Lysipp.
1351 2351 1388 2388 8.
1438 2348 1675 2398 Toeppelius
1704 2348 1843 2397 Progr.

292 2406 438 2445 Neobr.
473 2407 600 2455 1867,
630 2407 654 2444 8
694 2402 844 2457 ασμένη
882 2409 1026 2457 χεροῖν.
1145 2408 1182 2445 2.
1223 2403 1486 2456 Μεγαλλείοις
1526 2405 1567 2442 τὸ
1605 2399 1706 2455 σῶμ’
1745 2403 1845 2442 Her—

292 2463 411 2501 werd.
445 2463 561 2502 Stud.
594 2463 682 2502 crit.
715 2464 782 2504 86.

1041 2539 1094 2580 47

835 2615 1133 2672 ὀχευομένους
1162 2617 1211 2660 δὲ
1241 2614 1346 2665 τούς
1376 2615 1577 2669 κάπρους

563 2686 638 2727 καὶ
668 2685 745 2734 τὰς
775 2683 1078 2738 αλεκτρυόνας
1105 2682 1336 2739 θεωροῦσ’
1358 2682 1560 2738 ἄσμενοι.

407 2779 633 2818 Athenaeus
665 2781 703 2829 9,
725 2780 806 2817 373
824 2779 843 2817 f
877 2791 947 2816 τον
976 2774 1266 2828 αλεκτρυόνα..
1286 2776 1353 2816 ,οἱ
1377 2773 1531 2826 ἀρχαῖοι
1561 2773 1627 2813 καὶ
1655 2777 1844 2824 θηλυκῶς

293 2834 518 2887 εἰρήκασι..
538 2830 863 2885 ,Ἁσαξανδρίδης
898 2835 1022 2884 Τηρεῖ
1044 2836 1123 2872 κτλ.
1211 2828 1413 2884 θεωροῦσ’
1434 2829 1591 2884 Dindf.]
1622 2833 1844 2882 θεωροῦσιν

292 2892 340 2931 A.
429 2894 508 2937 τοῖς
539 2904 707 2943 καπροις
738 2887 984 2942 ὀχευομένοις
1013 2891 1108 2940 quid
1138 2891 1278 2929 faciam
1306 2890 1450 2928 neseio.
