1864 3204
804 222 973 256 ΛΕΒΗΣ
1586 216 1671 272 343

103 335 201 376 303.
293 334 357 374 15.
388 326 642 380 καθημένους
673 325 727 367 ἔτι
757 326 911 367 Iacobs.
944 325 1048 366 Add.
1078 325 1174 365 Ath.
1200 321 1298 377 132]
1330 321 1385 363 ἔτι
1413 319 1671 374 καθημένους

103 391 154 434 A.
244 392 310 431 17.
343 397 470 440 φησιν
490 387 539 427 A.
631 387 691 426 18.
722 380 1007 435 ἀποπέμψουσι
1026 381 1079 435 C]
1111 378 1388 433 ἀποπέμπουσι
1410 383 1459 420 A.
1492 393 1565 420 sor.
1587 377 1670 419 ἰ”να

106 450 258 488 θᾶττον
284 441 630 494 ἀποπέμπουσι.
680 442 731 484 of
763 455 802 481 v.
826 443 850 480 6
873 454 931 491 sq.

216 505 488 556 fragmentum
514 501 592 540 126
623 512 704 539 non
733 511 781 538 ex
810 498 949 538 eadem
980 496 1184 536 comoedia
1213 497 1444 547 excerptum
1465 506 1552 534 esse
1573 494 1668 533 Mei-

107 562 248 602 nekius
278 560 503 611 suspicatur
521 556 639 596 Anal-
662 556 756 595 Ath.
781 556 854 594 97:
886 554 1080 594 excidisse
1110 553 1273 592 titulum
1304 552 1461 592 fabulae
1490 551 1668 602 alterius,

106 631 153 657 ex
183 632 261 670 qua
288 618 383 657 haee
414 615 632 666 posteriora
651 612 778 663 petita
799 612 891 651 sint.
964 612 1028 650 19.
1051 609 1092 649 οἷ
1108 608 1210 660 θεοί,
1230 613 1275 650 ut
1294 610 1389 650 deus
1408 621 1454 648 cx
1471 609 1668 648 machina.

853 698 931 740 127

276 773 351 817 καὶ
379 770 439 827 μὴ
470 769 722 826 προφάσεις
753 767 956 811 ἐνταῦθά
985 782 1085 822 μοι,
1117 763 1220 822 μηδ’
1254 763 1360 808 εοὐκ
1392 766 1509 820 ἔχω.’

277 844 329 884 Β.
361 837 475 883 ἀλλὰ
505 835 596 893 λέγ’
621 835 731 879 ὅτου
761 836 843 878 δεῖ.
894 832 1092 891 λήψομαι
1125 831 1214 889 γάρ
1242 831 1379 876 πάντ’
1403 832 1507 888 ἐγώ.

275 913 330 951 Α.
364 906 527 961 ὀρθῶς.
576 904 628 948 τὸ
663 907 845 959 πρῶτον
873 902 957 958 μὲν
987 900 1090 957 λάβ’
1114 900 1267 946 ἐλθών
1297 902 1488 957 σήσαμα.

277 980 326 1019 B.
357 973 458 1019 ἀλλ’
483 976 605 1018 ἔστιν
636 973 785 1016 ἔνδον.
836 977 890 1015 Α.
921 969 1148 1025 ἀσταφίδα
1180 970 1477 1025 κεκομμένην,

227 1054 248 1086 5
279 1043 535 1100 μάραθρον,
568 1040 763 1098 ἄνηθον,
794 1042 940 1093 νᾶπυ,
971 1039 1163 1093 καυλόν,
1195 1039 1395 1093 σίλφιον,

282 1115 528 1166 κορίαννον
559 1104 692 1164 αὖον,
724 1108 853 1163 ῥοῦν,
884 1108 1093 1163 κύμινον,
1122 1104 1369 1162 κάππαριν,

277 1179 507 1235 ὀρίγανον,
538 1178 734 1234 γήτειον,
765 1174 972 1230 ἅννισον,
1002 1174 1172 1230 θύμον,

277 1245 473 1303 σφάκον,
506 1249 701 1302 σίραιον,
733 1245 905 1298 σέσελι,
937 1244 1159 1299 πήγανον,
1191 1241 1380 1295 πράσον.

218 1331 447 1370 Athenaeus
477 1331 653 1379 4‚170a
682 1321 925 1378 ἡδυσμάτων
954 1322 999 1364 δὲ
1028 1319 1251 1376 κατάλογον
1271 1322 1425 1373 ’Ἀλεξις
1457 1322 1669 1376 ἐποιήσατο

105 1386 150 1428 ἐν
181 1385 334 1439 Λέβητι
362 1385 488 1434 οὕτως
519 1388 600 1427 κτλ.
651 1400 689 1426 v.
713 1385 824 1424 3-8
854 1384 998 1423 Pollux
1028 1385 1065 1433 6,
1089 1384 1140 1422 66
1164 1380 1318 1431 ’Ἀλεξις
1350 1379 1394 1420 ἐν
1424 1379 1633 1434 Λέβητι.

103 1441 236 1496 ὀρθῶς
267 1446 348 1483 κτλ.
468 1446 505 1484 1.
537 1441 605 1482 καὶ
634 1442 722 1482 add.
754 1441 845 1480 VL.
954 1441 992 1480 2.
1023 1435 1103 1491 λέγ’
1125 1436 1220 1478 ὅτου
1250 1439 1318 1478 δεῖ
1341 1439 1465 1479 Dobr.
1492 1439 1596 1479 Adv.
1624 1413 1669 1478 ,ΙΙ

106 1499 208 1553 307]
240 1497 402 1552 λέγοντα
433 1499 542 1539 ουδει
572 1500 622 1538 A.
740 1500 779 1538 3.
810 1492 943 1549 ορθῶς
973 1506 1036 1548 γε·
1075 1501 1234 1546 πρῶτον
1263 1496 1364 1536 Poll.
1473 1497 1511 1535 5.
1543 1493 1669 1548 μάρα-

107 1560 211 1610 θρον
239 1557 292 1609 Β]
324 1555 510 1609 μάραθον
540 1558 577 1595 Α
607 1556 717 1605 Ath„
747 1551 915 1606 μαραθα
945 1554 982 1592 A
1012 1553 1116 1592 Poll.
1190 1555 1228 1592 7.
1258 1549 1434 1605 γήτειον]
1465 1549 1603 1604 γήτιον
1632 1553 1669 1591 Α

103 1615 207 1654 Pon.
296 1612 465 1653 οἴννισον
497 1614 597 1653 Poll.
629 1612 803 1652 Bekkeri
832 1608 936 1662 cod.]
970 1607 1164 1660 σκόροδον
1193 1609 1230 1648 A
1259 1609 1355 1648 Ath.
1388 1622 1466 1648 om.
1497 1609 1535 1648 A
1564 1610 1667 1650 Poll.

104 1669 314 1746 σκορόδια,
344 1669 501 1723 γήτειον
531 1671 654 1709 Dobr.
687 1670 782 1708 208.
900 1669 939 1707 8.
972 1664 1097 1706 σέσελι
1126 1667 1163 1705 Α
1192 1663 1308 1719 Ath.]
1338 1663 1478 1717 πέπερι
1507 1666 1662 1715 Pollux,

104 1728 196 1779 ‘qui
226 1731 392 1779 propter
420 1728 493 1767 hoc
523 1728 653 1778 ipsum
685 1721 860 1778 (πέπερι)
891 1724 1071 1763 Alexidis
1102 1736 1238 1763 versus
1270 1723 1440 1763 attulit?
1470 1723 1609 1762 Dindf.

219 1786 256 1824 7.
289 1785 420 1824 Schol.
456 1784 622 1823 Theocr.
656 1785 692 1832 7,
716 1784 768 1822 63
801 1779 960 1834 (Mein.)
992 1778 1154 1831 ἄνηθον
1183 1776 1226 1818 τὸ
1258 1778 1470 1831 μάλαθρον
1499 1781 1545 1830 ῆ·
1576 1777 1666 1818 α’νι-

105 1851 178 1879 σον
207 1838 249 1880 τὸ
279 1839 523 1893 γλυκάνισον
554 1849 580 1879 ῑ.
621 1840 668 1878 ef.
700 1838 875 1878 Lobeck.
906 1838 1063 1878 Pathol.
1085 1837 1188 1888 prol.
1210 1837 1295 1876 400
1325 1849 1414 1876 cum
1443 1841 1525 1877 not.
1550 1838 1590 1876 8.
1617 1860 1666 1865 —-

105 1910 193 1938 cum
225 1898 340 1937 init-io
371 1898 531 1948 eclogae
560 1897 611 1936 of.
644 1896 768 1935 Auist.
799 1895 898 1934 Ach.
930 1895 1026 1934 345.

851 1981 931 2024 128

1122 2037 1198 2080 καὶ
1227 2038 1274 2080 τί
1300 2038 1373 2080 δεῖ

311 2110 456 2164 λέγειν
486 2106 559 2152 ἔθ’
580 2105 696 2164 ἡμᾶς
724 2105 831 2157 τούς
859 2104 913 2149 τοὶ
944 2104 1047 2161 σῦχ’
1070 2104 1281 2149 ἑκάστοτε

311 2175 362 2219 ἐν
391 2184 483 2227 τοῖς
513 2178 714 2231 συρίχοις
743 2177 1030 2225 πωλοῦντας;
1061 2175 1109 2218 οἳ
1134 2173 1314 2217 κάτωθε
1342 2174 1427 2229 μὲν

311 2243 364 2287 τὰ
394 2243 567 2300 σκληρὰ
596 2243 672 2287 καὶ
701 2241 908 2299 μοχθηρὰ
938 2246 1031 2286 τῶν
1061 2241 1218 2286 σύκων
1248 2240 1317 2284 άεὶ

256 2322 276 2352 5
307 2310 528 2366 τιθέασιν,
562 2313 779 2366 ἐπιπολῆς
808 2311 857 2353 δὲ
887 2310 1063 2354 πέπονα
1092 2312 1168 2352 καὶ
1198 2310 1326 2353 καλά.

311 2376 399 2422 εἶθ’
423 2377 447 2421 ὁ
476 2379 559 2435 μὲν
589 2380 760 2423 ἔδωκεν
790 2376 849 2429 ὥς
877 2377 1051 2421 τοιαῦτ’
1072 2377 1330 2432 ὠνούμενος

311 2446 459 2503 τιμήν,
491 2444 515 2490 ὁ
546 2446 593 2489 δ’
616 2445 815 2501 ἐγκάψας
843 2443 894 2488 τό
924 2443 1051 2500 κέρμ’
1076 2446 1138 2496 εἰς
1168 2443 1250 2500 τὴν
1279 2445 1460 2500 γνάθον

312 2513 427 2570 ἐρίν’
450 2512 642 2558 ἀπέδοτο
671 2516 790 2557 σῦκα
819 2515 987 2556 πωλεῖν
1017 2509 1214 2568 ὀμνύων

224 2599 453 2638 Athenaeus
482 2599 528 2647 3,
551 2597 641 2636 76d
670 2592 821 2644 ’Ἄλεξις
852 2592 895 2634 ἐν
926 2592 1080 2647 Λέβητι
1109 2597 1190 2634 κτλ..
1282 2597 1319 2634 2.
1354 2599 1456 2634 σῦκα
1487 2595 1537 2634 A.
1625 2597 1663 2635 3.

109 2652 260 2706 ὑρίχοις
282 2654 420 2694 Dindf.
452 2654 501 2695 cf.
520 2667 620 2704 quae
641 2652 882 2692 adnotantur
900 2652 951 2692 ad
971 2652 1177 2703 Aristoph.
1203 2653 1249 2690 fr.
1274 2654 1368 2700 569,
1382 2654 1420 2690 5.
1479 2650 1667 2691 κάτωθεν

112 2713 162 2752 A.
251 2713 287 2750 4
321 2706 409 2763 καὶ]
439 2708 507 2749 καὶ
537 2707 583 2748 τὰ
614 2709 663 2748 A.
753 2711 792 2748 7.
823 2709 874 2748 cf.
905 2709 1029 2748 Arist.
1061 2709 1180 2759 Vesp.
1213 2710 1308 2747 791.

850 2795 932 2838 129

223 2882 451 2921 Athenaeus
476 2880 540 2929 14,
554 2881 629 2919 661
646 2879 670 2917 d
692 2876 843 2926 ’Ἀλεξις
872 2876 916 2918 ἕν
936 2877 1140 2933 Λεβητίῳ
1170 2877 1298 2929 δηλοῖ,
1328 2874 1388 2916 ὅτι
1415 2872 1440 2929 ἡ
1460 2875 1665 2931 μαγειρικὴ
