1864 3204
222 202 304 244 396
871 199 1123 239 ΑΛΕΞΙΔΟΣ

444 311 464 342 5
497 300 709 356 ἱδρύσαθ’
734 299 858 356 ἱερὸν
888 302 1075 356 μητρός,
1108 298 1163 343 ού
1195 300 1342 351 δείξας
1371 302 1526 355 σαφῶς

494 372 644 422 ποίας,
679 369 814 418 ἐάσας
844 368 886 410 δ’
910 366 1126 411 ὑπονοεῖν
1158 369 1218 418 εἰς
1247 366 1459 423 τοῦνομα.

339 452 533 492 Stobaeus
563 452 699 491 Floril.
736 453 881 502 79,13
915 447 1108 498 Ἀλέξιδος
1137 451 1185 491 Α.
1291 453 1328 488 1.
1358 445 1548 513 ἠξίωσα]
1570 431 1692 500 ἠξίωσ
1728 448 1778 490 Α.

224 512 262 549 3.
292 509 426 560 μεῖζον
454 509 499 550 Β.
585 510 624 547 4.
655 506 824 560 πρῶτος]
856 504 1101 559 Προμηθεὺς
1133 506 1179 547 G.
1211 507 1347 546 Herm.
1422 504 1532 546 ·6.δ
1581 516 1656 545 0111.
1685 504 1776 544 ΑΒ.

337 567 376 605 2.
404 568 428 605 3
470 568 615 606 constr.
648 562 695 604 τὰ
727 567 822 604 θεῖα
853 561 925 603 οὐκ
956 562 1063 603 ε’στιν
1091 560 1184 602 ποτὲ
1213 563 1328 614 μείζω
1358 560 1505 615 μητρὸς
1535 564 1616 609 τοῖς
1646 555 1778 613 ὀρθῶς

223 621 389 664 εἰδόσιν
440 623 490 662 of.
521 621 646 661 Arist.
677 622 783 661 Nub.
820 622 939 659 1241.
993 622 1058 661 vel
1088 621 1251 660 deorum
1279 620 1558 660 verecundiam
1587 631 1779 658 verecun-

225 680 311 718 diae
349 680 490 719 matris
528 679 846 728 postponendam
883 690 966 717 esse
1005 678 1113 716 dicit.
1202 678 1242 716 4.
1281 677 1415 716 nescio
1447 689 1498 714 an
1527 675 1781 715 scribendum

224 737 277 774 3113
311 733 411 773 ὅθεν
441 732 657 784 Βροτέας
695 731 799 773 ποτ’
832 735 934 775 00111.
963 734 1079 773 Paus.
1109 736 1146 783 3,
1169 734 1234 782 22,
1253 734 1279 771 4
1319 730 1382 771 ἐπὶ
1420 731 1622 776 Κοδδίνου
1658 728 1780 785 πέτρᾳ

223 788 284 845 (111
315 793 454 843 Sipylo
484 789 640 845 monte)
675 789 840 860 Μητρός
872 789 952 829 ἐστι
982 791 1091 829 θεῶν
1117 786 1377 841 ἀρχαιότατον
1395 785 1586 827 ἁπάντων
1605 782 1780 840 ἄγαλμ’·

222 853 382 899 ποιῆσαι
403 846 445 887 δὲ
461 846 678 900 Μάγνητες
699 844 795 886 αὐτὸ
817 844 991 895 Βροτέαν
1011 844 1167 898 λέγουσι
1188 844 1257 885 τὸν
1274 844 1492 886 Ταντάλου.
1518 847 1589 886 6.
1612 846 1781 885 fortasse

227 902 566 944 ὑπονοεῖσθαι
597 902 786 956 τοῦνομα.

484 1028 575 1068 τῶν
605 1024 714 1068 ἑπτα
743 1024 913 1080 νήσων,
946 1020 999 1074 οἳς
1029 1024 1226 1079 δέδειχεν
1255 1022 1282 1079 ἡ
1313 1023 1448 1078 φύσις

485 1098 672 1148 θνητοῖς
699 1096 928 1148 μεγίστας,
962 1089 1147 1134 Σικελία
1178 1092 1274 1146 μέν,
1306 1090 1366 1141 ὥς
1396 1092 1548 1146 λόγος,

487 1163 608 1204 ἔστιν
638 1163 844 1216 μεγίστη,
876 1161 1063 1215 δευτέρα
1097 1159 1286 1215 Σαρδώ,
1317 1162 1441 1214 τρίτη

487 1229 692 1283 Κύρνος,
724 1228 909 1284 τετάρτη
941 1225 1031 1283 δ’ἡ
1062 1226 1174 1278 Διὸς
1204 1227 1359 1283 Κρήτη
1389 1227 1578 1283 τροφός,

433 1306 452 1337 5
486 1294 658 1351 Εὔβοια
688 1296 862 1351 πέμπτη
894 1294 1167 1350 στενοφυής,
1199 1295 1302 1351 ἕκτη
1334 1294 1564 1349 Κύπρος,-

490 1366 660 1419 Λέσβος
689 1364 738 1407 δὲ
769 1363 894 1415 τάξιν
925 1363 1120 1419 ἑβδόμην
1152 1361 1334 1418 λαχοῦσ’
1359 1364 1461 1418 ἔχει.

339 1448 469 1487 801101.
490 1447 669 1486 Platonis
692 1448 772 1486 392
795 1447 917 1485 Bekk.
949 1443 1078 1485 ἰστέον
1106 1443 1151 1484 δὲ
1180 1443 1240 1484 ’ὅτι
1259 1443 1408 1494 ’Ἄλεξις
1437 1439 1458 1483 ὁ
1488 1441 1661 1495 κωμικός
1682 1455 1782 1494 φησι

224 1505 304 1545 κτλ.
358 1504 580 1554 Stephanus
621 1504 724 1554 apud
762 1503 1068 1542 Constantinum
1105 1503 1357 1553 Porphyrog.
1399 1503 1539 1541 Them.
1576 1502 1617 1540 H
1650 1503 1702 1540 10
1741 1503 1782 1541 et

227 1562 372 1600 omisso
404 1561 576 1600 auctoris
605 1561 766 1599 nomine
787 1560 1020 1598 Eustathius
1041 1559 1208 1610 Dionys.
1233 1561 1329 1600 568.
1405 1561 1440 1599 1.
1467 1555 1660 1612 δέδειχεν]
1682 1555 1781 1596 ἔδει-

228 1618 296 1665 ξεν
325 1618 456 1713 Ε113136
500 1619 538 1656 3.
572 1613 696 1669 ἔστιν]
727 1614 862 1667 πρώτη
884 1617 998 1655 Ε11313.
1059 1613 1239 1668 μεγίστη]
1270 1629 1320 1654 an
1350 1614 1590 1667 κρατίστη
1620 1617 1783 1665 propter

226 1688 264 1713 v.
289 1674 344 1713 2¹?
432 1676 471 1715 6.
505 1671 697 1726 ἑβδόμην]
729 1671 896 1724 ἐσχάτην
924 1673 1039 1712 Ε11313.
1087 1706 1091 1708 ,

340 1730 468 1770 Schol.
491 1731 614 1770 Arist.
637 1730 736 1769 Aeh.
756 1731 834 1768 112
857 1727 1001 1781 Σαρδὼ
1031 1727 1105 1781 γὰρ
1136 1726 1257 1779 νῆσός
1288 1726 1367 1767 ἐστι
1397 1733 1489 1767 τῶν
1518 1725 1659 1779 ἑπτά,
1688 1737 1780 1766 στα-

227 1785 335 1834 δίους
374 1785 565 1837 ἑξήκοντα
607 1785 769 1837 Κύρνου
808 1783 1005 1836 διέχουσα.
1068 1786 1116 1825 cf.
1158 1785 1290 1825 Strab.
1325 1786 1395 1836 14,
1425 1786 1518 1824 606.
1576 1784 1679 1835 Scyl.
1715 1785 1780 1823 12.

227 1845 399 1883 Aristot.
432 1844 569 1883 Mund.
603 1845 626 1882 7
667 1841 799 1895 (Stob.
830 1843 915 1882 Ecl.
947 1843 1063 1893 phys.
1096 1844 1142 1889 1,
1163 1842 1251 1892 42).
1317 1841 1487 1892 Appian.
1524 1841 1628 1880 Hist.
1666 1841 1780 1882 Rom.

227 1901 350 1950 praef.
384 1903 407 1939 6
438 1912 478 1952 p.
504 1902 527 1939 6
563 1898 733 1947 (Mein).
784 1900 832 1938 de
869 1899 1024 1949 poetica
1061 1899 1177 1938 huius
1215 1899 1374 1950 eclogae
1404 1899 1536 1938 indole
1566 1897 1783 1948 prudenter

226 1957 417 1996 iudicavit
445 1957 668 1996 Meinekius
698 1956 718 1994 I
748 1957 844 1995 378.

501 2089 617 2132 ἐπὰν
648 2085 831 2142 ἰδιώτην
862 2086 1009 2142 ἄνδρα
1038 2086 1354 2142 μονοσιτοῦντ’
1378 2087 1494 2141 ἴδῃς,

499 2155 527 2211 ἢ
557 2154 615 2211 μὴ
647 2153 870 2198 ποθοῦντ’
894 2152 1011 2211 ςόδοὶς
1040 2152 1230 2209 ποιητὴν
1260 2154 1335 2196 καὶ
1363 2155 1495 2209 μέλη,

498 2222 576 2265 τὸν
606 2223 689 2278 μὲν
721 2221 905 2277 ἰδιώτην
934 2225 1015 2265 τοῦ
1044 2224 1151 2276 βίου
1179 2220 1259 2264 τὸν
1286 2220 1455 2277 ἥμισυν

499 2291 832 2333 ἀπολωλεκέναι
861 2288 1032 2344 νόμιζε,
1064 2288 1143 2332 τὸν
1173 2289 1222 2331 δὲ
1252 2291 1329 2344 τῆς
1357 2290 1512 2344 τέχνης

451 2369 471 2400 5
502 2358 586 2414 τὴν
615 2356 838 2414 ἡμίσειαν,
871 2361 975 2410 ζῶσι
1006 2355 1050 2399 δ’
1074 2355 1320 2413 α’μφότεροι
1349 2356 1489 2411 μόλις.

342 2454 574 2492 Athenaeus
604 2454 645 2500 2,
667 2453 752 2491 470
795 2448 816 2490 ὁ
860 2448 904 2490 δὲ
947 2455 1166 2502 μονοσιτῶν
1208 2453 1332 2489 κεῖται
1372 2445 1467 2499 παρ’
1498 2446 1661 2498 Ἀλέξιδι
1699 2451 1781 2489 κτλ.

230 2513 269 2549 2.
312 2506 536 2562 ποθοῦντ’]
575 2504 752 2547 ποιοῦντ’
787 2509 904 2547 Mein.
955 2521 1006 2546 an
1036 2511 1225 2545 κυοῦντ
1230 2503 1304 2546 ⁷?
1318 2519 1397 2556 quo
1427 2507 1547 2546 verbo
1577 2507 1636 2545 ita
1666 2519 1781 2556 saepe

228 2567 354 2606 utitur
383 2567 510 2605 Plato.
598 2562 788 2618 ποιητὴν]
819 2559 982 2615 ποιητὰς
1013 2564 1088 2604 OD
1128 2566 1168 2602 et
1195 2566 1360 2612 optimae
1386 2564 1479 2612 fidei
1507 2564 1597 2603 libri
1625 2564 1782 2602 Levimi

229 2637 291 2673 ap.
324 2623 491 2663 Casaub.

346 2682 379 2718 1.
412 2676 570 2728 ἰδιώτης
600 2679 663 2717 1110
694 2678 907 2727 opponitur
934 2679 1090 2727 poetae,
1121 2677 1239 2716 homo
1268 2676 1418 2715 nullius
1449 2675 1546 2714 anais
1566 2676 1779 2714 studiosus.

229 2737 264 2775 is
295 2737 328 2775 si
356 2737 460 2775 solus
490 2738 599 2774 cenat
628 2756 678 2762 —
712 2734 785 2772 1100
798 2730 919 2772 'enim
949 2734 1011 2771 hic
1041 2736 1102 2772 est
1131 2735 1366 2783 μονοσιτεῖν,
1397 2732 1502 2781 quod
1531 2744 1670 2770 moneo
1683 2737 1777 2781 'pro-

229 2795 320 2841 pter
350 2792 628 2831 casaubonum
653 2813 717 2840 —‚
749 2791 775 2829 i.
797 2804 830 2829 e.
862 2790 1054 2828 sodalium
1085 2790 1315 2828 societatem
1345 2788 1509 2838 spernit,
1539 2801 1618 2827 non
1647 2789 1778 2826 minus

230 2849 377 2887 stultus
408 2851 469 2887 est
500 2861 616 2897 quam
647 2850 763 2897 poeta
792 2847 860 2897 qui
889 2859 968 2885 non
1000 2846 1068 2884 dat
1099 2859 1257 2896 operam
1288 2844 1540 2884 carminibus.
