1864 3204
225 186 307 228 316
868 184 1121 225 ΑΛΕΞῙΔΟΣ

975 287 1032 330 54

336 371 476 409 Pollux
515 371 663 420 9,153
694 367 846 418 ’Ἀλεξις
876 367 920 408 ἐν
957 370 1152 425 Ποιητρία
1183 371 1342 423 εἴρηκεν
1374 369 1452 420 εὡς
1484 371 1547 412 ἐπὶ
1576 371 1623 412 τὰ
1652 369 1776 413 πολλὰ

225 432 341 465 τοῦτο
370 427 492 465 ποιώ’
509 437 518 447 ·
551 423 594 465 τὸ
627 423 669 464 δὲ
698 422 752 472 ὥς
782 424 846 465 ἐπὶ
875 419 918 465 τὸ
945 426 1100 478 πλῆθος
1130 411 1151 466 ὅ
1181 425 1300 476 αὐτὸς
1331 426 1375 468 ἐν
1406 426 1615 480 Διδύμαις.
1654 431 1780 471 refert

223 484 301 522 hue
331 483 551 522 Meinekius
580 483 850 534 fragmentum
871 484 1089 534 adespoton
1108 486 1213 535 apud
1235 485 1451 525 Stobaeum
1471 487 1609 526 Floril.
1626 488 1693 535 62,
1709 488 1778 538 40,

224 540 319 579 satis
349 540 612 590 probabiliter
644 540 819 580 scribens
849 535 904 586 ὥς
934 537 998 579 ἐπὶ
1027 538 1069 579 τὸ
1093 541 1248 593 πλῆθος
1269 555 1341 592 pro
1361 537 1444 581 ἀλλ’
1466 540 1529 582 ἐπὶ
1550 541 1591 582 τὸ
1611 543 1777 594 πλῆθος.

840 663 923 696 ΔΙΣ
948 663 1156 698 ΠΕΝΘῼΝ

338 743 398 783 Cf.
432 741 505 790 Δὶς
543 740 751 791 ἕξαπατων
780 743 1002 792 Menandri,
1034 741 1109 791 Δὶς
1141 741 1437 796 ἐξαπατώμενος
1468 745 1674 798 Heniochi,
1705 743 1778 793 Δις

224 813 558 896 ξέἓηγέρὲἔμενος
598 800 778 851 Augeae,
821 798 893 847 Δὶς
933 794 1107 852 ναυαγός
1145 801 1443 853 Aristophanis,
1475 805 1515 842 et
1558 802 1727 843 Meinek.
1757 803 1778 842 I

973 909 1030 952 55

1171 965 1245 1009 καὶ
1276 967 1474 1023 Ζωπύρα
1484 1000 1496 1021 ,

496 1032 681 1088 οἰνηρὸν
711 1032 908 1088 ἀγγεῖον.

335 1115 564 1155 Athenaeus
590 1118 654 1165 10,
673 1116 790 1155 441d
821 1113 864 1155 ἕν
893 1112 937 1155 δὲ
961 1115 1031 1163 Δὶς
1061 1119 1283 1156 πενθοῦντι
1313 1116 1509 1168 Ζωπύρας
1539 1110 1644 1165 τινὸς
1673 1133 1774 1170 μνη-

224 1166 406 1223 μονεύων
434 1169 623 1225 (Ἄλεξις)
655 1170 754 1223 φησὶ
785 1173 866 1211 κτλ.

695 1319 879 1352 ΔΟΡΚΙΣ
902 1319 938 1351 Η
962 1318 1311 1352 ΠΟΠΠΤΖΟΤΣΑ

330 1395 483 1437 Ῥόδιον
520 1395 547 1449 ἢ
579 1397 848 1446 Ποππύζουσα
887 1397 1279 1451 Schweighaeuserus
1317 1415 1364 1440 ex
1400 1401 1547 1440 Athen.
1583 1403 1629 1450 9,
1651 1402 1775 1442 395b

225 1455 292 1506 (fr.
325 1454 409 1505 57).
460 1456 622 1494 alterius
660 1456 816 1495 fabulae
854 1453 1072 1507 διασκευήν
1108 1470 1192 1497 esse
1232 1458 1399 1497 coniecit
1436 1458 1668 1497 Meinekius.
1727 1458 1775 1498 de

222 1515 399 1562 tempore
430 1512 534 1550 idem
567 1512 586 1550 I
618 1513 711 1551 387.
893 1554 895 1557 ,
973 1565 1028 1608 56

493 1651 584 1694 τοῖς
614 1641 920 1699 ἰχθυοπώλαις
951 1644 1075 1688 ἐστὶν
1106 1646 1428 1701 ἐψηφισμένον,

495 1711 555 1763 ὥς
584 1724 717 1767 φασι,
749 1714 921 1767 χαλκῆν
951 1713 1308 1768 Καλλιμέδοντος
1337 1711 1491 1756 εἰκόνα

494 1783 656 1835 στῆσαι
685 1782 1082 1835 Παναθηναίοισιν
1114 1779 1162 1822 ἐν
1192 1788 1284 1831 τοῖς
1314 1779 1512 1836 ἰχθύσιν,

494 1849 686 1902 ἔχουσαν
717 1846 854 1890 ὀπτὸν
884 1845 1088 1903 κάραβον
1119 1848 1171 1891 ἐν
1200 1851 1255 1904 τῇ
1285 1849 1428 1904 δεξιᾷ,

447 1924 468 1956 5
500 1912 558 1965 ὦς
587 1913 730 1957 αὐτὸν
760 1913 856 1958 ὅντ’
879 1914 1054 1958 αὐτοῖσι
1084 1918 1161 1971 τῆς
1190 1917 1345 1972 τέχνης
1373 1914 1516 1970 μόνον

493 1985 696 2038 σωτῆρα,
726 1981 832 2034 τούς
861 1981 1027 2033 ἄλλους
1057 1984 1105 2025 δὲ
1135 1982 1304 2034 πάντας
1333 1985 1501 2040 ζημίαν.

338 2078 568 2116 Athenaeus
599 2077 785 2124 3‚104d
814 2074 966 2124 ’Ἀλεξις
1005 2075 1079 2127 μὲν
1108 2070 1183 2115 ουν
1212 2069 1336 2115 αὐτὸν
1366 2073 1699 2130 (Καλλιμέδοντα)
1731 2075 1774 2116 ἐν

227 2132 395 2196 Δορκίδι
423 2129 452 2184 η’
473 2131 746 2185 Ποππυζούσῃ
777 2132 973 2183 φίλιχθυν
1003 2127 1104 2171 εἶναι
1133 2138 1276 2178 κοινως
1296 2131 1557 2184 παραδίδωσι,
1588 2131 1774 2186 καθάπερ

224 2187 290 2228 καὶ
322 2182 434 2227 άλλοι
463 2189 542 2228 τῶν
570 2188 891 2255 κωμῳδιοποιῶν,
922 2187 1046 2240 λέγων
1075 2187 1199 2234 ούτως
1227 2191 1308 2232 κτλ
1396 2191 1435 2229 3.
1465 2185 1623 2239 στήσειν
1651 2190 1697 2230 C.
1719 2211 1774 2219 —-

225 2244 269 2285 ἐν
299 2249 378 2291 τοῖς
408 2244 588 2296 ἰχθύσιν,
625 2248 670 2286 in
704 2247 789 2294 foro
820 2248 1003 2295 piscario.
1053 2247 1101 2287 cf
1133 2259 1233 2296 quae
1262 2246 1537 2286 adnotavimus
1567 2247 1614 2285 ad
1646 2247 1772 2286 Arist.

224 2304 300 2353 Eq.
333 2303 428 2342 857.
459 2304 558 2341 Ran.
593 2303 713 2342 1068.
745 2303 889 2352 Eupol.
921 2303 1015 2342 304.
1053 2299 1098 2341 ἐν
1127 2306 1174 2356 τῇ
1204 2301 1327 2356 δεξιᾷ,
1358 2304 1404 2341 ut
1434 2303 1557 2342 Arist.
1578 2303 1685 2342 Eool.
1707 2304 1772 2342 50.

223 2361 261 2398 5.
281 2362 318 2401 6.
350 2361 383 2398 si
414 2360 511 2409 quid
549 2359 663 2398 video
703 2359 953 2398 scribendum
992 2361 1051 2398 est
1078 2357 1234 2410 μέγαν
1263 2362 1432 2410 σωτῆρα,
1471 2361 1575 2405 τοῖς
1605 2357 1773 2404 ἄλλοις

223 2413 267 2453 δὲ
296 2412 488 2461 πάντως
519 2416 549 2461 ζ.
600 2416 650 2455 ef.
683 2415 804 2464 Soph.
837 2415 959 2455 0001.
989 2415 1086 2454 459.
1137 2414 1347 2465 φιλίχθυες
1377 2416 1483 2454 enim
1513 2428 1649 2454 omnes
1679 2419 1774 2455 sunt

222 2472 507 2520 Atheniensem
540 2472 607 2510 sed
630 2472 874 2510 Callimedon
905 2473 1069 2521 propter
1097 2473 1354 2512 voracitatem
1374 2473 1531 2521 praebet
1550 2473 1702 2511 eeteros
1722 2472 1772 2511 de

223 2530 461 2568 cetariorum
490 2531 609 2579 gente
640 2529 739 2567 bene
769 2528 952 2577 meritus,
985 2529 1136 2568 civibus
1168 2541 1213 2567 ea
1241 2524 1333 2578 ipsa
1356 2528 1403 2566 de
1434 2541 1551 2567 eausa
1579 2528 1772 2578 pernicio-

224 2598 290 2624 sus
320 2585 410 2623 fuit.

970 2637 1024 2680 57

1241 2687 1503 2748 περιστερὰς

469 2761 604 2803 ἔνδον
633 2760 779 2815 τρέφω
811 2763 902 2802 τῶν
933 2762 1185 2802 Σικελικῶν
1214 2759 1388 2803 τούτων
1419 2759 1540 2802 πάνυ

468 2826 652 2882 κομψάς.
