1864 3204
602 218 790 254 A10A02
839 216 1084 252 hammon
1540 212 1626 255 429

830 353 858 396 2

228 435 321 493 [καὶ
352 435 455 491 περὶ
483 434 567 513 μὲν
598 433 716 484 ὄψου
745 432 791 490 γ’
814 431 998 489 ἠλίθιον
1027 428 1078 475 τὸ
1108 431 1184 475 καὶ
1215 432 1365 487 λέγειν

230 502 383 558 ωσπερ
413 499 526 560 πρὸς
555 499 844 558 ἀπλήστους]
887 499 1001 543 ἀλλά
1032 501 1161 543 ταυτὶ
1192 499 1419 555 λάμβανε,

227 572 444 627 παρθένε,
465 572 519 615 τὰ
539 573 671 626 μῆλα.
702 573 754 613 Β.
778 569 893 612 καλά
913 584 978 624 γε.
1011 573 1062 611 A.
1086 565 1202 611 καλα
1224 565 1339 624 δῆτ’,
1363 583 1397 609 ω
1419 567 1536 609 θεοί.

229 640 391 683 νεωστὶ
418 638 507 695 γὰρ
537 636 588 682 τὸ
618 638 795 695 σπέρμα
825 635 948 681 τοῦτ’
971 636 1228 692 ἀφιγμένον

179 718 200 749 5
232 709 295 759 εἰς
323 706 402 759 τὰς
424 706 620 764 Ἀθήνας
650 706 746 751 ἐστὶ
776 703 897 762 παρὰ
927 708 1009 748 τοῦ
1039 701 1271 760 βασιλέως.

227 779 279 819 Β.
311 774 416 831 παρ’
445 773 739 833 Ἑσπερίδων,
771 772 898 832 ᾤμην
927 789 993 830 γε.
1043 777 1097 816 A.
1131 771 1188 829 νὴ
1219 772 1304 829 τὴν
1322 770 1550 828 Ἄρτεμιν,

230 843 374 900 φασὶν
402 842 457 887 τοὶ
488 847 634 900 χρυσᾶ
664 845 782 899 μῆλα
812 841 940 886 ταῦτ’
964 839 1095 886 εἶναι.
1146 844 1196 884 Β.
1229 843 1332 896 τρία

230 913 375 969 μόνον
406 912 545 956 ἐστίν.
596 916 648 955 A.
682 909 837 966 ὀλίγον
865 908 916 954 τὸ
947 911 1090 954 καλόν
1122 908 1217 953 ἐστι
1248 910 1482 964 πανταχοῦ

229 980 304 1024 καὶ
334 982 494 1036 τίμιον.
546 983 593 1023 Β.
623 979 800 1023 τούτων
829 979 914 1035 μὲν
944 977 1125 1034 ὀβολόν,
1159 979 1201 1021 εἰ
1227 978 1362 1032 πολύ,

159 1059 202 1090 10
231 1050 402 1105 τίθημι.
452 1050 691 1104 λογιοῦμαι
721 1047 822 1103 γάρ.
874 1052 927 1090 Α.
962 1040 1094 1090 αὗται
1125 1047 1175 1091 δὲ
1207 1047 1322 1103 ῥόαι.

230 1120 281 1161 Β.
312 1114 375 1167 ὥς
405 1115 616 1172 εὐγενεῖς.
666 1121 720 1159 A.
752 1116 839 1172 τὴν
867 1113 954 1171 γὰρ
982 1114 1252 1172 Ἀφροδίτην
1284 1114 1335 1157 ἐν
1368 1114 1541 1172 Κύπρῳ

230 1186 425 1240 δένδρον
454 1188 679 1240 φυτεῦσαι
709 1184 844 1228 τοῦτό
874 1195 1015 1239 φασιν
1046 1185 1096 1227 ἓν
1126 1182 1284 1239 μόνον.

231 1256 281 1297 Β.
312 1253 496 1309 βέρβεια
527 1255 811 1309 πολυτίμητε.
863 1245 978 1310 κᾷτα
1008 1259 1128 1307 τρεῖς
1156 1251 1298 1308 μόνας

231 1320 307 1364 καὶ
337 1319 465 1364 τάσδ’
490 1320 725 1378 ἐκόμισας;
775 1325 829 1365 Α.
861 1319 916 1364 ού
946 1321 1036 1376 γὰρ
1068 1317 1191 1376 εἶχον
1220 1321 1450 1370 πλείονας.

176 1415 408 1456 Athenaeus
439 1418 483 1463 3,
506 1416 603 1456 84b
647 1413 709 1455 ότι
746 1411 786 1454 δ’
824 1429 950 1463 ουτως
990 1413 1034 1454 ἐκ
1071 1419 1142 1465 τῆς
1179 1412 1266 1454 ἄνω
1306 1413 1437 1466 χώρας
1477 1411 1629 1464 ἐκείνης

60 1469 208 1542 κατέβη
245 1470 302 1520 είς
339 1470 433 1520 τοὺς
459 1468 662 1523 ’Έλληνας
703 1470 745 1512 τὸ
783 1470 914 1523 φυτὸν
951 1477 1068 1512 τοῦτο
1104 1469 1170 1527 (τὰ
1199 1470 1330 1522 κίτρια
1360 1468 1485 1526 μῆλα)
1523 1469 1631 1509 ἔστιν

61 1525 196 1582 εὖρεῖν
224 1524 437 1597 λεγόμενον
465 1528 532 1569 καὶ
561 1528 668 1582 παρὰ
700 1533 782 1577 τοῖς
813 1534 886 1580 τῆς
916 1528 1124 1584 κωμῳδίας
1154 1532 1351 1580 ποιηταῖς,
1382 1528 1422 1567 οἳ
1451 1542 1518 1566 και
1542 1525 1630 1579 περὶ

59 1583 260 1655 μεγέθους
304 1582 442 1626 αὐτῶν
485 1601 522 1626 τι
558 1584 736 1638 λέγοντες
776 1601 855 1626 των
890 1586 1053 1636 κιτρίων
1089 1583 1359 1654 μνημονεύειν
1397 1585 1629 1635 φαίνονται

67 1639 302 1694 Αντιφᾶνης
332 1639 407 1692 μὲν
436 1640 480 1682 ἕν
510 1642 694 1683 Βοιωτίδι
726 1642 794 1696 (fr.
817 1641 906 1697 58).
948 1642 1118 1695 ’Έριφος
1149 1638 1188 1682 δ’
1213 1640 1257 1681 ἐν
1287 1641 1492 1695 Μελιβοία
1523 1637 1629 1680 αὐτὰ

62 1699 186 1739 ταῦτα
215 1697 262 1739 τὰ
292 1698 454 1750 ἰαμβεῖα
484 1698 650 1751 προθεὶς
680 1697 735 1748 ὥς
766 1699 850 1740 ἴδια
881 1715 927 1739 τα
959 1705 1031 1739 τοῦ
1057 1695 1322 1750 Ἀντιφάνους
1350 1697 1529 1750 ἐπιφέρει
1548 1700 1630 1740 κτλ.

0 1754 1 1793 ἰ
64 1758 112 1796 de
151 1771 189 1796 v.
225 1759 311 1795 1—
323 1758 347 1796 9
387 1758 437 1797 cf.
469 1758 689 1808 Antiphan.
722 1758 788 1797 58.
879 1759 945 1797 10.
985 1753 1114 1809 ρόαιγ’
1146 1757 1196 1796 A.
1288 1758 1353 1796 13.
1384 1756 1502 1808 βερβε
1505 1769 1546 1793 αι
1576 1755 1628 1794 A.

65 1810 493 1910 ἕΑρμαιαῖπολυτίμιητα
527 1815 692 1909 {eiffela
746 1804 938 1911 Θκιῖαὲ
947 1811 1047 1910 aaz&
1078 1814 1151 1910 A.A
1221 1814 1286 1853 14.
1288 1809 1436 1910 ίἱτοῖΙσξε
1466 1810 1630 1864 κομίσας

65 1869 155 1978 βεια
185 1883 426 1967 εοῗεζξιιιειῖι·
439 1884 607 1968 ἰδίἱῑαεεεέ
630 1884 795 1967 thoglt'nen
812 1884 1090 1968 Veneggcftlgt
1118 1884 1224 1978 a11311111d
1243 1883 1438 1978 cgyprios.
1509 1866 1630 1965 πξλε-

67 1981 360 2080 fflrog2elnim
390 1985 596 2035 epitheton
622 1988 683 2024 est
703 1985 879 2025 deorum.
911 1984 1036 2025 Arist.
1059 1985 1165 2024 Nub.
1189 1985 1284 2023 293.
1308 1984 1403 2023 3.28
1435 1983 1510 2022 Av.
1535 1984 1631 2022 667.

835 2130 862 2173 3

303 2210 443 2250 ταῦτα
474 2205 561 2264 γὰρ
593 2209 642 2251 οἱ
666 2208 853 2265 πένητες
883 2207 968 2251 οὐκ
999 2210 1176 2264 ἔχοντες
1205 2206 1428 2263 ἀγοράσαι

300 2271 608 2332 ὑπογάστριον
638 2275 892 2330 θύννακος,
925 2275 1034 2320 οὐδὲ
1065 2278 1258 2332 κρανίον

302 2341 552 2399 λάβρακος,
583 2342 689 2387 οὐδὲ
720 2344 932 2400 γόγγρον,
965 2343 1075 2387 οὐδὲ
1106 2347 1289 2400 σηπίας,

303 2407 357 2460 ἃς
386 2408 494 2454 οὐδὲ
523 2409 726 2467 μάκαρας
755 2409 991 2468 ὑπερορᾶν
1020 2408 1144 2467 οἶμαι
1173 2411 1323 2462 θεούς.

187 2503 418 2544 Athenaeus
450 2506 494 2555 7,
525 2506 607 2545 302
627 2519 648 2544 e
679 2502 850 2556 ’Έριφος
889 2504 1092 2559 Μελιβοία
1129 2507 1213 2544 κτλ.
1264 2507 1305 2545 et
1344 2519 1421 2545 om.
1460 2505 1634 2544 auctoris

74 2560 313 2611 fabulaeque
341 2561 502 2601 nomine
532 2562 769 2602 Eustathius
792 2562 913 2612 1720,
924 2563 977 2602 59
1008 2562 1049 2601 οἰ
1069 2545 1238 2614 πένητες
1269 2564 1350 2602 κτλ.
1382 2562 1488 2601 unde
1509 2561 1633 2601 Dobr.

66 2614 158 2667 ”.Ερ
198 2618 259 2655 Μ.
306 2621 430 2655 ταῦτα
471 2615 632 2670 γράφει
682 2617 724 2656 οἰ
763 2615 926 2668 πένητες
970 2620 1051 2658 κτλ.
1149 2623 1186 2658 1.
1225 2625 1347 2658 ταῦτα
1377 2615 1474 2672 γὰρ]
1507 2613 1633 2657 ταῦθ’

76 2673 248 2713 casaub.
283 2668 396 2711 ταῦτ’
418 2688 497 2722 αρα
527 2671 692 2725 πένητες
723 2674 774 2714 H.
796 2674 930 2714 Iacobi
962 2675 996 2711 V
1018 2677 1083 2717 94
1113 2675 1236 2715 ταῦτα
1266 2670 1338 2727 γὰρ
1365 2676 1371 2725 Ι
1398 2674 1440 2714 οἱ
1464 2671 1536 2725 μὲν
1565 2671 1635 2714 πέ-

77 2743 190 2780 νητες
222 2731 342 2769 Mein.
363 2731 441 2769 An.
461 2730 555 2770 Ath.
583 2732 674 2770 134.
704 2727 823 2783 ἆταρ
853 2731 894 2770 οἰ
918 2745 960 2773 π.
983 2732 1033 2771 Κ.
1121 2734 1162 2771 4.
1193 2731 1375 2783 μάκαρας
1407 2732 1478 2772 ΒΟ
1500 2728 1634 2783 Eust]

14 2822 18 2824 ,
75 2800 260 2837 μακρανη
292 2786 339 2825 A.
371 2809 424 2814 —
454 2787 619 2827 verbum
651 2787 808 2827 finitum
838 2789 880 2827 in
909 2789 966 2827 eis
997 2789 1241 2839 sequebatur
1272 2802 1373 2839 quae
1404 2789 1634 2829 Athenaeus

79 2843 227 2892 omisit,
259 2843 336 2881 nisi
367 2843 470 2882 forte
500 2843 753 2883 scribendum
785 2847 847 2884 est
876 2842 1090 2895 ἔχουσιν.
