1806 3216
243 210 326 252 566
924 204 1134 241 ΔιΦιΛοΤ

243 316 281 352 4.
323 309 458 350 σώσει’
498 309 681 362 Porson.]
721 306 885 348 σώσειεν
913 310 962 350 Α.
1078 311 1118 348 5.
1159 307 1436 363 τραγῳδίαισιν
1454 274 1528 363 ·L]
1563 321 1636 362 τρα
1661 307 1803 364 φδίαις

243 366 299 407 ἵν’
332 369 380 406 Α.
468 381 504 406 v.
528 369 550 405 7
582 371 644 405 est
672 367 811 415 Eurip.
842 367 891 405 fr.
914 367 1052 415 187,1
1086 366 1149 412 N.,
1179 366 1247 404 ubi
1277 368 1500 416 sequnntur
1528 363 1577 404 τὰ
1705 361 1799 405 ’mi‘

244 424 376 470 οἴκους
415 421 553 476 ἀμελίᾳ
591 421 728 473 παρεὶς
769 420 827 477 ἐᾷ.
915 436 954 461 v.
984 423 1010 461 8
1039 423 1126 472 ipse
1155 423 1334 462 adfinxit.
1432 424 1471 462 9.
1502 435 1632 473 τυχων
1660 422 1801 474 Eurip-

243 482 330 531 Iph.
362 481 406 518 T.
440 479 540 530 535]
573 480 758 529 μολεῐΑ.
849 481 914 520 10.
945 476 1026 532 σοι]
1055 491 1123 529 μοι
1153 479 1273 518 Mein.
1303 479 1383 518 An.
1414 479 1510 518 Ath.
1543 479 1636 519 108.
1702 506 1706 509 -
1767 487 1769 489 ’

357 536 675 586 ‘conloquuntur
710 536 874 586 Synoris
915 539 957 574 et
994 536 1230 586 parasitus&
1261 528 1380 575 Mein.
1480 537 1518 574 1.
1535 535 1654 578 flat.
1672 533 1799 587 Reip

246 596 283 640 6,
307 594 424 631 49ld
454 591 595 630 κάκιον
624 588 896 630 ἀπαλλάττειν.
946 593 1047 631 Xen.
1066 591 1212 642 Gyr.4,
1234 595 1268 638 1,
1287 593 1312 630 5
1344 590 1447 646 ῥᾷον
1475 589 1802 633 ἀπαλλάττουσιν.-

245 651 363 688 Mcm.
397 652 432 698 1,
466 652 502 696 7,
536 650 559 687 3
591 648 761 699 αἰσχρῶς
791 663 830 687 τε
860 646 927 687 καὶ
955 653 1087 694 κακῶς
1117 644 1385 695 ἀπαλλάξειεν.
1446 648 1596 700 Cyneg.
1618 651 1657 698 3,
1680 650 1706 688 3
1735 660 1804 700 χα-

243 710 371 752 λεπῶς
400 702 729 744 ἀπαλλάττουσιν.
763 706 969 744 Demosth.
989 707 1053 751 18,
1074 707 1126 744 65
1147 708 1279 756 χεῖρον
1298 701 1587 755 ἀπηλλάχασιν.
1617 705 1803 748 Aeschin.

245 764 282 810 3,
309 764 386 800 158
418 758 547 807 οὐδεὶς
577 763 707 808 καλῶς
738 758 949 810 ἀπήλλαξε.
1040 763 1079 801 3.
1111 761 1213 800 Poll.
1237 763 1275 811 9,
1293 763 1369 800 101
1403 759 1486 800 ἐπεὶ
1514 765 1595 809 τοῖς
1625 776 1803 813 τετταρα-

248 832 367 857 κοντα
399 821 477 864 τοῖς
507 818 602 868 μετὰ
633 816 723 864 τοὺς
756 816 963 869 τριάκοντα
992 822 1211 869 προστᾶσιν
1234 814 1431 868 Ἀθήνησι
1461 819 1657 869 συνῆρξεν
1685 814 1804 870 Εὖριο

244 874 376 925 πίδης,
406 874 443 913 εἰ
470 872 752 925 τετταράκοντα
784 873 1048 926 συνήθροιζεν
1084 870 1343 926 ἀστραγάλων
1371 873 1490 925 βολή,
1528 873 1598 914 τὸν
1625 871 1806 927 ἀριθμὸν

250 937 390 969 τοῦτον
419 927 649 982 Εὐριπίδην
677 927 893 982 ὠνόμαζον.
944 932 994 971 cf.
1026 931 1161 971 Schol.
1190 931 1291 970 Plat.
1323 931 1416 982 Lys.
1441 933 1522 971 206
1533 945 1567 970 e.
1617 932 1802 972 Eustnth.

248 989 378 1035 1289,
412 989 479 1027 61.
541 989 588 1027 de
628 989 893 1039 quadraginta
930 989 1027 1027 viris
1064 988 1144 1027 illis
1183 988 1450 1027 dubitationes
1491 988 1672 1040 (fuerunt
1700 990 1806 1029 enim

249 1042 400 1097 decem)
438 1057 520 1083 non
557 1046 764 1094 pertinent
799 1045 849 1084 ad
886 1044 1038 1094 Diphili
1078 1045 1267 1083 fabulam.
1328 1044 1538 1095 Euripides
1574 1047 1708 1085 autem
1739 1045 1806 1086 hic

252 1114 491 1151 quamquam
523 1114 546 1140 a
581 1102 856 1152 poetarlonge
894 1102 1071 1140 diversus
1100 1102 1197 1151 fuit,
1228 1114 1277 1140 ex
1305 1102 1511 1141 nominum
1540 1105 1733 1143 concentu
1760 1104 1803 1142 et

245 1161 339 1196 nota
387 1157 527 1208 tragici
571 1158 761 1197 adversus
806 1158 992 1197 mulieres
1037 1159 1238 1197 simultate
1282 1159 1412 1197 iocum
1454 1159 1586 1208 petiit.
1655 1159 1806 1207 iactum

247 1214 394 1262 felicem
424 1215 480 1253 sic
509 1215 700 1265 adpellari
730 1211 798 1267 (ab
829 1208 875 1253 εὖ
906 1212 1073 1265 ῥίπτειν)
1103 1214 1302 1265 Sauppius
1333 1215 1498 1254 monuit.

450 1390 688 1446 ὀργίζεται;
721 1390 965 1445 παράσιτος
995 1389 1063 1434 ὦν
1092 1390 1331 1446 ὀργίζεταις

450 1463 500 1502 Β.
532 1457 615 1501 οὐκ
646 1457 739 1501 ἀλλ’
774 1457 960 1512 ἀλείψας
989 1457 1071 1515 τὴν
1100 1458 1321 1514 τράπεζαν
1350 1462 1406 1516 τῇ
1436 1463 1547 1516 χολῇ
1624 1455 1626 1457 ’

456 1526 610 1582 ὥσπερ
640 1524 694 1569 τὰ
726 1525 868 1570 παιδί’
902 1526 1043 1570 αὐτὸν
1073 1525 1401 1582 ἀπογαλακτιεῖ.

739 1651 838 1694 τότε
869 1651 1052 1707 φάγοις,
1083 1649 1319 1707 παράσιθ’.
1374 1655 1419 1695 B.
1452 1653 1537 1707 ὅρα

401 1729 421 1759 5
453 1717 514 1769 ὥς
543 1720 813 1774 διασέσυρκε
842 1718 926 1774 τήν
956 1720 1137 1774 τέχνην·
1165 1717 1248 1762 οὐκ
1278 1717 1399 1763 οἷσθ’
1434 1718 1502 1763 ὅτι

451 1785 560 1841 μετὰ
590 1785 670 1829 τὸν
700 1787 963 1844 κιθαρῳδὸν
993 1784 1017 1828 ὁ
1045 1786 1293 1842 παράσιτος
1322 1790 1544 1844 κρίνεται,

363 1881 592 1921 Athenaeus
624 1883 666 1931 6,
701 1882 814 1920 2470
843 1879 888 1920 ἐν
917 1878 962 1920 δὲ
990 1881 1040 1935 τῇ
1073 1879 1263 1936 διασκευῇ
1291 1877 1419 1920 αὐτοῦ
1447 1886 1519 1920 τοῦ
1547 1883 1636 1934 (τοῦ
1663 1879 1806 1937 αὐτοῦ)

253 1937 319 1986 (fr.
340 1937 411 1987 74)
433 1936 630 1988 δράματος
659 1936 748 1990 περὶ
776 1934 1032 1990 ὀργιζομένου
1051 1937 1271 1990 παρασίτου
1297 1936 1423 1990 λέγων
1442 1937 1579 1988 φησίν.
1627 1937 1697 1979 καὶ
1715 1937 1806 1992 ἑξῆς

251 1994 317 2044 (fr.
338 1991 424 2048 75).
469 1995 702 2034 Eustathius
722 1996 843 2044 1829,
861 1996 914 2034 49
939 1994 1113 2045 Διφίλου
1143 1999 1214 2034 τοῦ
1243 1994 1437 2056 κωμῳδοῦ
1466 1990 1509 2034 τὸ
1534 1990 1615 2034 αλλ’
1641 1992 1806 2045 ἀλείψας

249 2050 296 2104 τῇ
333 2053 428 2103 χολῇ
463 2047 763 2102 ἀπογαλακτίζει
807 2047 877 2090 τὸν
913 2050 1023 2091 δεῖνα
1068 2048 1202 2103 ωσπερ
1238 2065 1284 2089 τα
1320 2050 1476 2092 παιδία.
1590 2055 1630 2092 3.
1666 2047 1806 2105 αὑτὸν]

250 2125 374 2168 αὐτὸν
402 2130 450 2169 A.
540 2131 579 2170 4.
609 2126 799 2179 παράσιτε
830 2131 881 2169 Α.
975 2132 1013 2170 5.
1044 2127 1276 2182 διασέσυρκε
1306 2128 1359 2182 Β]
1390 2113 1644 2183 διασεσυρειιε
1673 2133 1722 2171 A.

368 2188 404 2224 2.
436 2187 612 2226 nutrices
642 2189 689 2226 ut
716 2187 888 2227 infantes
917 2188 1119 2226 ablactent
1147 2199 1340 2226 mammas
1368 2188 1460 2227 felle
1480 2189 1696 2239 inungunt.
1734 2187 1806 2229 ‘ita

250 2244 446 2292 parasitus
490 2244 567 2282 bile
597 2245 638 2282 in
669 2257 847 2284 mensam
876 2245 1112 2294 hospitalem
1142 2244 1266 2283 effusa
1294 2257 1336 2284 se
1365 2245 1450 2294 ipse
1479 2257 1503 2283 a
1532 2245 1712 2285 convivio
1741 2258 1806 2285 ex-

251 2299 412 2338 cludet.'
501 2302 539 2338 4.
570 2313 760 2350 personas
788 2301 973 2340 distinxit
1000 2301 1151 2341 Iacobs.
1182 2301 1287 2339 Add.
1309 2300 1406 2339 Ath.
1430 2302 1521 2340 153.
1602 2303 1641 2340 5.
1672 2305 1806 2348 artem,

253 2356 515 2406 parasitioam.
566 2357 696 2398 Plaut
729 2357 844 2407 Capt.
878 2359 915 2407 3,
941 2359 976 2407 1,
1000 2359 1039 2396 9.
1142 2358 1180 2396 6.
1212 2358 1239 2395 i.
1270 2370 1303 2396 e.
1334 2357 1537 2408 proximus
1565 2360 1658 2408 post
1683 2357 1806 2398 citha-

255 2413 417 2451 roedum
438 2413 548 2452 locus
569 2415 744 2463 parasito
766 2414 1007 2453 conceditur.
1054 2412 1203 2463 κρίνειν
1223 2414 1407 2453 similiter
1426 2414 1549 2453 Arist.
1567 2413 1666 2453 ΒΜ.
1686 2415 1806 2454 1416.

252 2469 476 2508 Av.1102.
516 2471 637 2508 1114.
681 2470 785 2509 Ecel.
815 2471 920 2509 1155
941 2484 1000 2520 sq.
1059 2471 1187 2509 simile
1216 2470 1473 2520 proverbium
1502 2468 1599 2520 μετὰ
1630 2469 1806 2522 Λέσβιον

252 2520 358 2578 ᾠδόν
388 2525 699 2578 (Terpandrum)
731 2526 880 2566 cratin.
913 2527 1007 2566 243.

1002 2624 1056 2667 76

520 2700 615 2746 ἕλκ’
648 2703 694 2753 ἐς
722 2703 860 2758 μέσον
888 2699 968 2745 τὸν
997 2702 1137 2758 φιμὸν
1167 2701 1228 2765 ὥς
1256 2700 1315 2745 ἂν
1346 2701 1533 2759 ἐμβάλῃ.

366 2764 627 2846 Harpocratio
657 2800 698 2835 et
728 2793 821 2849 (om.
845 2797 1001 2836 fabulae
1029 2796 1207 2847 nomine)
1237 2777 1402 2836 Photius
1432 2799 1472 2836 et
1501 2796 1646 2836 Suidas
1673 2794 1804 2847 φιμοί.

253 2851 447 2903 Αἰσχίνης
478 2851 536 2905 (1,
558 2853 649 2903 59).
668 2883 678 2892 .
697 2851 887 2904 .“φιμοὺς
915 2851 982 2892 καὶ
1011 2850 1280 2905 κυβευτικὰ
1311 2850 1422 2905 ἕτερα
1450 2850 1633 2904 ὅργανα’.
1681 2850 1806 2904 φιμδς
