1864 3204
511 217 787 252 ΔιοΝΤΣιοΤ
810 215 1155 251 ΘΕεΜοΦοΡοΣ
1513 213 1610 257 423-

534 389 576 437 Δ
601 388 627 437 Ι
652 387 697 436 Ο
723 388 769 437 N
792 388 839 436 T
862 388 904 436 Σ
928 387 954 436 Ι
979 386 1024 437 Ο
1050 388 1092 435 Σ

614 491 1016 531 Meinek.1419.20.

605 614 1026 649 ΑΚΟΝΤῙΖΟΜΕΝΟΣ

148 693 443 749 Ἀκοντιζομένῃ
473 698 535 737 esi:
567 696 818 747 Antiphanis,
848 695 1169 737 Acontizomenos
1199 694 1270 735 Cn.
1289 694 1444 734 Naevii.
1477 693 1598 733 Mein.

41 755 60 794 Ι
91 756 189 795 420.
236 754 284 796 Ο.
314 755 505 795 Ribbeck.
538 753 648 794 Com.
683 755 797 793 Rom.
829 750 900 794 fr.²
930 755 970 793 5.

270 930 378 976 ὥστ’
403 930 545 976 ἐνίοτ’
568 928 625 975 ἄν
654 931 854 974 τούτοισι
883 933 1029 974 ποιῶν
1058 928 1259 987 ματτύην

270 1000 481 1044 σπεύδων
510 998 589 1054 ἅμ’
613 1000 851 1055 εἰσήνεγκα
881 997 1141 1055 διαμαρτών
1171 1000 1280 1080 μίαν

273 1068 402 1112 ἄκων
432 1066 690 1124 περιφορὰν
720 1071 812 1110 τῶν
841 1069 1019 1122 νεκρῶν
1049 1064 1109 1117 ὥς
1137 1066 1218 1109 τὸν
1247 1065 1428 1122 νεκρόν.

156 1165 382 1204 Athenaeus
413 1164 485 1214 14,
508 1163 632 1202 664d
673 1159 888 1208 Διονύσιος
927 1159 971 1200 ἕν
997 1157 1323 1214 Ἀκοντιζομένω·
1361 1157 1601 1211 μάγειρος

38 1217 77 1260 δ
112 1218 247 1260 ἐστὶν
276 1215 297 1259 ὁ
325 1218 478 1271 λέγων
506 1221 588 1259 κτλ.
669 1221 705 1260 1.
736 1217 908 1258 τούτοισι
925 1215 1024 1271 VL]
1055 1213 1193 1256 τούτου
1221 1220 1323 1256 τοῖσι
1343 1217 1391 1257 A.
1422 1216 1602 1266 Xenoph.

37 1278 132 1330 Cyr.
156 1279 194 1329 2,
214 1279 251 1326 2,
268 1278 295 1316 4
323 1273 528 1330 περιέφερε
556 1274 600 1314 τὸ
630 1274 773 1327 τρίτον,
803 1273 900 1326 ὅπερ
930 1272 982 1325 δὴ
1014 1272 1154 1314 λοιπὸν
1182 1268 1236 1326 ἦν
1265 1279 1337 1325 τῆς
1366 1277 1600 1325 περιφορᾶς

39 1338 133 1375 sunt
163 1335 320 1386 singula
349 1335 500 1374 fereula
530 1334 700 1384 singulis
730 1333 908 1372 convivis
938 1332 1082 1374 oblata.
1115 1344 1357 1382 quamquam
1387 1331 1510 1370 densa
1539 1343 1600 1370 ca

11 1415 14 1418 Δ
37 1392 161 1443 ligine
182 1393 279 1431 haec
298 1394 545 1442 premunssur,
575 1393 711 1429 tamen
730 1391 814 1430 veri
836 1386 966 1429 simile
986 1391 1047 1429 est
1066 1401 1236 1440 coquum
1256 1388 1420 1440 gloriari
1441 1400 1482 1427 se
1502 1389 1602 1427 mat-

38 1451 110 1500 tya
144 1448 357 1500 aliquando
396 1448 585 1497 adparata
623 1447 811 1486 damnum
858 1459 937 1486 uno
984 1446 1131 1485 ferculo
1171 1445 1388 1485 admissum
1427 1445 1601 1484 sarsisse.

37 1506 86 1546 ef.
117 1506 283 1545 Philem.
316 1506 381 1554 79,
405 1506 472 1543 25.

646 1579 991 1615 ΘΕΣΜΟΦΟΡΟΣ

159 1664 319 1703 Titulus
349 1663 445 1714 quid
475 1661 674 1715 significet
704 1661 935 1713 ambiguum
965 1663 1041 1703 est.

245 1853 426 1907 σφόδρα
456 1867 532 1907 μοι
562 1850 816 1906 κεχάρισαι,
846 1851 1008 1906 Σιμία,
1041 1847 1096 1905 νὴ
1126 1847 1234 1899 τούς
1262 1849 1426 1902 θεούς,

245 1918 374 1964 ταυτὶ
404 1921 643 1974 προείπας·
675 1916 755 1961 τὸν
784 1916 1002 1974 μάγειρον
1033 1917 1200 1960 εἰδέναι

246 1987 364 2032 πολὺ
394 1989 466 2031 δεῖ
492 1983 578 2042 γὰρ
609 1986 680 2030 ἀεὶ
711 1987 935 2042 πρότερον
965 1979 1033 2036 οἷς
1062 1986 1213 2040 μέλλει
1242 1991 1390 2027 ποιεῖν

245 2056 296 2101 τὸ
328 2057 516 2099 δεῖπνον
543 2051 574 2110 ἦ
603 2051 654 2098 τὸ
685 2055 872 2097 δεῖπνον
904 2052 1120 2108 ἐγχειρεῖν
1150 2059 1321 2095 ποιεῖν·

201 2136 222 2167 5
252 2125 311 2168 ἂν
340 2125 424 2180 μὲν
453 2121 540 2179 γὰρ
570 2123 621 2167 ἕν
650 2138 717 2172 τις
745 2119 868 2165 τοῦτ’
894 2120 1113 2178 ἐπιβλέψῃ
1144 2120 1288 2176 μόνον

247 2190 418 2245 τοῦψον
448 2193 633 2246 ποιῆσαι
663 2188 776 2234 κατὰ
805 2189 976 2246 τρόπον
1004 2192 1100 2239 πῶς
1130 2190 1221 2244 δεῖ,
1252 2190 1354 2231 τίνα

248 2258 420 2317 τρόπον
450 2263 725 2315 παραθεῖναι
755 2257 798 2300 δ’
821 2257 850 2314 ἢ
880 2255 978 2301 πότ’
1000 2255 1030 2312 ἦ
1060 2260 1155 2307 πῶς
1184 2256 1404 2299 σκευάσαι
1452 2309 1460 2318 0

249 2329 341 2382 δεῖ,
373 2325 432 2384 μὴ
464 2327 700 2382 προΐδηται
730 2329 865 2368 τοῦτο
894 2321 1005 2381 μηδὲ
1036 2326 1286 2380 φροντίσῃ,

252 2394 403 2439 οὐκέτι
432 2394 664 2451 μάγειρος,
697 2388 911 2445 ὀψοποιὸς
940 2390 979 2435 δ’
1007 2392 1104 2435 ἐστί
1131 2406 1241 2434 που·

184 2475 226 2507 10
256 2462 312 2508 οὐ
343 2460 481 2506 ταύτὸ
514 2460 555 2505 δ’
579 2460 673 2505 ἐστὶ
701 2463 856 2504 τοῦτο·
888 2458 1006 2503 πολὺ
1036 2458 1296 2515 διήλλαχεν

317 2565 326 2575 .
365 2528 612 2586 στρατηγὸς
641 2533 727 2579 πᾶς
756 2525 932 2572 καλεῖθ’
954 2526 1004 2578 ὃς
1032 2526 1090 2570 ἄν
1120 2526 1238 2583 λάβῃ

253 2600 465 2654 δύναμιν,
497 2594 522 2640 ὁ
549 2596 704 2652 μέντοι
733 2595 985 2652 δυνάμενος
1014 2592 1102 2638 κᾶν
1130 2594 1392 2649 πράγμασιν

255 2665 601 2721 ἀναστραφῆναι
630 2664 706 2706 καὶ
736 2664 973 2719 διαβλέψαι
1002 2665 1051 2706 τί
1074 2676 1165 2705 που

256 2733 501 2789 στρατηγός
531 2732 670 2786 ἐστιν,
701 2729 883 2788 ἡγεμών
914 2731 963 2775 δὲ
993 2730 1207 2784 θάτερον,

187 2813 228 2844 15
259 2799 402 2851 οὕτως
432 2798 507 2856 ἐφ’
528 2798 637 2855 ἡμῖν
667 2799 885 2843 σκευάσαι
914 2799 998 2854 μὲν
1027 2794 1057 2853 ἢ
1086 2804 1236 2853 τεμεῖν

253 2867 482 2925 ἡδύσμαθ’
507 2867 671 2923 ἑψῆσαί
697 2883 744 2911 τε
774 2869 850 2911 καὶ
881 2869 1037 2922 φυσᾶν
1065 2864 1116 2908 τὸ
1149 2867 1243 2920 πῦρ
