<?xml version="1.0" encoding="UTF-8"?>
<!DOCTYPE html PUBLIC "-//W3C//DTD XHTML 1.0 Transitional//EN"
    "http://www.w3.org/TR/xhtml1/DTD/xhtml1-transitional.dtd">
<html xmlns="http://www.w3.org/1999/xhtml" xml:lang="en" lang="en">
 <head>
  <title>
</title>
<meta http-equiv="Content-Type" content="text/html;charset=utf-8" />
  <meta name='ocr-system' content='tesseract 3.04.00' />
  <meta name='ocr-capabilities' content='ocr_page ocr_carea ocr_par ocr_line ocrx_word'/>
</head>
<body>
  <div class='ocr_page' id='page_1' title='image "./comicorumatticor02kockuoft_0065.png"; bbox 0 0 1890 3190; ppageno 0'>
   <div class='ocr_carea' id='block_1_1' title="bbox 522 190 1624 234">
    <p class='ocr_par' dir='ltr' id='par_1_1' title="bbox 522 190 1624 234">
     <span class='ocr_line' id='line_1_1' title="bbox 522 190 1624 234; baseline 0 -8"><span class='ocrx_word' id='word_1_1' title='bbox 522 190 824 226; x_wconf 75' lang='grc' dir='ltr'>ΚΙΘΑΡΩῘΔΟΣ</span> <span class='ocrx_word' id='word_1_2' title='bbox 847 209 891 216; x_wconf 94' lang='grc'><strong>-</strong></span> <span class='ocrx_word' id='word_1_3' title='bbox 914 191 1154 226; x_wconf 79' lang='grc' dir='ltr'><strong>ΚΝΑΦΕΤΣ</strong></span> <span class='ocrx_word' id='word_1_4' title='bbox 1566 191 1624 234; x_wconf 84' lang='grc'><strong><em>59</em></strong></span> 
     </span>
    </p>
   </div>
   <div class='ocr_carea' id='block_1_2' title="bbox 184 289 1551 1100">
    <p class='ocr_par' dir='ltr' id='par_1_2' title="bbox 264 289 1195 349">
     <span class='ocr_line' id='line_1_2' title="bbox 264 289 1195 349; baseline 0.001 -14"><span class='ocrx_word' id='word_1_5' title='bbox 264 292 441 336; x_wconf 71' lang='grc' dir='ltr'><strong><em>λεπτῶν</em></strong></span> <span class='ocrx_word' id='word_1_6' title='bbox 469 289 639 335; x_wconf 82' lang='grc' dir='ltr'><strong><em>ἀσίτων</em></strong></span> <span class='ocrx_word' id='word_1_7' title='bbox 668 292 886 347; x_wconf 78' lang='grc' dir='ltr'><strong><em>συκίνων,</em></strong></span> <span class='ocrx_word' id='word_1_8' title='bbox 917 290 1104 349; x_wconf 78' lang='grc' dir='ltr'><strong><em>λέγονθ’</em></strong></span> <span class='ocrx_word' id='word_1_9' title='bbox 1125 290 1195 337; x_wconf 83' lang='grc' dir='ltr'><strong><em>ὅτι</em></strong></span> 
     </span>
    </p>

    <p class='ocr_par' dir='ltr' id='par_1_3' title="bbox 206 356 1444 689">
     <span class='ocr_line' id='line_1_3' title="bbox 206 356 1320 418; baseline 0.002 -16"><span class='ocrx_word' id='word_1_10' title='bbox 206 368 229 402; x_wconf 73' lang='lat'><strong>5</strong></span> <span class='ocrx_word' id='word_1_11' title='bbox 258 357 310 403; x_wconf 79' lang='grc' dir='ltr'><strong><em>τὸ</em></strong></span> <span class='ocrx_word' id='word_1_12' title='bbox 340 362 524 418; x_wconf 69' lang='grc' dir='ltr'><strong><em>πρᾶγμα</em></strong></span> <span class='ocrx_word' id='word_1_13' title='bbox 553 356 679 403; x_wconf 78' lang='grc' dir='ltr'><strong><em>τοῦτ’</em></strong></span> <span class='ocrx_word' id='word_1_14' title='bbox 701 358 786 403; x_wconf 77' lang='grc' dir='ltr'><strong><em>οὐκ</em></strong></span> <span class='ocrx_word' id='word_1_15' title='bbox 817 361 943 404; x_wconf 78' lang='grc' dir='ltr'><strong><em>ἔστιν</em></strong></span> <span class='ocrx_word' id='word_1_16' title='bbox 974 364 1100 416; x_wconf 77' lang='grc' dir='ltr'><strong><em>εἰπερ</em></strong></span> <span class='ocrx_word' id='word_1_17' title='bbox 1129 361 1320 417; x_wconf 84' lang='grc' dir='ltr'><strong><em>γίνεται·</em></strong></span> 
     </span>
     <span class='ocr_line' id='line_1_4' title="bbox 259 425 1260 484; baseline 0.001 -13"><span class='ocrx_word' id='word_1_18' title='bbox 259 426 345 471; x_wconf 81' lang='grc' dir='ltr'><strong><em>οὐδ</em></strong></span> <span class='ocrx_word' id='word_1_19' title='bbox 350 426 360 443; x_wconf 92' lang='grc'><strong>’</strong></span> <span class='ocrx_word' id='word_1_20' title='bbox 393 429 487 472; x_wconf 83' lang='grc' dir='ltr'><strong><em>ἔστι</em></strong></span> <span class='ocrx_word' id='word_1_21' title='bbox 515 427 604 483; x_wconf 74' lang='grc' dir='ltr'><strong><em>γάρ</em></strong></span> <span class='ocrx_word' id='word_1_22' title='bbox 634 441 705 470; x_wconf 86' lang='grc' dir='ltr'><strong><em>πω</em></strong></span> <span class='ocrx_word' id='word_1_23' title='bbox 735 427 978 483; x_wconf 86' lang='grc' dir='ltr'><strong><em>γινόμενον</em></strong></span> <span class='ocrx_word' id='word_1_24' title='bbox 1009 425 1036 471; x_wconf 80' lang='grc' dir='ltr'>ὃ</span> <span class='ocrx_word' id='word_1_25' title='bbox 1064 430 1260 484; x_wconf 82' lang='grc' dir='ltr'><strong><em>γίνεται,</em></strong></span> 
     </span>
     <span class='ocr_line' id='line_1_5' title="bbox 260 490 1413 552; baseline 0.002 -13"><span class='ocrx_word' id='word_1_26' title='bbox 260 493 360 539; x_wconf 84' lang='grc' dir='ltr'><strong><em>οὔτ’</em></strong></span> <span class='ocrx_word' id='word_1_27' title='bbox 383 496 426 540; x_wconf 80' lang='grc' dir='ltr'><strong><em>εἰ</em></strong></span> <span class='ocrx_word' id='word_1_28' title='bbox 451 493 675 552; x_wconf 87' lang='grc' dir='ltr'><strong><em>πρότερον</em></strong></span> <span class='ocrx_word' id='word_1_29' title='bbox 703 490 779 551; x_wconf 79' lang='grc' dir='ltr'><strong><em>ἦν,</em></strong></span> <span class='ocrx_word' id='word_1_30' title='bbox 811 497 935 538; x_wconf 80' lang='grc' dir='ltr'><strong><em>ἔστιν</em></strong></span> <span class='ocrx_word' id='word_1_31' title='bbox 965 494 993 540; x_wconf 85' lang='grc' dir='ltr'>ὅ</span> <span class='ocrx_word' id='word_1_32' title='bbox 1022 512 1073 552; x_wconf 87' lang='grc' dir='ltr'><strong><em>γε</em></strong></span> <span class='ocrx_word' id='word_1_33' title='bbox 1102 498 1191 540; x_wconf 88' lang='grc' dir='ltr'><strong><em>νῦν</em></strong></span> <span class='ocrx_word' id='word_1_34' title='bbox 1219 500 1413 552; x_wconf 86' lang='grc' dir='ltr'><strong><em>γίνεται·</em></strong></span> 
     </span>
     <span class='ocr_line' id='line_1_6' title="bbox 258 561 1419 622; baseline 0.001 -14"><span class='ocrx_word' id='word_1_35' title='bbox 258 565 383 609; x_wconf 79' lang='grc' dir='ltr'><strong><em>ἔστιν</em></strong></span> <span class='ocrx_word' id='word_1_36' title='bbox 411 562 501 620; x_wconf 70' lang='grc' dir='ltr'><strong><em>γὰρ</em></strong></span> <span class='ocrx_word' id='word_1_37' title='bbox 531 561 617 607; x_wconf 77' lang='grc' dir='ltr'><strong><em>οὐκ</em></strong></span> <span class='ocrx_word' id='word_1_38' title='bbox 647 562 702 607; x_wconf 85' lang='grc' dir='ltr'><strong><em>ὂν</em></strong></span> <span class='ocrx_word' id='word_1_39' title='bbox 731 561 886 607; x_wconf 80' lang='grc' dir='ltr'><strong><em>οὐδέν·</em></strong></span> <span class='ocrx_word' id='word_1_40' title='bbox 920 562 948 607; x_wconf 79' lang='grc' dir='ltr'>ὃ</span> <span class='ocrx_word' id='word_1_41' title='bbox 977 564 1027 608; x_wconf 76' lang='grc' dir='ltr'><strong><em>δὲ</em></strong></span> <span class='ocrx_word' id='word_1_42' title='bbox 1056 563 1116 621; x_wconf 82' lang='grc' dir='ltr'><strong><em>μὴ</em></strong></span> <span class='ocrx_word' id='word_1_43' title='bbox 1146 564 1307 621; x_wconf 80' lang='grc' dir='ltr'><strong><em>γέγονέ</em></strong></span> <span class='ocrx_word' id='word_1_44' title='bbox 1333 581 1419 622; x_wconf 87' lang='grc' dir='ltr'><strong><em>πω,</em></strong></span> 
     </span>
     <span class='ocr_line' id='line_1_7' title="bbox 259 630 1444 689; baseline 0.001 -13"><span class='ocrx_word' id='word_1_45' title='bbox 259 630 346 676; x_wconf 80' lang='grc' dir='ltr'><strong><em>οὐκ</em></strong></span> <span class='ocrx_word' id='word_1_46' title='bbox 375 630 473 676; x_wconf 73' lang='grc' dir='ltr'><strong><em>ἔσθ’</em></strong></span> <span class='ocrx_word' id='word_1_47' title='bbox 496 632 671 685; x_wconf 79' lang='grc' dir='ltr'><strong><em>ἕωσπερ</em></strong></span> <span class='ocrx_word' id='word_1_48' title='bbox 700 632 906 688; x_wconf 70' lang='grc' dir='ltr'><strong><em>γέγονεν,</em></strong></span> <span class='ocrx_word' id='word_1_49' title='bbox 937 630 964 675; x_wconf 85' lang='grc' dir='ltr'>ὅ</span> <span class='ocrx_word' id='word_1_50' title='bbox 992 648 1044 688; x_wconf 87' lang='grc' dir='ltr'><strong><em>γε</em></strong></span> <span class='ocrx_word' id='word_1_51' title='bbox 1073 630 1133 689; x_wconf 80' lang='grc' dir='ltr'><strong><em>μή</em></strong></span> <span class='ocrx_word' id='word_1_52' title='bbox 1164 633 1326 688; x_wconf 82' lang='grc' dir='ltr'><strong><em>γέγονέ</em></strong></span> <span class='ocrx_word' id='word_1_53' title='bbox 1352 649 1444 677; x_wconf 85' lang='grc' dir='ltr'><strong><em>πω·</em></strong></span> 
     </span>
    </p>

    <p class='ocr_par' dir='ltr' id='par_1_4' title="bbox 185 696 1428 826">
     <span class='ocr_line' id='line_1_8' title="bbox 185 696 1428 757; baseline 0.002 -14"><span class='ocrx_word' id='word_1_54' title='bbox 185 709 228 742; x_wconf 88' lang='lat'><strong><em>10</em></strong></span> <span class='ocrx_word' id='word_1_55' title='bbox 258 699 310 743; x_wconf 77' lang='grc' dir='ltr'><strong><em>ἐκ</em></strong></span> <span class='ocrx_word' id='word_1_56' title='bbox 338 702 421 744; x_wconf 87' lang='grc' dir='ltr'><strong><em>τοῦ</em></strong></span> <span class='ocrx_word' id='word_1_57' title='bbox 448 698 538 756; x_wconf 72' lang='grc' dir='ltr'><strong><em>γὰρ</em></strong></span> <span class='ocrx_word' id='word_1_58' title='bbox 568 696 685 744; x_wconf 81' lang='grc' dir='ltr'><strong><em>εἶναι</em></strong></span> <span class='ocrx_word' id='word_1_59' title='bbox 712 701 922 756; x_wconf 84' lang='grc' dir='ltr'><strong><em>γέγονεν·</em></strong></span> <span class='ocrx_word' id='word_1_60' title='bbox 955 701 997 743; x_wconf 84' lang='grc' dir='ltr'><strong><em>εἰ</em></strong></span> <span class='ocrx_word' id='word_1_61' title='bbox 1024 700 1072 743; x_wconf 83' lang='grc' dir='ltr'><strong><em>δ’</em></strong></span> <span class='ocrx_word' id='word_1_62' title='bbox 1092 699 1176 744; x_wconf 85' lang='grc' dir='ltr'><strong><em>οὐκ</em></strong></span> <span class='ocrx_word' id='word_1_63' title='bbox 1205 696 1267 757; x_wconf 81' lang='grc' dir='ltr'><strong><em>ἦν</em></strong></span> <span class='ocrx_word' id='word_1_64' title='bbox 1297 700 1428 757; x_wconf 79' lang='grc' dir='ltr'><strong><em>ὅθεν,</em></strong></span> 
     </span>
     <span class='ocr_line' id='line_1_9' title="bbox 260 763 1375 826; baseline 0.004 -16"><span class='ocrx_word' id='word_1_65' title='bbox 260 770 356 820; x_wconf 76' lang='grc' dir='ltr'><strong><em>παῖς</em></strong></span> <span class='ocrx_word' id='word_1_66' title='bbox 385 766 556 824; x_wconf 68' lang='grc' dir='ltr'><strong><em>ἐγένετ’</em></strong></span> <span class='ocrx_word' id='word_1_67' title='bbox 579 767 625 821; x_wconf 82' lang='grc' dir='ltr'><strong><em>ἐξ</em></strong></span> <span class='ocrx_word' id='word_1_68' title='bbox 655 766 739 812; x_wconf 82' lang='grc' dir='ltr'><strong><em>οὐκ</em></strong></span> <span class='ocrx_word' id='word_1_69' title='bbox 770 767 921 821; x_wconf 62' lang='lat' dir='ltr'><strong><em>{furcos-3</em></strong></span> <span class='ocrx_word' id='word_1_70' title='bbox 955 767 1037 825; x_wconf 83' lang='grc' dir='ltr'><strong><em>οὐχ</em></strong></span> <span class='ocrx_word' id='word_1_71' title='bbox 1067 763 1167 813; x_wconf 84' lang='grc' dir='ltr'><strong><em>οἷόν</em></strong></span> <span class='ocrx_word' id='word_1_72' title='bbox 1196 786 1244 814; x_wconf 89' lang='grc' dir='ltr'><strong><em>τε</em></strong></span> <span class='ocrx_word' id='word_1_73' title='bbox 1273 772 1375 826; x_wconf 83' lang='grc' dir='ltr'><strong><em>γάρ.</em></strong></span> 
     </span>
    </p>

    <p class='ocr_par' dir='ltr' id='par_1_5' title="bbox 217 834 1207 893">
     <span class='ocr_line' id='line_1_10' title="bbox 217 834 1207 893; baseline 0.002 -13"><span class='ocrx_word' id='word_1_74' title='bbox 217 834 229 843; x_wconf 82' lang='grc'><strong>’</strong></span> <span class='ocrx_word' id='word_1_75' title='bbox 263 837 306 881; x_wconf 78' lang='grc' dir='ltr'><strong><em>εἰ</em></strong></span> <span class='ocrx_word' id='word_1_76' title='bbox 332 834 376 880; x_wconf 79' lang='grc' dir='ltr'><strong><em>δ’</em></strong></span> <span class='ocrx_word' id='word_1_77' title='bbox 398 834 598 881; x_wconf 79' lang='grc' dir='ltr'><strong><em>αὐτόθεν</em></strong></span> <span class='ocrx_word' id='word_1_78' title='bbox 626 851 703 880; x_wconf 90' lang='grc' dir='ltr'><strong><em>ποι</em></strong></span> <span class='ocrx_word' id='word_1_79' title='bbox 732 834 935 893; x_wconf 79' lang='grc' dir='ltr'><strong><em>γέγονεν,</em></strong></span> <span class='ocrx_word' id='word_1_80' title='bbox 966 836 1052 882; x_wconf 82' lang='grc' dir='ltr'><strong><em>οὐκ</em></strong></span> <span class='ocrx_word' id='word_1_81' title='bbox 1083 839 1207 882; x_wconf 84' lang='grc' dir='ltr'><strong><em>ἔσται</em></strong></span> 
     </span>
    </p>

    <p class='ocr_par' dir='ltr' id='par_1_6' title="bbox 258 905 1551 1032">
     <span class='ocr_line' id='line_1_11' title="bbox 260 905 1170 962; baseline 0.002 -14"><span class='ocrx_word' id='word_1_82' title='bbox 260 919 396 961; x_wconf 85' lang='grc' dir='ltr'><strong><em>κηποι</em></strong></span> <span class='ocrx_word' id='word_1_83' title='bbox 426 905 604 956; x_wconf 65' lang='grc' dir='ltr'><strong><em>δεποτις</em></strong></span> <span class='ocrx_word' id='word_1_84' title='bbox 632 908 724 962; x_wconf 73' lang='grc' dir='ltr'><strong><em>εἴη,</em></strong></span> <span class='ocrx_word' id='word_1_85' title='bbox 756 909 903 949; x_wconf 83' lang='grc' dir='ltr'><strong><em>ποθεν</em></strong></span> <span class='ocrx_word' id='word_1_86' title='bbox 931 905 1170 962; x_wconf 85' lang='grc' dir='ltr'><strong><em>γενήσεται</em></strong></span> 
     </span>
     <span class='ocr_line' id='line_1_12' title="bbox 258 970 1551 1032; baseline 0.003 -16"><span class='ocrx_word' id='word_1_87' title='bbox 258 971 370 1016; x_wconf 81' lang='grc' dir='ltr'><strong><em>τούκ</em></strong></span> <span class='ocrx_word' id='word_1_88' title='bbox 398 970 454 1017; x_wconf 83' lang='grc' dir='ltr'><strong><em>ὂν</em></strong></span> <span class='ocrx_word' id='word_1_89' title='bbox 484 974 548 1025; x_wconf 81' lang='grc' dir='ltr'><strong><em>εἰς</em></strong></span> <span class='ocrx_word' id='word_1_90' title='bbox 576 972 662 1018; x_wconf 83' lang='grc' dir='ltr'><strong><em>οὐκ</em></strong></span> <span class='ocrx_word' id='word_1_91' title='bbox 693 972 765 1017; x_wconf 88' lang='grc' dir='ltr'><strong><em>ὄν·</em></strong></span> <span class='ocrx_word' id='word_1_92' title='bbox 799 974 861 1025; x_wconf 81' lang='grc' dir='ltr'><strong><em>εἰς</em></strong></span> <span class='ocrx_word' id='word_1_93' title='bbox 889 972 973 1018; x_wconf 82' lang='grc' dir='ltr'><strong><em>οὐκ</em></strong></span> <span class='ocrx_word' id='word_1_94' title='bbox 1004 971 1059 1018; x_wconf 82' lang='grc' dir='ltr'><strong><em>ὂν</em></strong></span> <span class='ocrx_word' id='word_1_95' title='bbox 1087 975 1177 1031; x_wconf 80' lang='grc' dir='ltr'><strong><em>γὰρ</em></strong></span> <span class='ocrx_word' id='word_1_96' title='bbox 1207 973 1264 1019; x_wconf 83' lang='grc' dir='ltr'><strong><em>οὐ</em></strong></span> <span class='ocrx_word' id='word_1_97' title='bbox 1293 976 1551 1032; x_wconf 78' lang='grc' dir='ltr'><strong><em>δυνήσεται.</em></strong></span> 
     </span>
    </p>

    <p class='ocr_par' dir='ltr' id='par_1_7' title="bbox 184 1039 1368 1100">
     <span class='ocr_line' id='line_1_13' title="bbox 184 1039 1368 1100; baseline 0.003 -17"><span class='ocrx_word' id='word_1_98' title='bbox 184 1050 226 1083; x_wconf 83' lang='lat'><strong><em>15</em></strong></span> <span class='ocrx_word' id='word_1_99' title='bbox 257 1041 384 1085; x_wconf 81' lang='grc' dir='ltr'><strong><em>ταυτὶ</em></strong></span> <span class='ocrx_word' id='word_1_100' title='bbox 414 1040 457 1084; x_wconf 80' lang='grc' dir='ltr'><strong><em>δ’</em></strong></span> <span class='ocrx_word' id='word_1_101' title='bbox 481 1040 508 1085; x_wconf 82' lang='grc' dir='ltr'>ὅ</span> <span class='ocrx_word' id='word_1_102' title='bbox 536 1057 579 1085; x_wconf 88' lang='grc' dir='ltr'><strong><em>τι</em></strong></span> <span class='ocrx_word' id='word_1_103' title='bbox 611 1041 734 1086; x_wconf 81' lang='grc' dir='ltr'><strong><em>ἐστὶν</em></strong></span> <span class='ocrx_word' id='word_1_104' title='bbox 765 1040 865 1085; x_wconf 80' lang='grc' dir='ltr'><strong><em>οὐδ’</em></strong></span> <span class='ocrx_word' id='word_1_105' title='bbox 886 1039 943 1086; x_wconf 76' lang='grc' dir='ltr'><strong><em>ἄν</em></strong></span> <span class='ocrx_word' id='word_1_106' title='bbox 973 1041 1186 1087; x_wconf 79' lang='grc' dir='ltr'><em>ἀπόλλων</em></span> <span class='ocrx_word' id='word_1_107' title='bbox 1214 1043 1368 1100; x_wconf 77' lang='grc' dir='ltr'><strong><em>μάθοι,</em></strong></span> 
     </span>
    </p>
   </div>
   <div class='ocr_carea' id='block_1_3' title="bbox 0 1266 51 3190">
    <p class='ocr_par' dir='ltr' id='par_1_8' title="bbox 0 1266 51 3190">
     <span class='ocr_line' id='line_1_14' title="bbox 0 1266 51 3190; baseline 0 0"><span class='ocrx_word' id='word_1_108' title='bbox 0 1266 51 3190; x_wconf 95' lang='lat' dir='ltr'><strong><em>   </em></strong></span> 
     </span>
    </p>
   </div>
   <div class='ocr_carea' id='block_1_4' title="bbox 37 1120 1623 2602">
    <p class='ocr_par' dir='ltr' id='par_1_9' title="bbox 53 1120 1622 1465">
     <span class='ocr_line' id='line_1_15' title="bbox 168 1120 1617 1181; baseline 0.003 -17"><span class='ocrx_word' id='word_1_109' title='bbox 168 1125 397 1166; x_wconf 75' lang='lat' dir='ltr'><strong>Athenaeus</strong></span> <span class='ocrx_word' id='word_1_110' title='bbox 417 1127 455 1179; x_wconf 88' lang='lat'><strong><em>3,</em></strong></span> <span class='ocrx_word' id='word_1_111' title='bbox 473 1126 554 1166; x_wconf 87' lang='lat' dir='ltr'><strong><em>98f</em></strong></span> <span class='ocrx_word' id='word_1_112' title='bbox 580 1124 621 1165; x_wconf 84' lang='grc' dir='ltr'><strong><em>τί</em></strong></span> <span class='ocrx_word' id='word_1_113' title='bbox 647 1122 692 1165; x_wconf 82' lang='grc' dir='ltr'><strong><em>δὲ</em></strong></span> <span class='ocrx_word' id='word_1_114' title='bbox 720 1122 747 1177; x_wconf 83' lang='grc' dir='ltr'>ἡ</span> <span class='ocrx_word' id='word_1_115' title='bbox 778 1120 958 1175; x_wconf 77' lang='grc' dir='ltr'><strong><em>ἐπιστολὴ</em></strong></span> <span class='ocrx_word' id='word_1_116' title='bbox 988 1124 1092 1178; x_wconf 77' lang='grc' dir='ltr'><strong><em>αὕτη</em></strong></span> <span class='ocrx_word' id='word_1_117' title='bbox 1122 1127 1241 1179; x_wconf 82' lang='grc' dir='ltr'><strong><em>δηλοῖ</em></strong></span> <span class='ocrx_word' id='word_1_118' title='bbox 1265 1127 1407 1179; x_wconf 82' lang='grc' dir='ltr'><strong><em>νομίζω</em></strong></span> <span class='ocrx_word' id='word_1_119' title='bbox 1425 1122 1494 1181; x_wconf 83' lang='grc' dir='ltr'><strong><em>’γῶ</em></strong></span> <span class='ocrx_word' id='word_1_120' title='bbox 1516 1126 1617 1180; x_wconf 81' lang='grc' dir='ltr'><em>μηδὲ</em></span> 
     </span>
     <span class='ocr_line' id='line_1_16' title="bbox 55 1177 1617 1237; baseline 0.003 -15"><span class='ocrx_word' id='word_1_121' title='bbox 55 1178 128 1222; x_wconf 76' lang='grc' dir='ltr'><strong><em>τὸν</em></strong></span> <span class='ocrx_word' id='word_1_122' title='bbox 158 1178 327 1221; x_wconf 80' lang='grc' dir='ltr'><strong><em>Πύθιον</em></strong></span> <span class='ocrx_word' id='word_1_123' title='bbox 356 1181 651 1235; x_wconf 77' lang='grc' dir='ltr'><strong><em>διαναγνῶναι·</em></strong></span> <span class='ocrx_word' id='word_1_124' title='bbox 681 1179 784 1222; x_wconf 78' lang='grc' dir='ltr'><strong><em>κατὰ</em></strong></span> <span class='ocrx_word' id='word_1_125' title='bbox 814 1177 889 1235; x_wconf 75' lang='grc' dir='ltr'><strong><em>γὰρ</em></strong></span> <span class='ocrx_word' id='word_1_126' title='bbox 919 1182 989 1223; x_wconf 83' lang='grc' dir='ltr'><strong><em>τὸν</em></strong></span> <span class='ocrx_word' id='word_1_127' title='bbox 1005 1181 1268 1234; x_wconf 76' lang='grc' dir='ltr'><strong><em>Ἀντιφάνους</em></strong></span> <span class='ocrx_word' id='word_1_128' title='bbox 1289 1182 1504 1237; x_wconf 77' lang='grc' dir='ltr'><strong><em>Κλεοφάνη</em></strong></span> <span class='ocrx_word' id='word_1_129' title='bbox 1536 1189 1617 1228; x_wconf 85' lang='grc' dir='ltr'><strong><em>κτλ.</em></strong></span> 
     </span>
     <span class='ocr_line' id='line_1_17' title="bbox 54 1233 1622 1312; baseline 0.003 -33"><span class='ocrx_word' id='word_1_130' title='bbox 54 1239 94 1282; x_wconf 82' lang='lat'><strong><em>4.</em></strong></span> <span class='ocrx_word' id='word_1_131' title='bbox 121 1238 351 1280; x_wconf 74' lang='lat' dir='ltr'><strong>Athenaeus</strong></span> <span class='ocrx_word' id='word_1_132' title='bbox 375 1241 439 1291; x_wconf 87' lang='grc'><strong><em>13,</em></strong></span> <span class='ocrx_word' id='word_1_133' title='bbox 455 1240 567 1280; x_wconf 83' lang='lat' dir='ltr'>565f</span> <span class='ocrx_word' id='word_1_134' title='bbox 593 1235 642 1280; x_wconf 78' lang='grc' dir='ltr'><strong><em>οὐ</em></strong></span> <span class='ocrx_word' id='word_1_135' title='bbox 672 1238 740 1280; x_wconf 78' lang='grc' dir='ltr'><strong><em>δεῖ</em></strong></span> <span class='ocrx_word' id='word_1_136' title='bbox 763 1233 840 1280; x_wconf 77' lang='grc' dir='ltr'><strong><em>οὖν</em></strong></span> <span class='ocrx_word' id='word_1_137' title='bbox 869 1237 995 1288; x_wconf 79' lang='grc' dir='ltr'><strong><em>οὕτως</em></strong></span> <span class='ocrx_word' id='word_1_138' title='bbox 1025 1238 1286 1293; x_wconf 79' lang='grc' dir='ltr'><strong><em>ἐσταλμένους</em></strong></span> <span class='ocrx_word' id='word_1_139' title='bbox 1315 1240 1404 1312; x_wconf 82' lang='grc' dir='ltr'><strong><em>περὶ</em></strong></span> <span class='ocrx_word' id='word_1_140' title='bbox 1425 1239 1622 1296; x_wconf 70' lang='grc' dir='ltr'><strong><em>ἀργύριον</em></strong></span> 
     </span>
     <span class='ocr_line' id='line_1_18' title="bbox 53 1293 1619 1352; baseline 0.001 -15"><span class='ocrx_word' id='word_1_141' title='bbox 53 1293 278 1347; x_wconf 67' lang='grc' dir='ltr'><strong><em>ἐπτοῆσθαι</em></strong></span> <span class='ocrx_word' id='word_1_142' title='bbox 307 1294 375 1336; x_wconf 80' lang='grc' dir='ltr'><strong><em>καὶ</em></strong></span> <span class='ocrx_word' id='word_1_143' title='bbox 405 1294 624 1349; x_wconf 81' lang='grc' dir='ltr'><strong><em>ἐρωμένους</em></strong></span> <span class='ocrx_word' id='word_1_144' title='bbox 659 1294 926 1351; x_wconf 75' lang='grc' dir='ltr'><strong><em>περιάγεσθαι</em></strong></span> <span class='ocrx_word' id='word_1_145' title='bbox 956 1296 1225 1351; x_wconf 77' lang='grc' dir='ltr'><strong><em>ξυρουμένους</em></strong></span> <span class='ocrx_word' id='word_1_146' title='bbox 1255 1296 1329 1351; x_wconf 86' lang='grc' dir='ltr'><strong><em>τὴν</em></strong></span> <span class='ocrx_word' id='word_1_147' title='bbox 1358 1299 1523 1352; x_wconf 84' lang='grc' dir='ltr'><strong><em>υπήνην</em></strong></span> <span class='ocrx_word' id='word_1_148' title='bbox 1553 1298 1619 1340; x_wconf 83' lang='grc' dir='ltr'><strong><em>καὶ</em></strong></span> 
     </span>
     <span class='ocr_line' id='line_1_19' title="bbox 54 1348 1622 1410; baseline 0.003 -17"><span class='ocrx_word' id='word_1_149' title='bbox 54 1348 124 1393; x_wconf 79' lang='grc' dir='ltr'><strong><em>τὸν</em></strong></span> <span class='ocrx_word' id='word_1_150' title='bbox 157 1349 293 1405; x_wconf 81' lang='grc' dir='ltr'><strong><em>ὄρρον,</em></strong></span> <span class='ocrx_word' id='word_1_151' title='bbox 338 1351 429 1400; x_wconf 87' lang='grc' dir='ltr'><strong><em>τοὺς</em></strong></span> <span class='ocrx_word' id='word_1_152' title='bbox 464 1349 795 1403; x_wconf 73' lang='grc' dir='ltr'><strong><em>ἀκολουθοῦντας</em></strong></span> <span class='ocrx_word' id='word_1_153' title='bbox 834 1351 876 1392; x_wconf 80' lang='grc' dir='ltr'><strong><em>ἐν</em></strong></span> <span class='ocrx_word' id='word_1_154' title='bbox 916 1359 969 1410; x_wconf 78' lang='grc' dir='ltr'><strong><em>τῷ</em></strong></span> <span class='ocrx_word' id='word_1_155' title='bbox 998 1355 1162 1410; x_wconf 83' lang='grc' dir='ltr'><strong><em>Λυκείῳ</em></strong></span> <span class='ocrx_word' id='word_1_156' title='bbox 1199 1351 1296 1407; x_wconf 72' lang='grc' dir='ltr'><strong><em>μετὰ</em></strong></span> <span class='ocrx_word' id='word_1_157' title='bbox 1331 1357 1533 1408; x_wconf 78' lang='grc' dir='ltr'><strong><em>σοφιστῶν</em></strong></span> <span class='ocrx_word' id='word_1_158' title='bbox 1573 1356 1622 1410; x_wconf 85' lang='grc' dir='ltr'><strong><em>νὴ</em></strong></span> 
     </span>
     <span class='ocr_line' id='line_1_20' title="bbox 55 1406 1260 1465; baseline 0.003 -16"><span class='ocrx_word' id='word_1_159' title='bbox 55 1409 135 1449; x_wconf 84' lang='grc' dir='ltr'><strong><em>Δία</em></strong></span> <span class='ocrx_word' id='word_1_160' title='bbox 164 1411 318 1450; x_wconf 74' lang='grc' dir='ltr'><strong><em>λεπτῶν</em></strong></span> <span class='ocrx_word' id='word_1_161' title='bbox 345 1406 495 1451; x_wconf 75' lang='grc' dir='ltr'><strong><em>ἀσίτων</em></strong></span> <span class='ocrx_word' id='word_1_162' title='bbox 525 1411 736 1463; x_wconf 79' lang='grc' dir='ltr'><strong><em>σκυτίνων,</em></strong></span> <span class='ocrx_word' id='word_1_163' title='bbox 767 1406 867 1451; x_wconf 73' lang='grc' dir='ltr'><strong><em>κατὰ</em></strong></span> <span class='ocrx_word' id='word_1_164' title='bbox 905 1410 975 1452; x_wconf 84' lang='grc' dir='ltr'><strong><em>τὸν</em></strong></span> <span class='ocrx_word' id='word_1_165' title='bbox 1002 1407 1260 1465; x_wconf 79' lang='grc' dir='ltr'><strong><em>Ἀντιφάνην.</em></strong></span> 
     </span>
    </p>

    <p class='ocr_par' dir='ltr' id='par_1_10' title="bbox 53 1466 1623 2092">
     <span class='ocr_line' id='line_1_21' title="bbox 166 1466 1622 1527; baseline 0.003 -21"><span class='ocrx_word' id='word_1_166' title='bbox 166 1469 208 1507; x_wconf 94' lang='lat'><strong><em>·1.</em></strong></span> <span class='ocrx_word' id='word_1_167' title='bbox 238 1470 452 1519; x_wconf 85' lang='grc' dir='ltr'><strong><em>τυραννεῖν</em></strong></span> <span class='ocrx_word' id='word_1_168' title='bbox 481 1466 606 1523; x_wconf 81' lang='grc' dir='ltr'><strong><em>ἐστιν]</em></strong></span> <span class='ocrx_word' id='word_1_169' title='bbox 636 1471 921 1522; x_wconf 87' lang='grc' dir='ltr'><strong><em>παρανοεῖν</em></strong></span> <span class='ocrx_word' id='word_1_170' title='bbox 950 1467 1032 1509; x_wconf 79' lang='grc' dir='ltr'><strong><em>ἔστι</em></strong></span> <span class='ocrx_word' id='word_1_171' title='bbox 1062 1468 1122 1521; x_wconf 81' lang='grc' dir='ltr'><strong><em>δή</em></strong></span> <span class='ocrx_word' id='word_1_172' title='bbox 1152 1471 1202 1510; x_wconf 90' lang='grc' dir='ltr'><strong><em>Κ.</em></strong></span> <span class='ocrx_word' id='word_1_173' title='bbox 1299 1471 1339 1511; x_wconf 82' lang='grc'><strong><em>2.</em></strong></span> <span class='ocrx_word' id='word_1_174' title='bbox 1373 1468 1472 1525; x_wconf 74' lang='grc' dir='ltr'><strong><em>ἔρις]</em></strong></span> <span class='ocrx_word' id='word_1_175' title='bbox 1504 1469 1622 1527; x_wconf 73' lang='grc' dir='ltr'><strong><em>ἐρᾷς</em></strong></span> 
     </span>
     <span class='ocr_line' id='line_1_22' title="bbox 54 1523 1623 1583; baseline 0.003 -19"><span class='ocrx_word' id='word_1_176' title='bbox 54 1523 106 1565; x_wconf 84' lang='grc' dir='ltr'><strong><em>Κ.</em></strong></span> <span class='ocrx_word' id='word_1_177' title='bbox 138 1524 241 1564; x_wconf 91' lang='lat' dir='ltr'><strong>conl.</strong></span> <span class='ocrx_word' id='word_1_178' title='bbox 270 1525 414 1576; x_wconf 86' lang='lat' dir='ltr'><strong>Eupol.</strong></span> <span class='ocrx_word' id='word_1_179' title='bbox 445 1527 542 1567; x_wconf 81' lang='grc'><strong>326.</strong></span> <span class='ocrx_word' id='word_1_180' title='bbox 601 1527 766 1568; x_wconf 88' lang='lat' dir='ltr'><strong>Timocl.</strong></span> <span class='ocrx_word' id='word_1_181' title='bbox 802 1528 866 1567; x_wconf 91' lang='lat'><strong>10.</strong></span> <span class='ocrx_word' id='word_1_182' title='bbox 918 1525 1018 1579; x_wconf 77' lang='grc' dir='ltr'><strong><em>ἐρεῖς</em></strong></span> <span class='ocrx_word' id='word_1_183' title='bbox 1050 1527 1239 1580; x_wconf 84' lang='lat' dir='ltr'>Scaliger.</span> <span class='ocrx_word' id='word_1_184' title='bbox 1358 1530 1396 1568; x_wconf 92' lang='lat'><strong><em>3.</em></strong></span> <span class='ocrx_word' id='word_1_185' title='bbox 1427 1528 1551 1583; x_wconf 81' lang='grc' dir='ltr'><strong><em>λυκίῳ</em></strong></span> <span class='ocrx_word' id='word_1_186' title='bbox 1582 1533 1623 1570; x_wconf 84' lang='lat' dir='ltr'><strong>et</strong></span> 
     </span>
     <span class='ocr_line' id='line_1_23' title="bbox 56 1579 1623 1639; baseline 0.003 -19"><span class='ocrx_word' id='word_1_187' title='bbox 56 1580 232 1631; x_wconf 81' lang='grc' dir='ltr'><strong><em>σοφιστῶ</em></strong></span> <span class='ocrx_word' id='word_1_188' title='bbox 262 1581 310 1622; x_wconf 88' lang='lat' dir='ltr'><strong><em>A.</em></strong></span> <span class='ocrx_word' id='word_1_189' title='bbox 414 1583 456 1621; x_wconf 85' lang='lat'><strong><em>4.</em></strong></span> <span class='ocrx_word' id='word_1_190' title='bbox 487 1580 684 1637; x_wconf 82' lang='grc' dir='ltr'><strong><em>συκίνων]</em></strong></span> <span class='ocrx_word' id='word_1_191' title='bbox 716 1582 915 1623; x_wconf 84' lang='grc' dir='ltr'><strong><em>σκυτίνων</em></strong></span> <span class='ocrx_word' id='word_1_192' title='bbox 943 1585 981 1624; x_wconf 87' lang='lat' dir='ltr'>A</span> <span class='ocrx_word' id='word_1_193' title='bbox 1011 1585 1093 1624; x_wconf 84' lang='lat'><strong><em>565</em></strong></span> <span class='ocrx_word' id='word_1_194' title='bbox 1111 1585 1140 1624; x_wconf 88' lang='lat' dir='ltr'><strong><em>f.</em></strong></span> <span class='ocrx_word' id='word_1_195' title='bbox 1243 1579 1430 1639; x_wconf 79' lang='grc' dir='ltr'><strong><em>λέγονθ’]</em></strong></span> <span class='ocrx_word' id='word_1_196' title='bbox 1460 1582 1623 1639; x_wconf 86' lang='grc' dir='ltr'><strong><em>λέγοντα</em></strong></span> 
     </span>
     <span class='ocr_line' id='line_1_24' title="bbox 55 1633 1620 1682; baseline 0.002 -3"><span class='ocrx_word' id='word_1_197' title='bbox 55 1639 107 1679; x_wconf 90' lang='lat' dir='ltr'><strong><em>A.</em></strong></span> <span class='ocrx_word' id='word_1_198' title='bbox 153 1633 326 1679; x_wconf 80' lang='grc' dir='ltr'><strong><em>κλύειν</em></strong></span> <span class='ocrx_word' id='word_1_199' title='bbox 354 1635 402 1679; x_wconf 83' lang='grc' dir='ltr'><strong><em>θ’</em></strong></span> <span class='ocrx_word' id='word_1_200' title='bbox 435 1639 484 1679; x_wconf 91' lang='grc' dir='ltr'><strong><em>Κ.</em></strong></span> <span class='ocrx_word' id='word_1_201' title='bbox 573 1641 610 1680; x_wconf 85' lang='grc'><strong><em>5.</em></strong></span> <span class='ocrx_word' id='word_1_202' title='bbox 650 1644 767 1679; x_wconf 81' lang='grc' dir='ltr'><strong><em>τοῦτο</em></strong></span> <span class='ocrx_word' id='word_1_203' title='bbox 797 1641 846 1680; x_wconf 90' lang='lat' dir='ltr'><strong><em>A.</em></strong></span> <span class='ocrx_word' id='word_1_204' title='bbox 942 1643 981 1682; x_wconf 88' lang='grc'><strong><em>6.</em></strong></span> <span class='ocrx_word' id='word_1_205' title='bbox 1013 1635 1086 1680; x_wconf 83' lang='grc' dir='ltr'><strong><em>οὐκ</em></strong></span> <span class='ocrx_word' id='word_1_206' title='bbox 1117 1638 1198 1680; x_wconf 77' lang='grc' dir='ltr'><strong><em>ἔστι</em></strong></span> <span class='ocrx_word' id='word_1_207' title='bbox 1227 1642 1365 1682; x_wconf 86' lang='lat' dir='ltr'><strong>Dindf.</strong></span> <span class='ocrx_word' id='word_1_208' title='bbox 1457 1645 1495 1682; x_wconf 83' lang='lat'><strong><em>7.</em></strong></span> <span class='ocrx_word' id='word_1_209' title='bbox 1528 1639 1620 1682; x_wconf 76' lang='grc' dir='ltr'><strong><em>οὐδ’</em></strong></span> 
     </span>
     <span class='ocr_line' id='line_1_25' title="bbox 56 1693 1563 1751; baseline 0.002 -15"><span class='ocrx_word' id='word_1_210' title='bbox 56 1694 233 1736; x_wconf 76' lang='lat' dir='ltr'><strong>Grotius.</strong></span> <span class='ocrx_word' id='word_1_211' title='bbox 337 1698 375 1737; x_wconf 87' lang='lat'><strong><em>9.</em></strong></span> <span class='ocrx_word' id='word_1_212' title='bbox 408 1693 504 1735; x_wconf 79' lang='grc' dir='ltr'><strong><em>ἔσθ’</em></strong></span> <span class='ocrx_word' id='word_1_213' title='bbox 537 1694 689 1750; x_wconf 76' lang='grc' dir='ltr'><strong><em>ἕωσπερ</em></strong></span> <span class='ocrx_word' id='word_1_214' title='bbox 719 1697 843 1737; x_wconf 91' lang='lat' dir='ltr'><strong>Dobr.</strong></span> <span class='ocrx_word' id='word_1_215' title='bbox 875 1699 980 1739; x_wconf 86' lang='lat' dir='ltr'><strong>Adv.</strong></span> <span class='ocrx_word' id='word_1_216' title='bbox 1011 1698 1052 1738; x_wconf 91' lang='lat'><strong><em>11</em></strong></span> <span class='ocrx_word' id='word_1_217' title='bbox 1081 1698 1182 1750; x_wconf 84' lang='lat'>301]</span> <span class='ocrx_word' id='word_1_218' title='bbox 1217 1697 1324 1738; x_wconf 77' lang='grc' dir='ltr'><strong><em>ἔστιν</em></strong></span> <span class='ocrx_word' id='word_1_219' title='bbox 1353 1696 1485 1751; x_wconf 74' lang='grc' dir='ltr'><strong><em>ὥσπερ</em></strong></span> <span class='ocrx_word' id='word_1_220' title='bbox 1514 1700 1563 1739; x_wconf 90' lang='grc' dir='ltr'><strong><em>Α.</em></strong></span> 
     </span>
     <span class='ocr_line' id='line_1_26' title="bbox 53 1749 1622 1808; baseline 0.003 -17"><span class='ocrx_word' id='word_1_221' title='bbox 53 1749 190 1805; x_wconf 87' lang='grc' dir='ltr'><strong><em>γέγονε</em></strong></span> <span class='ocrx_word' id='word_1_222' title='bbox 220 1753 340 1793; x_wconf 81' lang='lat' dir='ltr'><strong>etiam</strong></span> <span class='ocrx_word' id='word_1_223' title='bbox 370 1754 503 1804; x_wconf 85' lang='lat' dir='ltr'><strong>priore</strong></span> <span class='ocrx_word' id='word_1_224' title='bbox 532 1755 618 1795; x_wconf 89' lang='lat' dir='ltr'><strong>loco</strong></span> <span class='ocrx_word' id='word_1_225' title='bbox 647 1755 696 1794; x_wconf 90' lang='lat' dir='ltr'><strong><em>A.</em></strong></span> <span class='ocrx_word' id='word_1_226' title='bbox 786 1751 808 1794; x_wconf 84' lang='grc' dir='ltr'>ὅ</span> <span class='ocrx_word' id='word_1_227' title='bbox 836 1769 881 1808; x_wconf 90' lang='grc' dir='ltr'><strong><em>γε</em></strong></span> <span class='ocrx_word' id='word_1_228' title='bbox 911 1753 1155 1808; x_wconf 83' lang='lat' dir='ltr'><strong>Schweigh.]</strong></span> <span class='ocrx_word' id='word_1_229' title='bbox 1189 1752 1210 1794; x_wconf 91' lang='grc' dir='ltr'>ὁ</span> <span class='ocrx_word' id='word_1_230' title='bbox 1239 1754 1284 1795; x_wconf 82' lang='grc' dir='ltr'><strong><em>δε</em></strong></span> <span class='ocrx_word' id='word_1_231' title='bbox 1313 1757 1362 1795; x_wconf 92' lang='lat' dir='ltr'><strong><em>A.</em></strong></span> <span class='ocrx_word' id='word_1_232' title='bbox 1412 1752 1487 1795; x_wconf 77' lang='grc' dir='ltr'><strong><em>οὐκ</em></strong></span> <span class='ocrx_word' id='word_1_233' title='bbox 1517 1754 1622 1796; x_wconf 76' lang='grc' dir='ltr'><strong><em>ἔστι·</em></strong></span> 
     </span>
     <span class='ocr_line' id='line_1_27' title="bbox 53 1807 1531 1865; baseline 0.003 -17"><span class='ocrx_word' id='word_1_234' title='bbox 53 1814 141 1857; x_wconf 75' lang='grc' dir='ltr'><strong><em>πῶς</em></strong></span> <span class='ocrx_word' id='word_1_235' title='bbox 170 1807 245 1862; x_wconf 77' lang='grc' dir='ltr'><strong><em>γὰρ</em></strong></span> <span class='ocrx_word' id='word_1_236' title='bbox 273 1809 435 1862; x_wconf 87' lang='grc' dir='ltr'><strong><em>γέγονεν</em></strong></span> <span class='ocrx_word' id='word_1_237' title='bbox 464 1807 488 1850; x_wconf 80' lang='grc' dir='ltr'>ὅ</span> <span class='ocrx_word' id='word_1_238' title='bbox 516 1825 560 1863; x_wconf 89' lang='grc' dir='ltr'><strong><em>γε</em></strong></span> <span class='ocrx_word' id='word_1_239' title='bbox 580 1809 635 1862; x_wconf 84' lang='grc' dir='ltr'><strong><em>μὴ</em></strong></span> <span class='ocrx_word' id='word_1_240' title='bbox 655 1813 737 1852; x_wconf 85' lang='grc' dir='ltr'><strong><em>κτλ.</em></strong></span> <span class='ocrx_word' id='word_1_241' title='bbox 768 1812 891 1852; x_wconf 86' lang='lat' dir='ltr'><strong>Mein.</strong></span> <span class='ocrx_word' id='word_1_242' title='bbox 922 1813 986 1852; x_wconf 89' lang='lat' dir='ltr'><strong><em>ed.</em></strong></span> <span class='ocrx_word' id='word_1_243' title='bbox 1018 1813 1110 1852; x_wconf 79' lang='lat' dir='ltr'><strong>mai.</strong></span> <span class='ocrx_word' id='word_1_244' title='bbox 1203 1814 1269 1853; x_wconf 90' lang='lat'><strong><em>11.</em></strong></span> <span class='ocrx_word' id='word_1_245' title='bbox 1301 1810 1453 1865; x_wconf 79' lang='grc' dir='ltr'><strong><em>ἐγένετο</em></strong></span> <span class='ocrx_word' id='word_1_246' title='bbox 1482 1815 1531 1853; x_wconf 91' lang='grc' dir='ltr'><strong><em>Α.</em></strong></span> 
     </span>
     <span class='ocr_line' id='line_1_28' title="bbox 57 1862 1619 1922; baseline 0.003 -17"><span class='ocrx_word' id='word_1_247' title='bbox 57 1867 223 1906; x_wconf 84' lang='lat'>12—15</span> <span class='ocrx_word' id='word_1_248' title='bbox 253 1868 311 1907; x_wconf 83' lang='lat' dir='ltr'><strong>sic</strong></span> <span class='ocrx_word' id='word_1_249' title='bbox 340 1867 389 1908; x_wconf 89' lang='lat' dir='ltr'><strong><em>A.</em></strong></span> <span class='ocrx_word' id='word_1_250' title='bbox 501 1869 564 1910; x_wconf 85' lang='lat'><strong>12.</strong></span> <span class='ocrx_word' id='word_1_251' title='bbox 596 1867 631 1908; x_wconf 81' lang='grc' dir='ltr'><strong><em>εἰ</em></strong></span> <span class='ocrx_word' id='word_1_252' title='bbox 658 1863 698 1906; x_wconf 82' lang='grc' dir='ltr'><strong><em>δ’</em></strong></span> <span class='ocrx_word' id='word_1_253' title='bbox 729 1862 783 1907; x_wconf 82' lang='grc' dir='ltr'><strong><em>αὖ</em></strong></span> <span class='ocrx_word' id='word_1_254' title='bbox 812 1866 956 1920; x_wconf 82' lang='grc' dir='ltr'><strong><em>ποθέν,</em></strong></span> <span class='ocrx_word' id='word_1_255' title='bbox 997 1870 1081 1915; x_wconf 78' lang='grc' dir='ltr'><strong><em>πῶς</em></strong></span> <span class='ocrx_word' id='word_1_256' title='bbox 1109 1866 1286 1922; x_wconf 82' lang='grc' dir='ltr'><strong><em>γέγονεν,</em></strong></span> <span class='ocrx_word' id='word_1_257' title='bbox 1327 1866 1402 1909; x_wconf 81' lang='grc' dir='ltr'><strong><em>οὐκ</em></strong></span> <span class='ocrx_word' id='word_1_258' title='bbox 1433 1868 1498 1915; x_wconf 78' lang='grc' dir='ltr'><strong><em>ὅν;</em></strong></span> <span class='ocrx_word' id='word_1_259' title='bbox 1538 1867 1619 1910; x_wconf 77' lang='grc' dir='ltr'><strong><em>ἔστ’</em></strong></span> 
     </span>
     <span class='ocr_line' id='line_1_29' title="bbox 53 1918 1623 1979; baseline 0.004 -18"><span class='ocrx_word' id='word_1_260' title='bbox 53 1919 123 1975; x_wconf 71' lang='grc' dir='ltr'><strong><em>ἄρ’</em></strong></span> <span class='ocrx_word' id='word_1_261' title='bbox 146 1919 220 1962; x_wconf 78' lang='grc' dir='ltr'><strong><em>οὐκ</em></strong></span> <span class='ocrx_word' id='word_1_262' title='bbox 249 1918 370 1963; x_wconf 76' lang='grc' dir='ltr'><strong><em>οὐδὲν</em></strong></span> <span class='ocrx_word' id='word_1_263' title='bbox 398 1920 512 1963; x_wconf 82' lang='grc' dir='ltr'><strong><em>ποτ’·</em></strong></span> <span class='ocrx_word' id='word_1_264' title='bbox 552 1924 600 1965; x_wconf 85' lang='lat' dir='ltr'><strong><em>G.</em></strong></span> <span class='ocrx_word' id='word_1_265' title='bbox 631 1925 769 1966; x_wconf 86' lang='lat' dir='ltr'><strong>Herm.</strong></span> <span class='ocrx_word' id='word_1_266' title='bbox 802 1924 941 1977; x_wconf 88' lang='lat' dir='ltr'><strong>(Mein.</strong></span> <span class='ocrx_word' id='word_1_267' title='bbox 966 1925 1004 1964; x_wconf 92' lang='lat' dir='ltr'><strong>V</strong></span> <span class='ocrx_word' id='word_1_268' title='bbox 1035 1923 1125 1979; x_wconf 86' lang='lat'><strong>76).</strong></span> <span class='ocrx_word' id='word_1_269' title='bbox 1182 1922 1361 1966; x_wconf 83' lang='grc' dir='ltr'><strong><em>αὐτόθεν</em></strong></span> <span class='ocrx_word' id='word_1_270' title='bbox 1390 1941 1446 1978; x_wconf 87' lang='grc' dir='ltr'><strong><em>πη</em></strong></span> <span class='ocrx_word' id='word_1_271' title='bbox 1477 1930 1550 1967; x_wconf 80' lang='lat' dir='ltr'><strong><em>‘ex</em></strong></span> <span class='ocrx_word' id='word_1_272' title='bbox 1581 1941 1623 1968; x_wconf 85' lang='lat' dir='ltr'><strong>se</strong></span> 
     </span>
     <span class='ocr_line' id='line_1_30' title="bbox 55 1977 1620 2036; baseline 0.003 -17"><span class='ocrx_word' id='word_1_273' title='bbox 55 1980 142 2032; x_wconf 86' lang='lat' dir='ltr'><strong>ipso</strong></span> <span class='ocrx_word' id='word_1_274' title='bbox 173 1981 339 2020; x_wconf 80' lang='lat' dir='ltr'><strong>natum’</strong></span> <span class='ocrx_word' id='word_1_275' title='bbox 371 1981 489 2022; x_wconf 84' lang='lat' dir='ltr'><strong>Mein.</strong></span> <span class='ocrx_word' id='word_1_276' title='bbox 580 1982 646 2020; x_wconf 90' lang='grc'><strong><em>14.</em></strong></span> <span class='ocrx_word' id='word_1_277' title='bbox 678 1977 752 2021; x_wconf 78' lang='grc' dir='ltr'><strong><em>οὐκ</em></strong></span> <span class='ocrx_word' id='word_1_278' title='bbox 782 1980 833 2022; x_wconf 81' lang='grc' dir='ltr'><strong><em>ὅν</em></strong></span> <span class='ocrx_word' id='word_1_279' title='bbox 860 1979 896 2021; x_wconf 86' lang='grc' dir='ltr'><strong><em>τ’</em></strong></span> <span class='ocrx_word' id='word_1_280' title='bbox 930 1980 971 2030; x_wconf 78' lang='grc' dir='ltr'><strong><em>ἐς</em></strong></span> <span class='ocrx_word' id='word_1_281' title='bbox 1001 1978 1076 2022; x_wconf 79' lang='grc' dir='ltr'><strong><em>οὐκ</em></strong></span> <span class='ocrx_word' id='word_1_282' title='bbox 1106 1979 1192 2022; x_wconf 77' lang='grc' dir='ltr'><strong><em>ὅντ’</em></strong></span> <span class='ocrx_word' id='word_1_283' title='bbox 1218 1979 1349 2022; x_wconf 81' lang='grc' dir='ltr'><strong><em>ἆπιέν’</em></strong></span> <span class='ocrx_word' id='word_1_284' title='bbox 1372 1980 1420 2023; x_wconf 84' lang='grc' dir='ltr'><strong><em>οὐ</em></strong></span> <span class='ocrx_word' id='word_1_285' title='bbox 1451 1982 1620 2036; x_wconf 84' lang='grc' dir='ltr'><strong><em>δυνήσε·</em></strong></span> 
     </span>
     <span class='ocr_line' id='line_1_31' title="bbox 55 2034 1262 2092; baseline 0.002 -16"><span class='ocrx_word' id='word_1_286' title='bbox 55 2050 120 2076; x_wconf 88' lang='grc' dir='ltr'><strong><em>ται</em></strong></span> <span class='ocrx_word' id='word_1_287' title='bbox 148 2037 201 2077; x_wconf 89' lang='grc' dir='ltr'><strong><em>Η.</em></strong></span> <span class='ocrx_word' id='word_1_288' title='bbox 230 2037 376 2078; x_wconf 77' lang='lat' dir='ltr'><strong>Iacobi.</strong></span> <span class='ocrx_word' id='word_1_289' title='bbox 497 2039 561 2078; x_wconf 87' lang='lat'><strong><em>15.</em></strong></span> <span class='ocrx_word' id='word_1_290' title='bbox 593 2034 780 2078; x_wconf 72' lang='grc' dir='ltr'><strong><em>ἀπόλλων</em></strong></span> <span class='ocrx_word' id='word_1_291' title='bbox 809 2039 966 2092; x_wconf 87' lang='lat' dir='ltr'><strong>Dindf.]</strong></span> <span class='ocrx_word' id='word_1_292' title='bbox 996 2034 1182 2079; x_wconf 75' lang='grc' dir='ltr'><strong><em>ἀπόλλων</em></strong></span> <span class='ocrx_word' id='word_1_293' title='bbox 1210 2041 1262 2079; x_wconf 92' lang='lat' dir='ltr'><strong>A.</strong></span> 
     </span>
    </p>

    <p class='ocr_par' dir='ltr' id='par_1_11' title="bbox 37 2095 1623 2602">
     <span class='ocr_line' id='line_1_32' title="bbox 171 2095 1622 2150; baseline 0.003 -16"><span class='ocrx_word' id='word_1_294' title='bbox 171 2095 294 2134; x_wconf 79' lang='lat' dir='ltr'><strong>verba</strong></span> <span class='ocrx_word' id='word_1_295' title='bbox 322 2096 418 2135; x_wconf 80' lang='lat' dir='ltr'><strong>sunt</strong></span> <span class='ocrx_word' id='word_1_296' title='bbox 446 2096 574 2146; x_wconf 80' lang='lat' dir='ltr'><strong>patris</strong></span> <span class='ocrx_word' id='word_1_297' title='bbox 604 2096 821 2136; x_wconf 83' lang='lat' dir='ltr'><strong>seniorisve</strong></span> <span class='ocrx_word' id='word_1_298' title='bbox 852 2097 967 2136; x_wconf 83' lang='lat' dir='ltr'><strong>amici</strong></span> <span class='ocrx_word' id='word_1_299' title='bbox 995 2097 1341 2138; x_wconf 83' lang='lat' dir='ltr'><strong>adulescentulum</strong></span> <span class='ocrx_word' id='word_1_300' title='bbox 1371 2099 1421 2138; x_wconf 84' lang='lat' dir='ltr'><strong><em>ab</em></strong></span> <span class='ocrx_word' id='word_1_301' title='bbox 1450 2100 1622 2150; x_wconf 83' lang='lat' dir='ltr'><strong>argutiis</strong></span> 
     </span>
     <span class='ocr_line' id='line_1_33' title="bbox 61 2151 1623 2206; baseline 0.003 -16"><span class='ocrx_word' id='word_1_302' title='bbox 61 2151 281 2191; x_wconf 74' lang='lat' dir='ltr'><strong>dialecticis</strong></span> <span class='ocrx_word' id='word_1_303' title='bbox 301 2154 537 2192; x_wconf 79' lang='lat' dir='ltr'><strong>revocantis.</strong></span> <span class='ocrx_word' id='word_1_304' title='bbox 577 2153 804 2192; x_wconf 79' lang='lat' dir='ltr'><strong>inridentur</strong></span> <span class='ocrx_word' id='word_1_305' title='bbox 824 2155 1025 2205; x_wconf 76' lang='lat' dir='ltr'><strong>captiones</strong></span> <span class='ocrx_word' id='word_1_306' title='bbox 1048 2154 1249 2195; x_wconf 80' lang='lat' dir='ltr'><strong>Eleaticae</strong></span> <span class='ocrx_word' id='word_1_307' title='bbox 1279 2155 1462 2206; x_wconf 84' lang='lat' dir='ltr'><strong>inprimis</strong></span> <span class='ocrx_word' id='word_1_308' title='bbox 1493 2159 1623 2196; x_wconf 80' lang='lat' dir='ltr'><strong>sectae</strong></span> 
     </span>
     <span class='ocr_line' id='line_1_34' title="bbox 55 2208 1622 2260; baseline 0.003 -13"><span class='ocrx_word' id='word_1_309' title='bbox 55 2208 119 2248; x_wconf 83' lang='lat' dir='ltr'><strong>vel</strong></span> <span class='ocrx_word' id='word_1_310' title='bbox 156 2209 291 2258; x_wconf 88' lang='lat' dir='ltr'><strong>potius</strong></span> <span class='ocrx_word' id='word_1_311' title='bbox 328 2221 465 2248; x_wconf 85' lang='lat' dir='ltr'><strong>eorum</strong></span> <span class='ocrx_word' id='word_1_312' title='bbox 502 2210 572 2260; x_wconf 88' lang='lat' dir='ltr'><strong>qui</strong></span> <span class='ocrx_word' id='word_1_313' title='bbox 608 2211 696 2249; x_wconf 88' lang='lat' dir='ltr'><strong><em>tum</em></strong></span> <span class='ocrx_word' id='word_1_314' title='bbox 726 2210 823 2250; x_wconf 77' lang='lat' dir='ltr'><strong>talia.</strong></span> <span class='ocrx_word' id='word_1_315' title='bbox 851 2210 1166 2250; x_wconf 77' lang='lat' dir='ltr'><strong>admirabantur.</strong></span> <span class='ocrx_word' id='word_1_316' title='bbox 1225 2211 1384 2251; x_wconf 87' lang='lat' dir='ltr'><strong>videtur</strong></span> <span class='ocrx_word' id='word_1_317' title='bbox 1415 2213 1521 2252; x_wconf 88' lang='lat' dir='ltr'><strong>enim</strong></span> <span class='ocrx_word' id='word_1_318' title='bbox 1551 2214 1622 2253; x_wconf 90' lang='lat' dir='ltr'><strong>illo</strong></span> 
     </span>
     <span class='ocr_line' id='line_1_35' title="bbox 56 2265 1622 2320; baseline 0.003 -16"><span class='ocrx_word' id='word_1_319' title='bbox 56 2266 235 2315; x_wconf 85' lang='lat' dir='ltr'><strong>tempore</strong></span> <span class='ocrx_word' id='word_1_320' title='bbox 265 2265 529 2317; x_wconf 75' lang='lat' dir='ltr'><strong>potissimum,</strong></span> <span class='ocrx_word' id='word_1_321' title='bbox 559 2266 739 2306; x_wconf 78' lang='lat' dir='ltr'><strong>Platonis</strong></span> <span class='ocrx_word' id='word_1_322' title='bbox 769 2268 939 2307; x_wconf 79' lang='lat' dir='ltr'><strong>maxime</strong></span> <span class='ocrx_word' id='word_1_323' title='bbox 969 2267 1281 2319; x_wconf 81' lang='lat' dir='ltr'><strong>Aristotelisque</strong></span> <span class='ocrx_word' id='word_1_324' title='bbox 1312 2282 1445 2320; x_wconf 84' lang='lat' dir='ltr'><strong>opera,</strong></span> <span class='ocrx_word' id='word_1_325' title='bbox 1477 2270 1622 2309; x_wconf 82' lang='lat' dir='ltr'><strong>doctri-</strong></span> 
     </span>
     <span class='ocr_line' id='line_1_36' title="bbox 58 2321 1620 2376; baseline 0.004 -16"><span class='ocrx_word' id='word_1_326' title='bbox 58 2334 133 2361; x_wconf 76' lang='lat' dir='ltr'><strong>nae</strong></span> <span class='ocrx_word' id='word_1_327' title='bbox 165 2321 365 2362; x_wconf 79' lang='lat' dir='ltr'><strong>Eleaticae</strong></span> <span class='ocrx_word' id='word_1_328' title='bbox 397 2323 572 2374; x_wconf 82' lang='lat' dir='ltr'><strong>cognitio</strong></span> <span class='ocrx_word' id='word_1_329' title='bbox 601 2324 644 2363; x_wconf 92' lang='lat' dir='ltr'><strong>in</strong></span> <span class='ocrx_word' id='word_1_330' title='bbox 674 2325 819 2376; x_wconf 84' lang='lat' dir='ltr'><strong>vulgus</strong></span> <span class='ocrx_word' id='word_1_331' title='bbox 849 2337 1118 2375; x_wconf 79' lang='lat' dir='ltr'><strong>permanasse.</strong></span> <span class='ocrx_word' id='word_1_332' title='bbox 1169 2326 1219 2365; x_wconf 88' lang='lat' dir='ltr'><strong><em>cf.</em></strong></span> <span class='ocrx_word' id='word_1_333' title='bbox 1253 2326 1421 2366; x_wconf 85' lang='lat' dir='ltr'><strong>Aristot.</strong></span> <span class='ocrx_word' id='word_1_334' title='bbox 1454 2326 1514 2365; x_wconf 88' lang='lat' dir='ltr'><strong>De</strong></span> <span class='ocrx_word' id='word_1_335' title='bbox 1545 2327 1620 2366; x_wconf 90' lang='lat' dir='ltr'><strong>Xe-</strong></span> 
     </span>
     <span class='ocr_line' id='line_1_37' title="bbox 54 2378 1621 2432; baseline 0.002 -13"><span class='ocrx_word' id='word_1_336' title='bbox 54 2378 176 2430; x_wconf 88' lang='lat' dir='ltr'><strong>noph.</strong></span> <span class='ocrx_word' id='word_1_337' title='bbox 210 2393 247 2429; x_wconf 92' lang='lat' dir='ltr'><strong>p.</strong></span> <span class='ocrx_word' id='word_1_338' title='bbox 272 2380 367 2419; x_wconf 83' lang='lat'><strong>974.</strong></span> <span class='ocrx_word' id='word_1_339' title='bbox 413 2378 641 2420; x_wconf 77' lang='lat' dir='ltr'><strong>Parmenid.</strong></span> <span class='ocrx_word' id='word_1_340' title='bbox 673 2394 737 2431; x_wconf 77' lang='lat' dir='ltr'><strong><em>ap.</em></strong></span> <span class='ocrx_word' id='word_1_341' title='bbox 770 2381 947 2432; x_wconf 81' lang='lat' dir='ltr'><strong>Simplic.</strong></span> <span class='ocrx_word' id='word_1_342' title='bbox 977 2381 1099 2432; x_wconf 82' lang='lat' dir='ltr'><strong>Phys.</strong></span> <span class='ocrx_word' id='word_1_343' title='bbox 1125 2382 1192 2421; x_wconf 86' lang='lat' dir='ltr'><strong>fol.</strong></span> <span class='ocrx_word' id='word_1_344' title='bbox 1215 2383 1252 2422; x_wconf 86' lang='lat'><strong><em>3.</em></strong></span> <span class='ocrx_word' id='word_1_345' title='bbox 1300 2383 1399 2422; x_wconf 88' lang='lat' dir='ltr'><strong>ibid.</strong></span> <span class='ocrx_word' id='word_1_346' title='bbox 1432 2384 1493 2422; x_wconf 89' lang='lat' dir='ltr'><strong>De</strong></span> <span class='ocrx_word' id='word_1_347' title='bbox 1514 2385 1621 2423; x_wconf 84' lang='lat' dir='ltr'><strong>caelo</strong></span> 
     </span>
     <span class='ocr_line' id='line_1_38' title="bbox 56 2435 1622 2491; baseline 0.003 -16"><span class='ocrx_word' id='word_1_348' title='bbox 56 2436 83 2475; x_wconf 81' lang='lat' dir='ltr'><strong><em>f.</em></strong></span> <span class='ocrx_word' id='word_1_349' title='bbox 117 2437 169 2475; x_wconf 83' lang='lat'><strong><em>27</em></strong></span> <span class='ocrx_word' id='word_1_350' title='bbox 183 2437 220 2476; x_wconf 92' lang='lat' dir='ltr'><strong><em>b.</em></strong></span> <span class='ocrx_word' id='word_1_351' title='bbox 309 2438 347 2477; x_wconf 92' lang='lat'><strong><em>4.</em></strong></span> <span class='ocrx_word' id='word_1_352' title='bbox 380 2435 574 2488; x_wconf 84' lang='grc' dir='ltr'><strong><em>συκίνων,</em></strong></span> <span class='ocrx_word' id='word_1_353' title='bbox 604 2440 650 2476; x_wconf 87' lang='lat' dir='ltr'><strong><em>ut</em></strong></span> <span class='ocrx_word' id='word_1_354' title='bbox 681 2437 844 2478; x_wconf 83' lang='lat' dir='ltr'><strong>Theocr.</strong></span> <span class='ocrx_word' id='word_1_355' title='bbox 878 2440 943 2489; x_wconf 90' lang='lat'><strong><em>10,</em></strong></span> <span class='ocrx_word' id='word_1_356' title='bbox 965 2439 1019 2478; x_wconf 88' lang='lat'><strong><em>45</em></strong></span> <span class='ocrx_word' id='word_1_357' title='bbox 1050 2436 1208 2477; x_wconf 81' lang='grc' dir='ltr'><strong><em>σύκινοι</em></strong></span> <span class='ocrx_word' id='word_1_358' title='bbox 1236 2436 1396 2491; x_wconf 72' lang='grc' dir='ltr'><strong><em>ἄνδρες,</em></strong></span> <span class='ocrx_word' id='word_1_359' title='bbox 1427 2443 1494 2489; x_wconf 74' lang='lat' dir='ltr'><strong><em>qui</em></strong></span> <span class='ocrx_word' id='word_1_360' title='bbox 1523 2442 1622 2480; x_wconf 72' lang='lat' dir='ltr'><strong>nihil</strong></span> 
     </span>
     <span class='ocr_line' id='line_1_39' title="bbox 37 2494 1620 2546; baseline 0.003 -13"><span class='ocrx_word' id='word_1_361' title='bbox 37 2495 273 2543; x_wconf 67' lang='lat' dir='ltr'><strong>proficiunt.</strong></span> <span class='ocrx_word' id='word_1_362' title='bbox 323 2495 462 2534; x_wconf 78' lang='lat' dir='ltr'><strong>Horat.</strong></span> <span class='ocrx_word' id='word_1_363' title='bbox 495 2494 620 2537; x_wconf 82' lang='lat' dir='ltr'><strong>Serm.</strong></span> <span class='ocrx_word' id='word_1_364' title='bbox 643 2497 680 2546; x_wconf 91' lang='lat'><strong><em>1,</em></strong></span> <span class='ocrx_word' id='word_1_365' title='bbox 702 2495 741 2545; x_wconf 88' lang='lat'><strong><em>8,</em></strong></span> <span class='ocrx_word' id='word_1_366' title='bbox 763 2497 782 2533; x_wconf 94' lang='lat'>1</span> <span class='ocrx_word' id='word_1_367' title='bbox 816 2496 909 2535; x_wconf 83' lang='lat' dir='ltr'><strong>olim</strong></span> <span class='ocrx_word' id='word_1_368' title='bbox 937 2499 1100 2536; x_wconf 76' lang='lat' dir='ltr'><strong><em>truncus</em></strong></span> <span class='ocrx_word' id='word_1_369' title='bbox 1128 2508 1236 2536; x_wconf 84' lang='lat' dir='ltr'><strong>eram</strong></span> <span class='ocrx_word' id='word_1_370' title='bbox 1264 2497 1511 2546; x_wconf 76' lang='lat' dir='ltr'><strong>ficulnus,</strong></span> <span class='ocrx_word' id='word_1_371' title='bbox 1542 2500 1620 2537; x_wconf 73' lang='lat' dir='ltr'><strong><em>in-</em></strong></span> 
     </span>
     <span class='ocr_line' id='line_1_40' title="bbox 54 2551 405 2602; baseline 0.006 -12"><span class='ocrx_word' id='word_1_372' title='bbox 54 2551 177 2591; x_wconf 76' lang='lat' dir='ltr'><strong>utile</strong></span> <span class='ocrx_word' id='word_1_373' title='bbox 210 2552 405 2602; x_wconf 76' lang='lat' dir='ltr'><strong>liynum.</strong></span> 
     </span>
    </p>
   </div>
   <div class='ocr_carea' id='block_1_5' title="bbox 715 2663 954 2762">
    <p class='ocr_par' dir='ltr' id='par_1_12' title="bbox 715 2663 954 2762">
     <span class='ocr_line' id='line_1_41' title="bbox 715 2663 954 2698; baseline 0.004 -1"><span class='ocrx_word' id='word_1_374' title='bbox 715 2663 954 2698; x_wconf 73' lang='grc' dir='ltr'><strong>ΚΝΑΦΕΤΣ</strong></span> 
     </span>
     <span class='ocr_line' id='line_1_42' title="bbox 795 2719 875 2762; baseline 0 0"><span class='ocrx_word' id='word_1_375' title='bbox 795 2719 875 2762; x_wconf 87' lang='grc'><strong><em>123</em></strong></span> 
     </span>
    </p>
   </div>
   <div class='ocr_carea' id='block_1_6' title="bbox 326 2784 1385 2911">
    <p class='ocr_par' dir='ltr' id='par_1_13' title="bbox 326 2784 1385 2911">
     <span class='ocr_line' id='line_1_43' title="bbox 326 2784 1385 2845; baseline 0.004 -17"><span class='ocrx_word' id='word_1_376' title='bbox 326 2784 448 2837; x_wconf 83' lang='grc' dir='ltr'><strong><em>ὅστις</em></strong></span> <span class='ocrx_word' id='word_1_377' title='bbox 476 2786 638 2843; x_wconf 82' lang='grc' dir='ltr'><strong><em>τέχνην</em></strong></span> <span class='ocrx_word' id='word_1_378' title='bbox 666 2790 841 2845; x_wconf 75' lang='grc' dir='ltr'><strong><em>πρῶτος</em></strong></span> <span class='ocrx_word' id='word_1_379' title='bbox 871 2785 1095 2838; x_wconf 80' lang='grc' dir='ltr'><strong><em>κατέδειξε</em></strong></span> <span class='ocrx_word' id='word_1_380' title='bbox 1123 2790 1216 2830; x_wconf 77' lang='grc' dir='ltr'><strong><em>τῶν</em></strong></span> <span class='ocrx_word' id='word_1_381' title='bbox 1244 2791 1385 2844; x_wconf 76' lang='grc' dir='ltr'><strong><em>θεῶν,</em></strong></span> 
     </span>
     <span class='ocr_line' id='line_1_44' title="bbox 328 2845 1343 2911; baseline 0.004 -15"><span class='ocrx_word' id='word_1_382' title='bbox 328 2845 459 2905; x_wconf 81' lang='grc' dir='ltr'><strong><em>οὗτος</em></strong></span> <span class='ocrx_word' id='word_1_383' title='bbox 486 2855 699 2911; x_wconf 80' lang='grc' dir='ltr'><strong><em>μέγιστον</em></strong></span> <span class='ocrx_word' id='word_1_384' title='bbox 731 2848 869 2911; x_wconf 85' lang='grc' dir='ltr'><strong><em>εὗρεν</em></strong></span> <span class='ocrx_word' id='word_1_385' title='bbox 899 2851 1160 2911; x_wconf 76' lang='grc' dir='ltr'><strong><em>ἀνθρώποις</em></strong></span> <span class='ocrx_word' id='word_1_386' title='bbox 1189 2855 1343 2900; x_wconf 84' lang='grc' dir='ltr'><strong><em>κακόν.</em></strong></span> 
     </span>
    </p>
   </div>
  </div>
 </body>
</html>
