1806 3216
541 224 606 257 EM
616 223 782 258 [ΙΟΡΟΣ
805 241 849 249 -
873 223 1133 259 ΖΩΓΡΑΦΟΣ
1498 266 1506 274 ,
1533 222 1617 267 553

803 324 861 367 40
924 378 948 423 ὁ
980 381 1030 423 δὲ
1060 380 1333 432 κανδύταλις

256 441 388 500 οὗτος
417 450 462 491 τί
488 449 702 503 δύναται,
734 447 808 492 καὶ
838 449 887 492 τί
911 448 1058 498 ἐστιν;
1108 451 1159 492 Β.
1192 446 1343 505 ὥσπερ
1375 450 1417 493 εἰ

257 519 400 567 εἴποις
429 514 606 573 αόρτάς.

5 628 27 654 .·
165 599 310 640 Pollux
335 601 398 649 10,
417 601 493 639 137
524 595 752 648 ωνόμασται
781 598 826 640 δὲ
847 605 905 655 τῷ
924 600 1096 653 κιβωτίῳ
1116 596 1396 651 παραπλήσιόν
1417 615 1450 639 τι
1473 605 1617 647 σκεῦος

50 654 314 706 auditam,
347 650 397 695 οὗ
424 654 639 707 μέμνηται.
687 656 876 707 ,Δίφιλος
907 655 951 697 ἐν
966 645 1297 710 Επιδικαζομένῳ
1326 659 1407 696 κτλ.
1439 654 1523 708 ἐμοὶ
1544 654 1618 708 μὲν

0 730 14 735 ·’
51 707 128 754 οὖν
156 712 271 752 δοκεῖ
295 709 338 752 τὸ
367 717 507 760 σκεῦος
539 712 741 764 Περσικὸν
769 709 848 753 ἀπὸ
879 720 950 754 τοῦ
980 713 1155 762 κάνδυος
1185 712 1349 766 κληθέν,
1388 713 1444 760 εἰς
1474 718 1618 765 χρῆσιν

0 795 1 798 =
51 765 94 810 δ’
116 764 215 810 αὐτὸ
244 767 395 822 ἤγαγον
427 768 682 818 Μακεδόνες.
771 772 811 810 2.
841 771 877 811 εἰ
905 771 994 811 add.
1027 767 1151 811 Mein.
1240 773 1276 811 3.
1311 767 1459 824 εἴποις]
1490 769 1616 824 λέγοις

6 840 9 841 ’
53 826 193 869 Cobet.
225 827 276 867 N.
307 827 335 866 1.
370 828 450 866 112
485 828 587 867 conl.
619 828 744 867 Arist.
776 828 852 868 Av.
885 829 981 868 282.
1012 851 1067 856 -
1103 829 1155 868 cf.
1187 828 1371 868 Menand.
1404 828 1500 867 322.
1543 828 1616 868 Po·

52 884 205 936 sidipp.
236 885 261 924 9
293 883 412 924 Mein.

687 974 982 1008 EHIKAHPOL'

168 1054 229 1095 cf.
260 1067 361 1105 quae
391 1055 441 1094 ad
472 1055 715 1106 Antiphanis
740 1051 982 1107 Ἐπίκληρον
1011 1046 1267 1097 adnotantur.

812 1166 862 1208 4¹
922 1222 1091 1277 χύτρον
1120 1221 1263 1277 μέγαν

327 1288 449 1346 παρὰ
478 1293 563 1333 τοῦ
592 1292 812 1346 μαγείρου

166 1372 308 1413 Pollux
340 1374 405 1422 10,
428 1375 481 1413 99
519 1387 616 1412 οταν
645 1371 687 1411 δὲ
719 1371 886 1423 Δίφιλος
918 1369 962 1411 ἕν
986 1367 1208 1427 Ἐπικλήρῳ
1237 1370 1328 1427 λέγῃ
1358 1376 1456 1424 nti„
1494 1373 1616 1423 δῆλον

52 1426 114 1468 ὅτι
143 1427 218 1481 τὴν
245 1427 396 1482 χύτραν
423 1427 546 1483 λέγει,
575 1426 664 1469 ἀλλ’
688 1424 735 1469 οὗ
766 1427 834 1469 τὸν
863 1425 1098 1482 χυτρόποδα.

668 1553 1009 1588 ΕΠΙΤΡΟΠΕΤΣ

167 1635 200 1674 Ι.
221 1647 255 1674 ο.
287 1635 417 1675 incola
447 1636 541 1687 pagi
566 1629 794 1686 Ἐπιτροπή.
840 1636 958 1676 Mein.
989 1634 1007 1673 I
1038 1635 1135 1673 454.
1159 1635 1184 1673 5
1214 1635 1317 1675 conl.
1349 1634 1391 1673 O.
1421 1635 1452 1676 I.
1485 1635 1502 1673 1
1535 1636 1615 1674 626

49 1687 350 1742 Ἀπολλοφάνης
381 1690 568 1743 Σατύρου
595 1687 901 1743 Ἐπιτροπῆθεν.
952 1692 1000 1733 cf.
1035 1691 1054 1730 Ι
1083 1692 1181 1730 422.

412 1800 451 1835 ⁶·
810 1801 866 1844 42

330 1857 643 1909 ἐξιδιάσασθαι

169 1940 336 1990 Δίφιλος
363 1936 600 1992 Ἐιτιτροπεῖ.
631 1941 802 1982 Bekker.
826 1942 976 1984 Anecd
999 1942 1065 1991 96,
1088 1942 1155 1980 31.
1222 1936 1457 2010 Ἐπιτροπει·
1477 1938 1616 1994 Mein]

54 1995 249 2052 ἐπιτροπῇ
286 1998 373 2038 cod.
405 2021 459 2026 —
499 1998 709 2050 Phrynich.
743 1998 827 2038 Ecl.
863 1999 940 2037 199
972 1994 1249 2046 ἕξιδιάζονται·
1291 2011 1358 2036 και
1388 1997 1503 2036 τοῦτο
1530 1997 1616 2034 Φα-

53 2055 224 2107 βωρῖνος
245 2052 346 2107 λέγει
366 2059 511 2102 κακῶς.
550 2054 758 2094 ἰδιοῦσθαι
786 2052 862 2107 γὰρ
893 2052 935 2094 τὸ
966 2059 1146 2093 τοιοῦτον
1176 2051 1359 2106 λέγουσιν
1389 2051 1468 2093 οἷ’
1445 2057 1614 2105 αρχαῑοι.

54 2113 124 2151 ubi
161 2113 211 2151 of.
253 2112 424 2152 Lobeck.
486 2107 771 2160 ἐξιδιώσασθαι
810 2112 907 2152 Xen.
941 2112 1052 2151 Heu.
1083 2113 1128 2162 2,
1150 2112 1196 2159 4,
1221 2112 1258 2150 8.
1310 2111 1428 2151 Isocr.
1461 2112 1526 2159 12,
1549 2112 1615 2150 43.

54 2168 241 2220 Diphilus
272 2171 403 2209 tamen
434 2169 602 2209 fortasse
633 2170 847 2220 scripserat
877 2165 1144 2218 ἕξιὸίσασθαι.
1191 2167 1243 2210 of.
1272 2167 1396 2208 Arist.
1420 2169 1497 2207 Av.
1522 2169 1615 2208 791.

697 2291 971 2327 ΕΤΝΟΤΧΟΣ

169 2338 231 2378 Of.
263 2338 556 2390 Αἴρησιτείχης.

705 2404 966 2439 ΖΩΓΡΑΦΟΣ

169 2481 387 2538 Ζωγράφος
419 2487 498 2526 fuit
527 2487 647 2526 etiam
676 2486 920 2537 Antiphanis
949 2488 990 2525 et
1021 2485 1259 2536 Hipparchi,
1291 2479 1503 2536 Ζωγράφοι
1534 2484 1617 2523 An-

55 2543 295 2584 axandridis.
805 2595 862 2639 43

290 2673 344 2718 οὐ
373 2675 432 2732 μὴ
465 2675 711 2731 παραλάβω
742 2673 786 2717 α’
808 2672 1033 2731 οὐδαμοῦ,
1065 2675 1280 2728 Δράκων,
1314 2669 1401 2728 ἐγώ

291 2740 361 2786 ἐπ’
386 2745 521 2799 ἔργον
551 2735 607 2785 οὗ
636 2740 696 2799 μὴ
727 2743 945 2793 διατελεῖς
974 2742 1057 2797 τήν
1088 2739 1258 2797 ἡμέραν

288 2813 624 2867 τραπεζοποιῶν
655 2811 707 2855 έν
737 2808 927 2866 ἀγαθοῖς
957 2811 1140 2860 πολλοῖς
1169 2807 1324 2864 χύδην.

290 2877 346 2922 οὐ
375 2876 461 2934 γὰρ
490 2878 654 2934 βαδίζω
685 2877 907 2934 πρότερον
937 2874 994 2921 ἄν
1023 2874 1083 2934 μὴ
1113 2875 1345 2932 δοκιμασω
