1864 3204
660 184 867 221 ΑΔΗΛΩΝ
893 185 1162 220 ΔΡΑΜΑΤῼΝ
1610 184 1696 227 275

126 289 190 330 111
220 290 315 341 294,
339 290 406 330 22.
438 290 570 330 Draco
593 291 658 341 75,
682 290 724 342 5)
755 289 909 343 εἴρηται
935 288 1140 354 πενθηρὸς
1171 282 1213 329 τὸ
1244 287 1430 329 ἐπίθετον
1459 287 1526 328 διὰ
1558 290 1627 328 τοῦ
1655 304 1696 340 η,

126 343 261 400 ὥσπερ
291 345 355 386 ἐπὶ
385 346 542 399 ἱματίου
572 344 739 398 μέλανος
768 349 851 387 κτλ.
901 344 1030 395 ουτως
1059 340 1134 400 γὰρ
1164 345 1242 399 ἔφη
1269 342 1491 396 Ἀναξίλας.

882 460 939 503 38

443 523 528 583 τὴν
552 523 819 582 Ἑκτόρειον,
850 523 934 583 τὴν
964 528 1186 584 ἐφίμερον
1216 526 1362 583 κόμην

241 610 383 650 Pollux
404 611 442 661 2,
458 611 511 649 29
543 606 719 649 ἐκαλεῖτο
749 607 794 648 δέ
823 624 880 656 τις
908 608 978 649 καὶ
1001 606 1227 658 Ἑκτόρειος
1258 608 1384 662 κόμη,
1415 608 1505 662 περὶ
1534 603 1584 662 ἧς
1617 623 1696 660 φη-
1752 623 1755 626 ’

132 677 200 705 σιν
226 663 460 715 Ἀναξίλαος
490 668 571 705 κτλ.
606 665 769 718 Τίμαιος
799 663 844 706 δὲ
874 663 948 719 τὴν
975 666 1130 716 κουρὰν
1158 665 1310 718 ταύτην
1336 665 1607 719 προεστᾶλθαι
1625 664 1701 718 μὲν

128 722 214 763 δεῖν
242 721 332 772 περὶ
364 721 407 762 τὸ
436 721 618 775 μέτωπον
637 721 751 776 λέγει,
783 729 842 778 τῳ
863 721 906 763 δὲ
927 720 1104 794 τραχήλῳ
1123 720 1427 777 περικεχύσθαι.
1459 725 1697 764 Eusfiathius

130 782 251 829 1276,
275 783 328 820 29
368 780 602 847 περιάδεται
640 780 743 833 κόμη
767 766 1009 833 Ἑκτόρειος,
1039 778 1064 833 ἡ
1096 779 1398 834 περικεχυμένῃ,
1429 781 1569 832 φασίν.
1619 782 1697 821 He-

127 839 238 890 syeh.
265 834 480 889 Ἑκτόρειοι
508 836 647 890 κόμαι·
679 835 735 886 ὥς
769 837 940 878 Δαύνιοι
969 837 1036 879 καὶ
1067 836 1300 890 Πευκέτιοι,
1331 836 1485 890 ἔχοντες
1515 837 1592 888 τὴν
1620 835 1696 877 ἀπ’

122 891 242 934 Ἰλίου
265 893 446 948 (Ἴλουῖ)
469 898 548 942 τοῖς
577 893 700 947 ὤμοις
730 895 1040 948 περικεχυμένην
1070 895 1194 949 τρίχα.
1226 919 1280 925 --
1310 893 1499 948 ἐφίμερον
1529 893 1696 950 Meurs]

128 948 342 1004 ἐφήμερον.
394 948 510 1004 τήνδ’
533 950 721 1005 ἐφίμερον
751 954 958 995 Herwerd.
989 955 1093 996 Nov.
1125 954 1216 994 add.
1249 954 1340 994 crit.
1373 955 1441 994 29.

888 1065 945 1108 39

334 1130 463 1188 ἡμεῖς
492 1132 544 1175 δέ
566 1130 611 1187 γ’
635 1131 914 1189 ε’κτενίζομεν
952 1133 1232 1177 Τελέσιππον
1263 1133 1507 1177 οἰκόσιτον.

243 1216 388 1255 Pollux
429 1217 475 1268 2,
498 1216 552 1255 34
592 1213 659 1254 καὶ
696 1214 1002 1267 διεκτενισμένοι
1037 1214 1112 1269 μὲν
1148 1216 1309 1270 εἴρηκεν
1345 1214 1588 1270 Ἀρχίλοχος,
1633 1215 1701 1257 καὶ

126 1268 335 1321 Ἀναξίλας
365 1274 446 1311 κτλ.
498 1273 554 1312 sic
585 1273 691 1323 apud
720 1273 960 1314 Bekkerum.
1010 1278 1128 1315 antea
1164 1289 1208 1327 γε
1237 1289 1340 1314 κτεν.
1381 1299 1432 1305 -
1476 1277 1701 1325 Telesippus

130 1331 228 1369 mihi
267 1330 429 1381 quidem
465 1331 640 1381 ignotus.
700 1343 773 1371 nec
812 1345 913 1382 quae
942 1332 1039 1372 haec
1070 1333 1148 1372 sibi
1179 1333 1309 1373 velint
1337 1333 1440 1372 scio:
1486 1333 1566 1372 nisi
1595 1333 1700 1372 forte

129 1386 320 1434 κτενίζειν
361 1400 434 1438 per
478 1387 782 1427 translationem
826 1389 1145 1441 intellegendum
1189 1392 1266 1441 est,
1305 1391 1351 1429 ut
1391 1387 1543 1441 ἐπέχθη
1573 1390 1698 1429 Arist.

129 1445 236 1484 Nub.
262 1445 384 1484 1356.
416 1444 465 1483 de
495 1443 676 1498 οἰκοσίτῳ
706 1446 756 1485 cf.
787 1445 1008 1497 Antiphan.
1033 1448 1129 1487 200.
1159 1447 1391 1487 Anaxandr.
1417 1448 1485 1486 24.

883 1557 941 1600 40

151 1644 172 1663 0
404 1624 478 1666 καὶ
508 1625 660 1667 πίνειν
691 1624 738 1676 ἐξ
768 1622 1033 1681 ἀργυρίδων
1063 1628 1248 1682 χρυσων

245 1707 477 1747 Athenaeus
512 1709 582 1757 11,
607 1708 721 1747 7842.
749 1704 929 1760 ἅργυρίς.
969 1703 1072 1756 εἶδος
1103 1707 1294 1760 ποτηρίου
1323 1706 1372 1748 οὗ
1401 1707 1528 1761 μόνον
1558 1707 1598 1758 ἐξ
1627 1705 1700 1761 ἆρ-

130 1762 270 1817 γύρου.
300 1761 505 1813 Ἀναξίλας
533 1766 615 1803 κτλ.
650 1765 884 1805 Eustathius
917 1767 1040 1815 1205,
1061 1767 1128 1806 54.
1187 1767 1355 1806 fortasse
1386 1765 1454 1806 καὶ
1484 1764 1535 1817 δὴ
1567 1766 1701 1806 πίνειν

132 1822 253 1861 Mein.
284 1822 402 1862 Anal.
435 1822 532 1862 Ath.
566 1822 660 1861 214.
711 1822 854 1873 quidni
883 1821 950 1862 καὶ
980 1822 1069 1863 δεῖ.

405 1987 655 2045 ἆντίκρισις
889 1934 942 1976 41

243 2068 333 2112 ἀντὶ
363 2078 435 2111 τοῦ
462 2069 689 2123 ἀπόκρισις.
741 2070 867 2121 οὕτως
895 2070 1114 2123 Ἀναξίλας.
1165 2075 1336 2115 Bekker.
1369 2076 1521 2115 Aneed.
1555 2077 1651 2127 408,
1675 2077 1700 2115 9

134 2131 175 2169 et
205 2130 362 2172 Suidas.
885 2185 942 2227 42

409 2240 728 2298 ἐβοστρύχιζον

251 2316 358 2376 παρὰ
385 2320 582 2378 Ἀναξίλα.
633 2324 778 2364 Pollux
810 2325 848 2375 2,
873 2326 937 2364 27.

893 2424 950 2466 43

411 2479 853 2535 φιλοδεσποτεύομαι

252 2559 379 2608 οὕτως
406 2557 625 2609 Ἀναξίλας.
660 2554 850 2614 'EtymoL
882 2576 935 2602 m.
968 2564 1062 2613 794,
1087 2565 1137 2603 19
1169 2566 1212 2604 et
1241 2564 1421 2603 Photius.

412 2718 650 2773 ψηλαφίζει
891 2663 949 2705 44

254 2795 342 2839 ἀντὶ
371 2803 443 2838 τοῦ·
471 2801 656 2855 ψηλαφςῒ.
703 2798 830 2849 οὕτως
855 2797 1076 2851 Ἀναξίλας.
1121 2803 1276 2842 Suidas.

1387 2923 1454 2956 18*
