1806 3216
176 207 260 250 510
801 204 1101 239 ΦΙΛΗΜοΝοΣ

910 305 991 347 100

359 410 363 414 ‚
419 382 526 424 ὅταν
558 383 607 425 δὲ
637 382 973 438 παρατηροῦντ’
997 384 1078 424 ἴδω
1109 384 1175 432 τίς
1206 384 1411 437 ἔπταρεν,

417 447 445 505 ἢ
477 452 543 499 τίς
574 449 807 505 ἐλάλησεν,
839 449 867 505 ἢ
896 452 962 500 τίς
993 451 1118 492 ἐστιν
1149 449 1172 491 ὁ
1202 449 1375 504 προϊών

416 520 699 570 σκοποῦντα,
732 520 867 559 πωλῶ
898 519 1061 559 τοῦτον
1093 515 1233 567 εὐθύς
1263 517 1312 560 ἐν
1341 516 1501 574 ἀγορᾷ.

419 583 541 640 αὐτῷ
572 585 738 638 βαδίζει
770 585 842 627 καὶ
875 587 1006 628 λαλεῖ
1031 585 1102 636 καὶ
1135 585 1405 639 πτάρνυται

371 662 391 693 5
421 651 608 702 ἕκαστος
636 650 779 708 ἡμῶν,
811 650 913 707 οὐχὶ
942 660 1034 702 τοῖς
1065 652 1116 695 ἐν
1145 655 1199 709 τῇ
1230 653 1369 695 πόλει.

416 716 469 761 τά
502 718 740 774 πράγμαθ’
762 717 820 770 ὥς
850 720 1053 775 πέφυκεν
1084 718 1202 762 οὕτω
1232 722 1418 774 γίνεται.

294 802 477 841 Clemens
508 803 622 840 Alex.
656 802 801 841 Strom.
835 805 871 852 7,
895 804 933 852 4,
957 803 1009 841 25
1037 798 1058 839 ὁ
1089 799 1265 852 κωμικὸς
1296 801 1340 840 δὲ
1369 799 1560 852 Φιλήμων
1588 801 1656 842 καὶ
1686 796 1734 842 τὰ

174 863 339 896 τοιαῦτα
370 857 555 912 κωμωδεῖ
577 860 657 898 κτλ.
710 859 984 898 Theodoretus
1011 858 1088 897 Aff.
1121 872 1182 909 gr.
1214 872 1293 898 cur.
1325 860 1391 907 87,
1418 860 1485 898 50.
1563 873 1600 900 v.
1625 862 1734 899 1—3

182 909 347 966 (εὐθὺς)
379 915 553 954 Cramer.
575 915 725 955 Anecd.
747 915 820 954 Ox.
844 915 926 953 IIII
950 915 1043 964 250,
1057 916 1121 954 27.
1174 918 1238 954 1.
1268 912 1312 953 δὲ
1343 890 1638 981 πάρατηροῦντ’
1659 915 1735 955 ἴδω

183 971 344 1010 Grotius
385 972 569 1021 Excelpt.
607 970 720 1022 777]
753 970 827 1009 ἴδω
875 976 1191 1023 παρατηροῦντα.
1295 973 1335 1011 2.
1378 982 1553 1022 προσιων
1585 973 1733 1012 Theod.

180 1027 311 1066 Cram.
343 1027 422 1066 An.
510 1031 548 1066 3.
587 1029 706 1065 πωλῶ
736 1025 868 1080 Sylb.]
906 1025 1023 1081 πώλῳ
1053 1028 1097 1068 L.
1145 1024 1279 1066 ἀπολῶ
1309 1028 1459 1067 Theod.
1492 1028 1622 1068 Cram-
1655 1031 1733 1068 An.

177 1085 218 1122 4.
250 1080 362 1136 αὑτῷ
384 1082 592 1136 Theod.]
574 1089 713 1150 savz-95.
795 1087 832 1123 6.
854 1067 1062 1135 πράγμαθ’
1075 1083 1315 1136 -γίγνεται
1336 1083 1502 1138 Theod]
1524 1081 1734 1138 πράγματα

182 1162 231 1167 -—-
253 1139 464 1191 γίγνεσθαι
493 1141 539 1178 L.
628 1137 731 1178 οὕτω
763 1140 936 1192 Theod.]
969 1138 1109 1186 οὕτως.

292 1198 330 1234 3.
363 1198 481 1234 πωλῶ
513 1198 581 1235 ‘ut
611 1210 767 1237 servum
797 1198 966 1247 vendo',
997 1210 1069 1247 pro
1099 1209 1212 1237 servo
1242 1197 1422 1237 aestimo.

917 1307 992 1348 101

368 1371 453 1428 ἐγώ
489 1376 623 1416 λίθον
652 1373 736 1428 μὲν
765 1371 848 1428 τήν
880 1373 1072 1428 Νιόβην,
1103 1371 1163 1428 μά
1193 1374 1300 1423 τοὺς
1328 1374 1487 1428 θεούς,

366 1439 577 1483 οὐδέποτ’
602 1441 836 1496 ἐπείσθην,
868 1440 975 1483 οὐδὲ
1006 1444 1094 1483 νῦν
1125 1442 1427 1497 πεισθήσομαι

370 1506 431 1557 ὦς
460 1507 584 1550 τοῦτ’
610 1507 775 1563 ἐγένετ’
798 1507 1059 1562 ἄνθρωπος·
1090 1507 1180 1551 ὑπὸ
1212 1509 1262 1552 δὲ
1291 1512 1383 1551 τῶν
1414 1511 1566 1551 κακῶν

369 1578 480 1628 [τῶν
511 1576 843 1631 συμπεσόντων
866 1579 946 1619 τοῦ
976 1591 1023 1618 τε
1053 1577 1310 1631 συμβάντος
1338 1577 1534 1633 πάθους]

316 1651 336 1682 5
368 1641 504 1685 οὐδὲν
536 1645 729 1699 λαλῆσαι
760 1644 988 1699 δυναμένη
1020 1642 1132 1698 πρὸς
1160 1642 1348 1699 οὐδένα,

366 1711 716 1766 προσηγορεύθη
748 1710 823 1753 διὰ
853 1710 902 1754 τὸ
932 1708 990 1767 μή
1024 1719 1197 1767 φωνεῖν
1226 1714 1367 1762 λίθος.

290 1793 420 1832 Schol.
449 1793 548 1832 Ven.
586 1794 702 1832 Hom.
734 1794 784 1832 ΙΙ.
814 1795 887 1841 24,
913 1795 993 1833 617
1033 1792 1223 1845 Φιλήμων
1261 1791 1320 1861 δὲ,
1350 1790 1371 1832 ὁ
1411 1793 1581 1846 κωμικός
1610 1806 1735 1845 φησιν

181 1850 260 1886 κτλ.
293 1850 476 1888 Eustath.
498 1851 619 1900 1368,
632 1851 656 1888 5
688 1846 708 1887 ὁ
741 1848 912 1898 κωμικὸς
933 1849 1124 1900 Φιλήμων
1152 1848 1266 1902 λέγει,
1295 1846 1356 1889 ὅτι
1390 1851 1507 1890 λίθον
1533 1854 1614 1890 κτλ.
1695 1855 1732 1891 1.

175 1902 247 1955 μὲν
284 1918 364 1945 11011
404 1907 523 1945 habel,
560 1919 638 1956 quo
668 1907 960 1958 referatu1,et
991 1908 1101 1946 deest
1130 1908 1351 1948 infinitivus
1383 1909 1451 1959 qui
1480 1909 1654 1972 pendeat
1683 1909 1733 1948 ab

175 1959 379 2011 ἐπείσθην.
418 1963 534 2002 scrib.
557 1965 627 2001 aut
656 1959 728 2015 ἐγώ
763 1963 881 2002 λίθον
911 1959 1044 2002 εἶναι
1073 1967 1142 2002 aut
1170 1963 1288 2002 λίθον
1315 1962 1554 2016 γενέσθαι
1583 1958 1657 2015 τὴν
1675 1965 1732 2006 Ν.

176 2019 214 2056 2.
259 2017 526 2070 πεισθήσομαι
555 2018 691 2071 Eust.]
730 2019 933 2071 πείθομαι.
983 2017 1077 2058 νυνὶ
1115 2019 1306 2071 πείθομαι
1335 2021 1489 2060 Nauck.
1578 2023 1616 2061 3.
1651 2018 1732 2073 ἐγέ-
1789 2030 1802 2044 ·

175 2087 217 2112 νε
221 2071 257 2112 τ’
280 2072 519 2126 ὄιν-θρωπος
551 2072 630 2114 ὑπὸ
662 2073 706 2114 δὲ
737 2081 819 2115 τῶν
839 2099 892 2105 ——
914 2081 983 2114 τοῦ
1013 2090 1052 2114 τε
1082 2078 1167 2115 cod.
1187 2077 1339 2118 Townl.
1372 2077 1423 2116 cf.
1444 2078 1613 2117 Porson.
1635 2078 1732 2116 Eur.

176 2131 282 2169 Med.
319 2133 396 2170 139
406 2130 496 2199 Ix]
530 2130 683 2183 ἐγένετο
715 2130 781 2170 καὶ
812 2131 935 2183 κήδεα
965 2130 1123 2183 πέσσει,
1153 2129 1240 2171 ἀλλ’
1264 2129 1344 2171 ὑπὸ
1373 2133 1455 2172 τῶν
1476 2155 1526 2161 ——
1549 2132 1617 2172 καὶ
1646 2138 1730 2173 τοῦ.

176 2201 230 2233 ως
273 2184 415 2238 ἐγένετ’
448 2185 537 2227 οὐσ’
567 2183 687 2241 ἀνθρ.
739 2190 942 2229 Herwerd.
973 2189 1077 2228 Nov.
1109 2190 1199 2229 add
1232 2190 1318 2229 crit.
1352 2191 1419 2229 37.
1508 2204 1544 2229 ν.
1575 2191 1603 2229 4
1632 2191 1730 2230 mihi

175 2244 333 2283 videtur
362 2245 586 2285 subditivus
616 2259 998 2341 esse-102

406 2364 618 2419 πρόσεστι
649 2366 699 2408 δὲ
729 2368 791 2423 τῷ
819 2366 975 2422 πένητι
1005 2365 1207 2408 ἀπιστία·

408 2429 494 2475 κᾶν
525 2431 665 2488 σοφὸς
694 2431 873 2491 ὑπάρχῃ
905 2432 991 2476 κᾶν
1022 2434 1127 2490 λέγῃ
1158 2449 1200 2475 τι
1230 2435 1479 2489 συμφέρον,

407 2499 535 2542 δοκεῖ
560 2516 602 2542 τι
632 2500 818 2556 φράζειν
847 2509 939 2552 τοῖς
969 2500 1218 2544 ἀκούουσιν
1247 2504 1409 2551 κακῶς.

407 2569 500 2610 τῶν
528 2565 614 2623 γὰρ
645 2568 851 2624 πενήτων
881 2571 1031 2612 πίστιν
1061 2567 1146 2611 οὐκ
1177 2570 1265 2623 ἔχει
1296 2570 1440 2623 λόγος.

355 2643 375 2675 5
406 2633 522 2690 ἀνὴρ
553 2636 602 2678 δὲ
633 2638 858 2690 πλουτῶν,
891 2632 976 2678 κᾶν
1006 2635 1122 2691 ἄγαν
1152 2636 1438 2692 ψευδηγορῇ,

408 2703 536 2745 δοκεῖ
561 2718 603 2745 τι
634 2703 818 2759 φράζειν
847 2711 939 2753 τοῖς
969 2702 1218 2746 ἀκούουσιν
1247 2702 1459 2759 ἀσφαλές.

288 2785 472 2835 Compar.
505 2787 612 2827 Men.
641 2785 743 2825 Phil.
776 2787 872 2826 357.
941 2789 976 2825 1.
1020 2785 1212 2826 ‘fortasse
1256 2790 1309 2840 τῷ
1352 2784 1427 2838 γὰρ
1468 2784 1607 2838 πένητι
1653 2783 1728 2837 μὲν

175 2837 359 2893 πρόσεστ’
387 2838 560 2881 ἀπιστία.
565 2843 577 2861 ’
618 2843 736 2882 Mein.
793 2843 921 2882 multa
956 2844 1034 2882 alia
1074 2826 1292 2893 excogitari‘
1325 2845 1513 2893 possunt.
1559 2844 1627 2882 sed
1657 2843 1727 2882 illa
