1864 3204
443 231 863 268 ΠΤΘΔΓΟΡῙΖΟΤΣΑ
889 250 930 256 —-
956 230 1233 266 ΠΤΡΑΤΝΟΣ
1559 229 1641 271 371

327 333 524 384 ἅπαντές
554 333 640 376 εἰσι
670 332 976 388 λαμβάνοντες
1004 329 1270 387 βασιλικοὺς

326 401 518 459 φόρους·
551 401 697 457 μόνον
726 398 827 456 οὐχὶ
856 398 1151 444 δεκατεύουσι
1181 396 1268 455 γάρ

285 480 307 512 5
328 470 405 521 τὰς
434 467 593 520 οὐσίας
622 469 675 512 ἐν
702 476 800 519 ταῖς
828 468 1016 512 πόλεσιν
1047 467 1315 524 καθήμενοι,

333 536 442 588 ὅλας
470 534 514 580 δ’
538 534 842 592 ἀφαιροῦνται
872 534 980 580 καθ’
1002 535 1196 592 ἑκάστην
1224 533 1410 591 ἡμέραν.

193 621 424 662 Athenaeus
454 623 496 669 6,
521 621 603 660 225
624 620 644 659 f
675 616 736 659 ὅτι
773 615 819 658 δὲ
847 617 914 658 καὶ
942 613 1177 670 παμπόλλου
1205 616 1503 670 πιπράσκουσιν
1534 616 1646 667 (τοὺς

79 675 219 745 ἰχθῦς)
239 676 392 728 ’Ἀλεξις
422 675 467 717 ἐν
491 676 691 745 Πυλαίαις
722 673 905 731 (Πυλαία
927 673 1068 731 Mein.)
1084 674 1226 743 ’φησίν
1256 676 1340 743 κτλ.
1407 676 1448 715 4.
1482 673 1645 743 φόρους.

79 736 126 776 Β.
156 748 308 786 φορους
336 733 480 786 μόνους
511 731 598 785 ουχὶ
629 733 768 774 Cobet.
791 734 843 773 N.
871 734 896 773 l.
921 734 987 772 35.
1039 746 1190 783 φορους
1219 731 1438 784 μονολυκοί
1462 747 1487 785 γ
1520 744 1527 752 ·
1560 730 1647 784 ουχὶ

80 791 128 835 G.
164 792 387 833 Hermann.
427 792 529 832 conl.
568 791 676 830 Plut.
708 791 915 831 Demosth.
946 791 1000 830 23
1034 786 1296 842 Ἀλέξανδρον
1320 821 1328 829 .
1355 820 1364 829 .
1391 819 1401 830 .
1420 787 1648 840 μονόλυκον

112 863 125 902 ε
161 846 388 946 ’π’ἕρευσεν·
438 851 625 918 ¹³⁶²²m¹=¹¹¹
656 848 1020 944 ‘'¹¹⁸2‘Lt'mff‘tffl3
1048 844 1302 956 ΐιέἷῖἔιῖὀῗ]
1322 843 1646 943 οἷέἶαῗεᾜέἶῖ

79 916 155 1004 εἷς
174 917 1047 1014 ΡοζέἰεΡέἓίζυέέεῒζὲἰτζῖἒεοαιηαηονωνηῖ
1078 962 1198 1002 Anal.
1218 961 1314 1003 Ath.
1336 962 1403 1001 97.
1442 919 1491 1000 οἵ
1513 933 1648 1001 occari}

79 1033 160 1060 non
197 1021 338 1061 sedent
372 1021 415 1059 in
452 1020 593 1071 portis.
645 1019 762 1059 scrib.
803 1016 847 1058 ἐν
884 1020 969 1065 ταῖς
1008 1016 1256 1070 σπυρίσιν.
1314 1018 1362 1058 ef.
1392 1017 1517 1057 Arist.
1549 1018 1642 1057 Pac.

80 1078 202 1174 ἐξὲξ,
203 1075 436 1186 15Κὶῖἒιξςὶδων
457 1075 665 1129 σπυρίδας.
702 1077 746 1116 in
775 1076 918 1115 mediis
949 1075 1097 1126 sportis
1127 1077 1334 1126 tamquam
1364 1075 1407 1114 in
1427 1088 1553 1127 regno
1575 1087 1646 1115 suo

729 1210 1005 1244 ΠΤΡΑΤΝΟΣ
1022 1199 1026 1203 ’

194 1281 258 1322 Cf.
290 1294 390 1333 quae
427 1281 477 1320 ad
505 1280 805 1331 Aristophontis
837 1277 1044 1331 Διδύμους
1073 1275 1103 1331 ἢ
1131 1277 1357 1332 Πύραυνον
1385 1280 1642 1320 adnotantur.

80 1339 230 1390 scripta
259 1342 320 1379 est
348 1338 503 1378 circiter
534 1337 598 1377 Ol.
632 1338 734 1377 117:
774 1339 1108 1377 commemoratur
1137 1338 1244 1376 enim
1275 1337 1464 1378 Seleucus
1495 1351 1564 1377 rex
1597 1339 1644 1378 fr.

82 1397 177 1436 204.
228 1395 348 1438 Clint.
380 1396 489 1435 Fast.
520 1394 626 1434 Hell.
662 1395 741 1434 183
773 1394 844 1434 Kr.
875 1395 1045 1435 Meinek.
1075 1395 1096 1433 I
1127 1396 1194 1433 37.
1228 1395 1322 1435 394.

759 1482 854 1525 201.
883 1482 966 1525 202

199 1554 333 1596 ΣΤΡ.
370 1550 468 1607 ἐμοὶ
499 1557 767 1606 παρασιτεῖν
796 1557 1004 1607 κρεῖττον
1031 1544 1092 1605 ἦν
1122 1553 1183 1607 τῷ
1213 1549 1430 1607 Πηγάσῳ,

194 1618 224 1675 ἢ
253 1627 347 1670 τοῖς
375 1618 625 1676 Βορεάδαις
653 1614 682 1674 ἢ
711 1621 756 1661 εἴ
778 1633 821 1660 τι
849 1618 1023 1662 θᾶττον
1053 1619 1117 1661 ἔτι
1146 1618 1315 1674 τρέχει,

195 1683 225 1743 ἦ
254 1687 410 1745 Δημέᾳ
440 1686 644 1742 Λάχητος
669 1685 1014 1743 Ἐτεοβουτάδῃ·

196 1755 374 1799 πέτεται
403 1752 493 1810 γάρ
523 1752 606 1810 οὐχ
636 1750 736 1797 οἷον
765 1755 934 1810 βαδίζει
964 1753 1042 1805 τὰς
1072 1752 1219 1805 ὁδούς.

146 1878 167 1910 5
199 1869 417 1923 Στράτιε,
449 1871 595 1924 φιλεῖς
624 1867 772 1924 δήπου
801 1883 869 1923 με.
915 1870 1050 1912 ΣΤΡ.
1080 1870 1257 1923 μᾶλλον
1286 1870 1368 1910 τοῦ
1399 1867 1586 1923 πατρός·

198 1933 222 1979 ὁ
252 1937 336 1994 μὲν
364 1933 451 1992 γάρ
482 1932 538 1978 οὐ
568 1935 723 1992 τρέφει
750 1952 830 1993 με,
863 1934 920 1979 σύ
951 1936 1001 1979 δὲ
1031 1938 1246 1993 λαμπρῶς
1275 1934 1467 1992 τρέφεις.

198 2009 253 2048 Α.
285 2002 477 2060 εὔχει,τ’
501 2002 573 2047 ἀεί
599 2019 654 2059 με
684 2006 778 2061 ζῆν.
836 2006 970 2047 ΣΤΡ.
1003 2002 1143 2048 ἅπασι
1172 2011 1266 2055 τοῖς
1294 2007 1440 2054 θεοῖς·

197 2069 254 2116 ἂν
282 2071 369 2128 γὰρ
399 2071 550 2129 πάθῃς
579 2088 643 2127 τι,
675 2075 770 2123 πῶς
801 2070 888 2127 ἐγώ
918 2071 1160 2129 βιώσομαι;

198 2155 428 2195 Athenaeus
459 2156 498 2206 6,
521 2155 602 2194 244
619 2155 672 2195 de
694 2148 845 2204 ’Ἀλεξις
875 2152 920 2194 ἐν
940 2151 1147 2209 Πυραύνῳ
1176 2153 1380 2207 (παρϋνωι
1399 2150 1456 2207 Α)
1489 2155 1529 2192 Σ
1533 2150 1619 2204 τρά
1627 2177 1644 2183 -

83 2225 191 2251 τιον
230 2207 510 2262 παράσιτον
548 2206 736 2264 εἰσάγει
774 2211 1170 2263 δυσχεραίνοντα
1210 2215 1275 2265 τῷ
1312 2208 1548 2263 τρέφοντι
1579 2210 1646 2250 καὶ

82 2266 245 2321 λέγοντα
275 2266 369 2308 τάδε
400 2266 483 2318 ἐμοὶ
503 2291 557 2297 -
579 2265 648 2315 τὰς
678 2264 809 2315 ὁδούς.
839 2263 908 2307 καὶ
936 2263 1021 2320 μετ’
1043 2263 1155 2321 ὀλίγα
1186 2266 1352 2320 Στράτιε
1383 2270 1466 2308 κτλ.
1540 2270 1575 2307 2.
1608 2266 1649 2307 εἴ

84 2326 175 2366 add.
207 2325 252 2365 C.
340 2323 396 2364 ἔτι
426 2323 665 2377 Schweigh]
698 2322 753 2363 ἔτι
772 2323 924 2364 τούτων
944 2327 993 2367 A.
1023 2323 1177 2364 τούτων
1206 2323 1260 2363 ἔτι
1292 2324 1337 2365 C.
1369 2326 1494 2365 eiecto
1515 2326 1645 2375 priore

83 2380 112 2434 ἤ
141 2382 346 2422 Kaibelius
376 2381 514 2421 Herm.
537 2381 695 2421 XVIIII
726 2382 807 2421 259
839 2383 922 2428 τοῖς
945 2378 1161 2434 Βορεάδαις
1191 2378 1219 2432 ἢ
1238 2383 1391 2420 θᾶττον
1409 2378 1471 2420 ὅτι
1494 2380 1645 2420 τούτων

84 2436 221 2492 τρέχει.
297 2440 337 2478 3.
369 2438 494 2492 δημεᾳ
525 2440 688 2489 λαχητος
720 2435 983 2489 ἔτεοβουτάδη
1012 2439 1061 2478 A.
1136 2439 1177 2477 4.
1208 2451 1299 2477 πετε
1328 2450 1564 2490 γαρουχοιον
1594 2438 1643 2477 A.

85 2498 122 2535 7.
155 2493 251 2546 εὔχῃ
281 2496 330 2537 A.

199 2553 239 2591 2.
271 2552 319 2591 de
349 2552 541 2591 Boreadis
571 2551 623 2591 cf.
656 2551 820 2590 Preller.
852 2551 979 2602 Myth.
1010 2548 1090 2602 gr.²
1120 2551 1160 2590 II
1194 2552 1289 2590 149.
1312 2551 1409 2590 323.
1433 2552 1528 2590 331.
1609 2553 1646 2593 3.

86 2609 256 2659 Hesych.
282 2603 599 2660 Ἐτεοβουτάδαι·
631 2605 745 2659 γένος
770 2601 970 2659 Ἀθήνησι
997 2603 1106 2646 πάνυ
1135 2602 1329 2659 λαμπρόν.
1369 2608 1486 2647 Phot.
1513 2603 1644 2646 Ἐτεο-

85 2661 356 2718 βουτ[ι]άδαι·
388 2661 500 2715 γένος
521 2660 776 2713 Ἀθηναίοις·
808 2657 895 2703 οἷον
922 2663 965 2704 οἱ
988 2660 1154 2714 άληθῶς
1183 2660 1263 2702 ἀπὸ
1296 2661 1451 2701 Βούτου
1480 2662 1644 2715 γεγονό-

86 2736 160 2769 τες.
210 2719 254 2760 ἕκ
291 2718 336 2760 δὲ
375 2718 527 2759 τούτων
562 2719 782 2759 καθίστατο
819 2715 845 2771 ἡ
876 2719 995 2772 [ερεία
1026 2718 1164 2774 (ἱέρεια
1195 2717 1299 2772 cod.)
1331 2724 1398 2770 τῆς
1430 2716 1643 2767 Πολιάδος.

85 2779 135 2819 cf.
168 2778 212 2818 C.
244 2778 289 2820 F.
318 2778 537 2817 Hermann.
568 2776 665 2816 Ant.
696 2777 766 2816 rel.
799 2777 865 2828 61,
890 2779 955 2817 11.
981 2780 1044 2817 12.
1132 2778 1173 2816 4.
1205 2774 1277 2827 οὐχ
1307 2770 1407 2827 οἷον,
1438 2779 1484 2815 ut
1517 2779 1582 2827 18,
1604 2779 1644 2817 4.

87 2837 126 2874 5.
166 2832 279 2886 ‘plus
317 2847 437 2885 quam
474 2846 606 2872 meum
643 2833 819 2884 patrem’
863 2837 903 2874 te
939 2847 1042 2874 amo.
1095 2833 1233 2873 Cobet.
1265 2833 1317 2872 N.
1348 2833 1375 2875 1.
1410 2834 1504 2873 614.
1604 2836 1644 2874 7.

84 2888 211 2931 ἅπασι
238 2893 320 2938 τοῖς
350 2892 476 2941 θεοῖς,
507 2887 674 2941 εὔχομαί
697 2899 740 2929 σε
769 2890 853 2941 ζῆν.

1304 2956 1374 2990 24·
