1864 3204
201 263 286 305 426
852 268 1123 301 ΔιοΝΤΣιοΤ

406 364 486 408 τὸν
517 364 714 421 άριθμὸν
745 364 910 418 αὐτῶν,
942 365 1002 417 ὥς
1033 366 1147 422 λέγω
1179 379 1271 422 σοι,
1303 367 1508 423 σύγχεον.

407 431 539 488 ἰχθὺς
569 432 706 488 ἁδρὸς
735 434 943 488 πάρεστι·
975 433 1135 486 τάντός
1166 436 1260 478 ἐστι
1290 435 1360 478 σά.

338 510 379 541 10
409 497 496 544 κᾶν
527 502 712 557 τέμαχος
743 501 952 558 ἐκκλίνῃς
981 519 1045 557 τι,
1077 502 1151 545 καὶ
1182 502 1306 546 τοῦτ’
1331 502 1424 546 ἐστὶ
1455 505 1554 558 σόν,

406 569 488 619 ἕως
512 566 569 612 ἂν
599 571 734 613 ἔνδον
765 564 907 625 οῗμεν·
941 569 1049 612 ὅταν
1080 570 1161 622 ἔξω
1193 570 1252 625 δ’,
1286 571 1409 627 ἐμόν.

407 637 644 691 ἐξαιρέσεις
676 635 750 680 καὶ
779 635 918 680 τᾶλλα
948 636 1197 681 τάκόλουθ’
1219 637 1303 682 ὅσα

405 703 501 748 οὔτ’
526 704 724 761 ἀριθμὸν
755 703 854 748 οὔτ’
877 708 1059 761 ἔλεγχον
1091 705 1166 761 ἐφ’
1189 707 1362 749 ἑαυτῶν
1393 708 1501 762 ἔχει,

406 774 734 828 περικόμματος
764 774 813 816 δὲ
843 774 968 824 τάξιν
997 770 1026 829 ἢ
1055 775 1188 817 θέσιν
1220 775 1370 830 φέρει,

337 849 377 880 15
409 842 471 890 είς
501 838 664 896 αὔριον
695 842 744 883 σὲ
777 839 890 896 κάμὲ
920 840 1046 884 ταῦτ’
1071 840 1353 897 εὐφρανάτω.

409 909 719 965 λαφυροπώλῃ
751 908 1009 952 παντάπασι
1038 910 1307 965 μεταδίδου,

405 975 486 1030 τὴν
517 976 721 1031 πάροδον
751 975 813 1019 ἵν’
836 979 938 1034 ἔχῃς
967 981 1059 1020 τῶν
1088 981 1250 1035 θυρῶν
1281 977 1598 1034 εὐνουστέραν.

405 1047 449 1086 τί
477 1045 550 1086 δεῖ
576 1044 723 1099 λέγειν
753 1061 807 1099 με
837 1045 981 1088 πολλὰ
1014 1042 1126 1100 πρὸς
1155 1047 1416 1097 συνειδότα;

405 1111 508 1167 ἐμὸς
539 1109 579 1154 εἴ
606 1113 831 1169 μαθητής,
863 1115 943 1164 σὸς
973 1111 1014 1155 δ’
1039 1113 1124 1168 ἐγώ
1156 1114 1474 1164 διδάσκαλος..

334 1189 377 1220 20
406 1180 604 1236 μέμνησο
634 1181 781 1223 τῶνδε
810 1181 884 1222 καὶ
913 1181 1064 1236 βάδιζε
1095 1180 1222 1237 δεῦρ’
1246 1181 1349 1237 ἅμα.

313 1252 539 1292 Athenaeus
572 1255 614 1303 9,
638 1255 789 1293 381bc
819 1250 950 1291 πάντα
981 1251 1026 1291 τὰ
1058 1251 1287 1292 ἐντοσθίδια
1315 1250 1410 1304 μετὰ
1442 1259 1526 1305 τῆς
1565 1251 1756 1307 ἐξαιρέ-

202 1318 321 1355 σεως
353 1307 524 1359 (εἴρηται
552 1307 626 1361 γὰρ
655 1307 722 1348 καὶ
754 1306 779 1360 ἡ
811 1306 1020 1361 ἐξαίρεσις.
1039 1341 1048 1349 .
1068 1308 1103 1363 .)
1137 1306 1411 1358 διακλύσας
1443 1308 1631 1361 ἐπιμελῶς
1661 1310 1758 1364 οἴνῳ

202 1363 391 1411 πολλάκις
423 1363 635 1416 ἐκρέμασα.
656 1397 666 1406 .
685 1363 778 1416 ,τὴν
808 1363 846 1404 δ’
872 1364 1066 1416 ἐξαίρεσιν
1098 1363 1309 1413 Διονύσιος
1341 1364 1361 1404 ὁ
1391 1364 1682 1421 κωμῳδιοποιὸς
1715 1367 1759 1406 ἐν

201 1424 283 1468 τοῖς
309 1419 555 1472 Ὁμωνύμοις
587 1423 642 1476 τῷ
672 1421 841 1474 δράματι
871 1420 996 1470 οὕτως
1028 1421 1158 1474 εἴρηκε
1194 1421 1409 1474 ποιήσας
1449 1422 1555 1463 τινὰ
1584 1421 1756 1475 μάγει-

201 1492 290 1529 ρον
325 1475 449 1529 πρὸς
480 1473 598 1526 τούς
629 1477 864 1530 μαθητὰς
896 1478 1258 1531 διαλεγόμενον
1287 1482 1366 1519 κτλ.
1458 1483 1494 1520 1.
1527 1480 1678 1533 δρίμων
1706 1481 1756 1520 Α.

203 1538 241 1574 6.
275 1545 493 1586 τηρουσησε
523 1535 572 1574 Α.
670 1539 704 1575 7.
738 1529 881 1587 τακεροὶ
912 1535 1097 1589 Oasaub]
1130 1535 1174 1575 τὰ
1206 1534 1300 1588 κρέα
1330 1537 1379 1576 Α.
1481 1539 1543 1577 10.
1576 1535 1757 1589 ἐκκλίνῃς

202 1591 251 1630 Α.
313 1589 508 1645 ἐκκλέψῃς
549 1593 754 1634 Herwerd.
787 1592 882 1632 obs.
916 1594 1002 1632 crit.
1035 1594 1084 1632 81
1126 1595 1289 1644 ‘parum
1319 1594 1603 1643 probabiliter'
1635 1595 1754 1634 Mein.

201 1649 319 1690 Anal.
357 1649 453 1687 Ath.
513 1662 563 1687 an
604 1645 884 1700 ἐκκλύσῃςῗ
943 1652 989 1688 ut
1025 1650 1121 1688 Ath.
1158 1648 1387 1697 διακλύσας.
1497 1652 1562 1688 11.
1603 1648 1674 1698 ἔξω
1714 1647 1754 1688 δ’

203 1702 445 1758 Schweigh]
479 1701 516 1742 δ’
539 1703 609 1752 ἔξω
639 1706 688 1745 Α.
769 1707 833 1744 13.
867 1702 953 1744 οὔτ’
976 1699 1153 1757 άριθμὸν
1182 1705 1341 1758 Dindf.]
1374 1703 1470 1745 οὐδὲ
1500 1703 1679 1758 ἀριθμὸν
1706 1707 1755 1746 Α.

203 1764 267 1800 15.
299 1758 536 1811 εὐφρανάτω
559 1761 739 1814 Grotius]
771 1760 952 1814 εὔφρανα
982 1767 1053 1801 τῶι
1082 1763 1130 1802 A.
1209 1764 1272 1801 18.
1304 1763 1350 1801 τὰ
1382 1762 1501 1802 πολλὰ
1523 1763 1572 1801 A.
1604 1764 1756 1803 Nauck.

199 1818 342 1857 Philol.
371 1819 429 1856 VI
458 1820 542 1858 420
588 1820 689 1858 conl.
729 1819 847 1857 Babr.
882 1821 954 1867 95,
980 1820 1045 1857 24.
1105 1820 1315 1869 Wyttenb.
1356 1820 1497 1860 Iulian.
1535 1821 1578 1858 in
1618 1819 1754 1860 Const.

230 1905 237 1913 .
264 1876 337 1912 141
365 1889 382 1914 s
416 1904 423 1912 .

199 1889 225 1924 p
315 1889 469 1970 falliltur
482 1932 710 1971 Athenaeus
725 1945 892 1983 coquum
910 1945 998 1971 oum
1017 1933 1222 1983 discipulis
1237 1933 1421 1983 conloqui
1434 1945 1612 1972 narrans,
1634 1934 1756 1973 immo

202 1988 350 2027 ianitor
382 1987 450 2039 (cf.
474 2002 510 2027 v.
533 1986 604 2042 17)
637 1991 763 2039 coq‘uo
794 1989 952 2028 furandi
982 1991 1108 2028 artem
1140 1990 1313 2039 exponit.
1402 1991 1442 2029 5.
1475 1986 1682 2042 κατάτρεχε
1711 1992 1757 2028 ut

202 2046 249 2082 de
286 2045 510 2084 incursione
547 2046 696 2084 hostili.
788 2048 824 2084 6.
863 2042 1023 2098 ἀριθμῷ
1053 2046 1101 2084 ‘i.
1124 2059 1157 2085 e.
1187 2046 1435 2084 numeratas'
1469 2059 1604 2085 carnes
1634 2046 1755 2085 Mein.

204 2101 243 2140 8.
274 2097 327 2147 ὥς
358 2098 457 2152 λέγω
488 2111 564 2151 σοι,
595 2105 640 2140 ut
671 2104 713 2140 et
743 2115 858 2151 saepe
887 2103 1053 2141 antehac
1082 2103 1156 2140 tibi
1187 2103 1267 2140 dixi
1297 2105 1337 2140 et
1365 2115 1470 2140 nunc
1499 2102 1599 2142 dico.
1648 2102 1756 2142 iube-

202 2159 269 2195 tur
299 2170 445 2207 coquus
477 2159 534 2196 eri
563 2170 745 2197 numeros
775 2158 1016 2197 confundere
1046 2155 1105 2196 ita
1134 2161 1179 2197 ut
1209 2171 1344 2197 carnes
1374 2159 1587 2208 particulas
1608 2159 1756 2198 diutius

202 2214 408 2263 coquendo
440 2214 645 2253 dissolvat.
746 2216 809 2252 11.
850 2212 944 2264 ἔξω,
976 2219 1054 2252 τῶν
1083 2216 1228 2265 θυρῶν
1257 2212 1450 2264 δηλονότι.
1550 2217 1615 2254 14.
1645 2228 1754 2266 περι-

201 2265 380 2320 κόμματα
412 2270 496 2309 ‘hic
526 2271 712 2309 dicuntur
741 2271 955 2320 particulae
986 2285 1006 2310 e
1037 2271 1204 2321 singulis
1235 2271 1333 2310 cibis
1362 2271 1568 2321 decerptae
1587 2273 1629 2310 et
1648 2271 1754 2311 furto

203 2327 387 2365 ablatae?
421 2326 585 2366 casaub.
625 2327 673 2366 cf.
698 2326 823 2366 Arist.
846 2328 919 2377 Eq.
943 2329 1036 2366 372.
1127 2329 1190 2366 16.
1221 2324 1401 2376 Emperii
1432 2331 1470 2366 et
1499 2328 1755 2367 Herwerdeni
1830 2343 1832 2346 ’

202 2384 446 2422 coniecturae
485 2381 622 2435 (Mein.
645 2383 682 2420 V
711 2385 776 2422 93.
815 2384 932 2423 Anal.
965 2385 1049 2423 crit.
1082 2380 1156 2438 44)
1196 2397 1335 2433 parum
1367 2385 1513 2423 habent
1542 2384 1756 2434 probabili·

203 2440 312 2480 tatis.
352 2452 424 2478 sor.
457 2436 570 2477 ταῦτ’
594 2437 831 2491 εὐφρανάτω
860 2436 1018 2491 λάφυρα
1049 2437 1241 2492 (praedae
1269 2441 1358 2486 loco,
1389 2442 1448 2480 als
1467 2436 1752 2494 Krieysbcute)·

200 2498 358 2546 κωλῆς
386 2495 617 2534 παντάπασι
647 2495 878 2547 μεταδίδου,
911 2510 963 2536 sc.
996 2495 1091 2546 ἐμοί.
1292 2515 1294 2518 ·

965 2573 995 2613 4

404 2639 739 2695 Κηφισόδωρόν
769 2651 911 2695 φασιν
942 2638 1300 2692 ἐπικαλούμενον

402 2706 578 2750 πλάνον
607 2705 695 2749 τιν’
725 2706 773 2749 ἐν
799 2705 1009 2762 Ἀθήναις
1037 2707 1272 2762 γενέσθαι,
1304 2706 1387 2761 τήν
1417 2704 1585 2762 σχολὴν

404 2775 464 2824 εἰς
493 2777 626 2817 τοῦτο
656 2772 705 2817 τὸ
736 2774 870 2830 μέρος
897 2777 980 2818 τοῦ
1008 2777 1110 2830 βίου
1141 2774 1501 2830 καταχρώμενον.

402 2844 566 2884 τοῦτον
598 2841 842 2896 ἐντυχόντα
871 2841 983 2896 πρὸς
1011 2839 1062 2885 τὸ
1094 2841 1226 2898 σιμὸν
1257 2841 1532 2898 ἀνατρέχειν,

350 2919 370 2949 5
400 2908 429 2964 ἢ
460 2914 757 2964 συγκαθεῖναι
787 2912 842 2965 τῇ
868 2907 933 2952 ’πὶ
961 2913 1017 2966 τῇ
1045 2912 1278 2966 βακτηρίᾳ.
