1890 3190
297 232 352 274 66
905 233 1223 267 ΑΝΤΙΦΑΝΟΥΣ

300 339 349 376 51
383 327 527 387 χλωρὸς
558 333 674 387 τυρὸς
695 331 716 372 ὁ
742 331 944 386 νεοπαγής.
1005 350 1043 374 v.
1065 337 1089 374 8
1120 337 1223 375 idem
1242 339 1398 384 872,11
1431 335 1528 390 παρ’
1547 332 1582 393 ᾦ
1602 334 1858 394 (Ἀθηναίῳ)-

298 392 365 431 καὶ
395 389 415 430 ὁ
450 388 594 437 κοπτὸς
624 389 741 443 τυρὸς
771 389 836 429 καὶ
867 388 888 429 ὁ
918 389 1059 442 τμητὸς
1089 388 1110 430 ὃ
1140 388 1262 440 αὐτὸς
1292 390 1347 432 ά“ν
1377 393 1439 445 εἴη
1467 399 1519 448 τῷ
1548 400 1716 449 κνηστῷ.

411 450 449 487 3.
480 444 671 498 ἠλιβάτοις
701 446 908 499 Eustath]
941 445 1131 500 ὑλιβάτας
1153 451 1187 488 Α
1209 450 1305 488 Ath.
1396 452 1434 489 6.
1456 451 1636 490 lacunam
1657 452 1849 492 indicavit

297 506 499 544 Dindf.—-
521 500 727 555 (ἠλίβατον
759 505 904 543 dicitur
935 506 1131 555 quidquid
1159 507 1430 557 magnitudine
1461 508 1628 546 excellit.
1674 509 1732 547 ita
1760 504 1859 559 ἠλί-

295 563 418 613 βατον
446 558 573 600 κακὸν
602 561 770 599 Damox.
802 562 934 611 2,22.’
966 562 1086 600 Mein.
1136 558 1349 614 ἠλιβάτοις
1381 564 1548 603 fortasse
1578 578 1600 602 a
1629 564 1847 610 Philoxeno

295 620 474 658 adscivit.
534 611 626 669 αἶγα
655 614 849 665 οὐρανίαν
877 630 948 667 per
978 619 1104 657 iocum
1135 619 1349 658 inmiscuit.
1400 621 1449 659 cf.
1483 620 1633 659 Cratin.
1666 619 1760 659 244.
1791 641 1848 650 -

296 676 346 714 fr.
380 677 472 714 132.
496 676 542 725 3,
581 675 724 723 quibus
753 686 834 712 non
864 676 969 713 recte
1000 675 1119 713 adicit
1150 677 1252 723 302,
1290 677 1332 714 in
1360 689 1483 715 unum
1513 677 1700 728 coniungi
1729 689 1846 727 posse

295 734 429 771 censet
458 731 628 769 Meinek.
658 731 678 768 I
709 730 802 769 325.
861 731 1019 769 videtur
1048 731 1318 781 Polyphemus
1348 735 1526 782 speratas
1557 731 1743 772 Galateam
1771 746 1843 772 nu-

292 789 397 838 ptias
428 788 631 827 adornare.
687 800 731 826 ac
760 787 889 836 pisces
921 787 1080 837 quidem
1109 802 1131 826 a
1161 801 1305 838 sponsa
1334 790 1514 839 praeberi
1536 790 1646 839 cupit
1666 783 1784 843 (ἕστο)
1802 786 1844 828 δ’

291 842 390 895 ἡμῖν
418 845 467 883 fr.
501 840 600 897 132)
630 845 772 893 utpote
803 844 874 882 dea
903 844 1076 895 marina3
1113 858 1280 895 gregum
1320 846 1426 885 fetus
1460 848 1538 885 133
1579 846 1627 884 de
1657 858 1727 886 suo
1756 858 1847 896 pro·

291 902 429 940 mittit.

946 989 1183 1023 ΚΩΡΤΚΟΣ

404 1072 582 1110 Dubium
612 1072 672 1108 est
701 1071 836 1108 utrum
866 1065 887 1107 ὁ
916 1074 994 1108 τῶν
1023 1065 1214 1120 ἀθλητῶν
1242 1068 1420 1122 κώρυκος
1441 1083 1491 1109 an
1511 1071 1682 1111 hominis
1700 1066 1864 1112 nomen'

291 1129 500 1178 proprium
531 1126 789 1177 significetur.
839 1127 960 1165 Mein.
990 1126 1011 1164 I
1041 1127 1135 1165 338.
1181 1128 1244 1166 cf.
1276 1128 1444 1166 Timocl.
1478 1129 1543 1166 29.
1593 1127 1637 1168 C.
1665 1128 1710 1167 F.
1742 1128 1843 1168 Her-

290 1198 423 1224 mann.
455 1185 552 1223 Ant.
584 1196 642 1233 gr.
674 1196 735 1232 pr.
766 1184 832 1232 37,
858 1185 922 1221 17.
974 1183 1197 1222 Hemsterh.
1219 1184 1371 1222 Polluc.
1396 1185 1573 1234 10‚172.
1604 1197 1844 1235 quamquam

289 1243 490 1280 hominem
535 1240 695 1291 quidem
733 1236 928 1290 Κώρυκον
969 1240 1215 1289 adpellatum
1244 1253 1326 1279 non
1354 1241 1462 1280 novi.
1508 1241 1678 1279 fortasse
1707 1241 1867 1280 fabula-

291 1299 584 1349 Κωρυκαῖος
614 1297 807 1346 inscripta
835 1298 932 1335 erat.
983 1295 1114 1334 Strab.
1139 1298 1202 1347 14,
1223 1298 1304 1335 644
1333 1293 1461 1334 πάντα
1491 1294 1560 1335 τὸν
1589 1296 1853 1349 πολυπρά-,

288 1367 443 1406 γμονα
473 1351 553 1392 καὶ
585 1350 882 1391 κατακούειν
911 1349 1262 1404 ἐπιχειροῦντα
1291 1357 1372 1391 τῶν
1401 1347 1531 1405 λάθρα
1561 1351 1628 1392 καὶ
1659 1350 1702 1392 ἐν
1720 1348 1861 1406 ἄπορ-

288 1410 391 1463 ρήτῳ
429 1407 717 1461 διαλεγομένων
746 1410 984 1460 Κωρυκαῐον
1021 1411 1240 1461 καλοῦμεν,
1280 1407 1346 1447 καὶ
1385 1407 1427 1447 ἐν
1464 1410 1655 1463 παροιμίᾳ
1685 1408 1840 1461 φαμέν·

288 1472 359 1505 τοῦ
397 1463 435 1505 δ’
464 1461 532 1515 ἆρ’
563 1463 583 1504 ὁ
614 1467 851 1517 Κωρνκαῖος
886 1462 1106 1518 ἠκροάζετο.
1167 1467 1216 1504 cf.
1248 1466 1432 1505 Menand.
1467 1468 1545 1506 149
1576 1467 1697 1505 Mein.
1745 1467 1843 1506 Dio-

289 1525 395 1574 xipp.
429 1525 453 1561 2
485 1519 529 1576 (3
561 1519 714 1576 Mein.).
776 1523 921 1561 Zenob.
953 1524 996 1571 4,
1023 1524 1088 1561 75.
1138 1523 1320 1573 Append.
1350 1535 1461 1572 prov.
1494 1523 1677 1563 Leutsch.
1708 1523 1747 1574 4,
1769 1525 1837 1563 96.

289 1581 425 1630 Steph.
457 1580 553 1630 Byz.
586 1578 783 1631 Κώρυκος.
1048 1632 1074 1674 3
1828 1598 1838 1605 τ

1029 1713 1122 1752 τῶν
1151 1712 1407 1753 θαλαττίων
1437 1710 1478 1752 δ’
1501 1709 1571 1753 ἀεὶ

520 1780 650 1830 ὄψων
679 1780 729 1821 ἓν
759 1780 931 1834 ἔχομεν,
963 1777 1037 1820 δια
1067 1778 1223 1828 τέλους
1252 1778 1301 1820 δὲ
1331 1775 1481 1831 τοῦθ’,
1513 1778 1634 1829 ἅλας.

868 1881 877 1889 .
946 1845 1017 1889 ἐπὶ
1049 1846 1099 1888 δὲ
1128 1846 1304 1896 τούτοις
1332 1849 1524 1900 πίνομεν

521 1915 725 1968 οἰνάριον
755 1911 894 1969 εἶδος,
925 1911 980 1968 νὴ
1012 1913 1106 1968 Δί’,
1138 1915 1280 1964 οἰκίας
1309 1914 1478 1967 τρόπον

469 1993 490 2023 5
522 1982 731 2031 πόσειδος
759 1975 860 2024 οἷον
889 1988 981 2031 τοῖς
1011 1983 1208 2036 παροῦσι
1238 1983 1459 2037 συμφέρει

517 2049 804 2101 ἁπαξάπασιν
835 2048 1050 2105 ὀξυβάφῳ
1079 2052 1288 2106 ποτηρίῳ.

397 2146 626 2184 Athenaeus
658 2145 702 2194 9,
726 2145 807 2183 366
825 2144 879 2182 be
914 2139 1153 2193 ἀνηδύντων
1181 2139 1226 2181 δὲ
1255 2139 1367 2181 ἁλῶν
1395 2141 1555 2195 πλήρεις
1587 2143 1628 2182 οἱ
1653 2143 1835 2195 Κυνικοί,Ι

283 2198 378 2254 παρ’
402 2196 460 2248 οἷς
490 2198 589 2239 κατὰ
620 2197 688 2238 τὸν
714 2196 973 2250 Ἀντιφάνην,
1003 2197 1105 2250 λέγει
1134 2198 1158 2237 δ
1166 2195 1176 2211 '
1200 2197 1244 2238 ἐν
1264 2197 1444 2253 Κωρύκῳ
1475 2213 1531 2246 τις
1560 2197 1679 2247 ἄλλος
1707 2198 1839 2246 κύων
1885 2206 1886 2234 ἶ

283 2261 364 2297 κτλ.
439 2262 472 2297 1.
503 2256 580 2297 αἰεὶ
610 2258 657 2295 A.
721 2258 757 2296 2.
789 2252 941 2310 ἔχομεν]
973 2251 1030 2306 ἔχ’
1053 2252 1074 2293 ὁ
1105 2253 1179 2306 μὲν
1209 2259 1257 2297 Α.
1331 2247 1450 2294 τοῦθ’
1471 2252 1570 2303 ἅλας
1592 2257 1774 2328 Βοὴννθίξ
1803 2287 1812 2297 .
1842 2303 1843 2306 ¹
1883 2298 1885 2309 Ι

283 2320 397 2353 τοῦτο
432 2311 508 2352 ἅλα
547 2315 597 2353 Α.
686 2329 694 2339 ·
714 2315 750 2354 3.
780 2314 960 2352 lacunam
990 2312 1182 2352 indicavit
1211 2312 1394 2351 Dindorf.
1511 2314 1550 2351 4.
1583 2307 1705 2365 εἶδος]
1735 2314 1791 2365 ηδ
1799 2332 1824 2355 ιἼ
1883 2312 1885 2352 Ξ

284 2371 503 2421 Schweigh.
592 2372 629 2409 6.
661 2366 939 2422 ἁπαξάπασιν]
969 2365 1277 2416 ἆπαξαναπασιν
1295 2369 1343 2408 A.
1415 2368 1551 2408 Cobet.
1568 2370 1618 2411 N.
1640 2370 1667 2408 l.
1691 2371 1757 2410 15.
1781 2373 1824 2409 1·

281 2443 319 2468 v.
337 2430 374 2468 4.
386 2430 420 2522 ἶξ)
451 2428 508 2466 ita
537 2427 675 2466 scribit
704 2423 894 2478 οἰνάριον,
925 2419 1028 2472 εἶδος
1051 2422 1100 2475 νὴ
1124 2425 1203 2463 Δία
1224 2424 1337 2471 σκιάς
1358 2423 1513 2477 τρόπον.
1545 2426 1587 2464 Β.
1608 2430 1693 2473 πῶς
1713 2420 1834 2474 εἶδος,Υ
1880 2434 1883 2502 3

282 2486 331 2523 A.
363 2498 383 2522 ο
401 2497 448 2522 ον
476 2485 555 2522 κτλ.
1022 2507 1026 2510 ·
1267 2517 1271 2520 .
1824 2486 1835 2494 “
1880 2503 1883 2512 ¹

394 2540 576 2580 Eustath.
613 2540 732 2588 1417,
758 2541 808 2578 19
840 2531 939 2588 ἦδος
971 2535 1014 2576 δὲ
1044 2537 1087 2576 τὸ
1116 2535 1190 2595 μὲν
1218 2534 1360 2588 ὄφελος
1390 2540 1581 2586 ψιλοῢσιν
1610 2538 1652 2577 οἵ
1675 2538 1838 2579 πλείου
1878 2513 1883 2606 3

290 2595 446 2637 ...ἐπὶ
485 2592 537 2634 δὲ
577 2593 724 2643 ὄξους
764 2593 1077 2634 δασύνουσιν
1113 2591 1261 2648 (ἦδος).
1313 2592 1454 2641 Αἴλιος
1491 2599 1591 2646 γοῦν
1621 2593 1831 2635 Διονύσιό
1879 2611 1881 2633 2

281 2661 424 2703 φησιν·
465 2646 563 2702 ἦδος
606 2649 648 2690 τὸ
692 2649 783 2699 ὅξος
828 2650 1073 2690 δασύνουσιν
1114 2648 1288 2704 Ἀττικοί.
1349 2650 1495 2690 Athen.
1528 2652 1565 2701 2,
1589 2652 1674 2691 670
1718 2649 1826 2706 ὅξος
1876 2653 1880 2703 3

282 2710 396 2748 τοῦτο
424 2706 548 2759 μόνον
574 2704 738 2747 Ἀττικοὶ
768 2711 848 2746 ταῖν
876 2704 1117 2759 ἡδυσμάτων
1145 2704 1241 2757 ἦδος
1263 2703 1357 2760 (scr.
1371 2700 1487 2761 ἦδος)
1507 2709 1684 2746 καλοῦσι.
1729 2708 1785 2749 Po
1814 2712 1825 2741 3—
1876 2706 1879 2762 ξ

282 2769 319 2816 6,
333 2767 384 2805 65
416 2763 459 2804 τὸ
489 2761 535 2803 δὲ
565 2763 651 2813 ὅξος
680 2763 746 2803 καὶ
774 2757 872 2814 ἦδος
903 2761 1081 2803 ἐκάλουν.
1125 2763 1298 2814 Hesych.
1329 2756 1445 2813 ἦδος·
1475 2759 1613 2814 ἡδονή.
1646 2762 1712 2802 καὶ
1732 2759 1826 2813 ὅπιχ,
1875 2763 1878 2814 3

280 2824 366 2868 λος.
386 2853 394 2861 .
414 2819 498 2861 ,καὶ
519 2819 619 2869 ὄξος.
658 2822 791 2871 itaque
811 2815 928 2873 ἦδος,
958 2821 1120 2871 proprie
1141 2820 1458 2859 Chalcidensium
1479 2816 1633 2873 (Schol.
1649 2821 1753 2860 Plat.
1770 2822 1795 2860 9
1818 2821 1824 2848 5

281 2880 402 2918 etiam
423 2879 567 2917 Atticis
597 2891 677 2917 non
707 2879 942 2917 inusitatum
972 2878 1061 2927 fuit,
1092 2889 1331 2927 quamquam
1360 2877 1480 2927 vulgo
1511 2873 1600 2924 ὅξος
1630 2877 1819 2917 diceban
