1864 3204
251 190 329 233 158
835 192 1218 230 ΑΝΑΞΑΝΔΡῙΔΟΤ

507 401 587 446 τὸν
617 403 847 460 μόναυλον
877 413 958 448 ποῖ
982 406 1219 461 τέτροφας;
1251 401 1383 458 οὗτος
1413 407 1545 463 Σύρε.

508 475 560 514 Β.
592 479 724 514 ποῖον
753 471 1005 537 μόναυλον;
1066 479 1120 519 A.
1151 472 1231 517 τὸν
1261 475 1476 532 κάλαμον.

361 565 589 605 Athenaeus
611 567 783 616 4,176a
809 562 1166 638 Ἀναξανδρίδης..
1186 566 1248 607 ,ἐν
1279 567 1521 637 Φιαληφόρῳ
1550 572 1630 611 κτλ.
1661 571 1803 612 Eusta-

247 623 355 660 thius
390 624 508 672 1157,
532 624 585 662 36
622 597 794 661 παλαιὸν
822 620 843 661 ὁ
874 619 993 670 αὐλὸς
1024 623 1089 663 καὶ
1118 622 1301 664 πολιειδὲ
1284 641 1322 670 ες
1351 625 1417 664 καὶ
1447 623 1502 673 ὥς
1533 624 1698 666 ἐπιπολὺ
1728 642 1802 669 κα·-

249 675 426 728 λάμινος·
466 676 572 729 παρὰ
610 684 711 730 γοῦν
744 674 1068 731 Ἀλεξανδρεῦσιν
1105 677 1415 736 (Αναξανδρίδῃ
1445 684 1564 725 Mein.
1595 684 1657 722 ed.
1684 681 1801 739 mai.)

247 735 309 792 ἠν
336 733 532 785 μόναυλος
576 734 762 784 κάλαμος.
878 739 914 778 1.
953 735 1023 775 τὸν
1059 735 1153 787 ἐμὸν
1191 739 1310 777 Mein.
1367 737 1435 777 καὶ
1474 737 1542 778 τὸν
1579 740 1801 792 Schweigh.

250 780 357 839 Σῦρε
389 789 480 845 (sie)
513 794 562 831 A.
642 794 678 831 2.
712 791 1008 843 καλάμινονῬ
1040 794 1176 833 Dindf.
1214 817 1258 823 —-
1291 796 1340 834 cf.
1375 797 1439 834 18.

780 972 993 1007 ΑΔΗΛΩΝ,
1014 973 1280 1007 ΔΡΑΜΑΤῼΝ

1000 1050 1056 1092 52

482 1126 603 1177 ὅστις
632 1135 792 1183 γαμεῖν
820 1125 1070 1183 βουλεύετ’,
1103 1127 1158 1171 οὗ
1186 1129 1452 1184 βουλεύεται

487 1193 657 1251 ὀρθῶς,
690 1197 803 1239 διότι
833 1196 1098 1252 βουλεύεται
1129 1196 1275 1252 χοῦτω
1305 1206 1447 1253 γαμεῖ.

484 1265 666 1305 πολλῶν
696 1268 850 1307 κακῶν
881 1265 967 1320 γάρ
1001 1266 1124 1308 ἐστιν
1154 1264 1266 1320 ἀρχὴ
1296 1269 1357 1321 τῷ
1387 1268 1485 1323 βίῳ.

480 1328 509 1386 ἢ
539 1327 625 1386 γάρ
657 1332 793 1387 πένης
823 1331 890 1375 ὢν
920 1333 1003 1388 τὴν
1032 1321 1228 1387 γυναῖιια
1257 1334 1460 1388 χρήματα

429 1408 449 1438 5
481 1397 634 1453 λαβών
665 1401 754 1454 ἔχει
783 1400 1042 1456 δέσποιναν,
1074 1400 1130 1443 οὐ
1158 1400 1339 1456 γυναῖκ’
1362 1402 1449 1456 ἔτι,

481 1460 533 1521 ἧς
564 1466 658 1509 ἐστι
689 1467 852 1518 δοῦλος
882 1469 956 1510 καὶ
986 1469 1135 1524 πένης.
1193 1466 1252 1523 ἢν.
1283 1467 1326 1511 δ’
1349 1461 1408 1512 αὖ
1439 1471 1555 1526 λάβῃ

484 1534 624 1589 μηδὲν
655 1534 925 1590 φερομένην,
957 1536 1119 1587 δοῦλος
1149 1535 1282 1587 αὐτὸς
1310 1539 1506 1591 γίνεται·

483 1602 555 1644 δεῖ
579 1600 666 1656 γὰρ
697 1603 747 1645 τὸ
779 1602 939 1645 λοιπὸν
969 1602 1076 1646 ἄνθ’
1103 1603 1202 1654 ἑνὸς
1230 1607 1413 1660 τρέφειν
1443 1606 1542 1648 δύο.

483 1668 588 1712 ἀλλ’
613 1672 774 1724 ἔλαβεν
804 1672 1014 1726 αἰσχράν·
1049 1670 1104 1714 ού
1132 1671 1299 1727 βιωτόν
1330 1671 1424 1715 ἐστ’
1448 1675 1533 1727 ἔτι,

424 1748 464 1777 10
486 1736 588 1780 οὐδ’
611 1739 788 1788 εἴσοδος
817 1737 868 1781 τὸ
898 1739 1112 1795 παράπαν
1143 1741 1205 1790 εἰς
1233 1738 1316 1795 τὴν
1346 1742 1506 1783 οἰκίαν.

482 1804 582 1848 ἀλλ’
607 1808 771 1861 ἔλαβεν
800 1804 972 1860 ὡραίαν
1002 1823 1085 1857 τις·
1119 1806 1255 1850 οὐδὲν
1283 1811 1452 1862 γίνεται

482 1873 656 1928 μᾶλλόν
685 1885 732 1916 τι·
755 1877 837 1917 τοῦ
867 1874 1090 1930 γήμαντος
1117 1875 1147 1930 ἦ
1176 1879 1266 1918 τῶν
1295 1877 1533 1930 γειτόνων*

486 1940 589 1986 ὥστ’
613 1940 821 1998 οὐδαμῶς
851 1946 995 1985 κακοῦ
1026 1940 1070 1998 γ’
1095 1942 1310 2000 ἁμαρτεῖν
1338 1947 1524 1999 γίνεται.
1850 2000 1852 2003 v

367 2038 560 2078 Stobaeus
589 2037 875 2085 Flo1i1.68‚1
906 2032 1214 2088 Ἀναξανδρίδου
1247 2040 1295 2077 Α.
1386 2040 1422 2077 1.
1452 2035 1676 2092 βουλεύει’]
1708 2036 1802 2092 βού-

253 2097 361 2134 λεται
392 2094 510 2134 Gesn.
540 2107 665 2144 marg.
760 2092 1005 2146 βουλεύεται]
1037 2091 1219 2144 βούλεται
1248 2095 1363 2134 Voss.
1395 2097 1536 2135 Arsen.
1644 2098 1683 2135 4.
1704 2112 1739 2164 η
1768 2096 1806 2136 A

255 2149 388 2208 Voss]
418 2147 483 2201 ἢν.
560 2152 597 2189 6.
631 2147 697 2188 καὶ
726 2147 848 2199 πένης
879 2154 1109 2201 corruptum
1131 2151 1287 2189 videtur
1307 2151 1516 2193 Meinekio.
1596 2155 1632 2192 7.
1664 2147 1821 2206 αὐτὸς]

250 2202 375 2254 αὖθις
407 2207 526 2246 Gesn.
557 2220 683 2257 marg.
715 2202 837 2253 αὑτὸς
866 2208 984 2246 vind.
1075 2208 1140 2246 13.
1172 2203 1375 2263 οὐδαμῶς]
1407 2204 1605 2278 οὐδαμοῦ
1618 2209 1662 2247 Β.
1851 2230 1853 2236 1

363 2263 566 2303 Herwerd.
599 2262 692 2302 Obs.
725 2264 810 2302 crit.
843 2265 895 2301 56
928 2277 963 2303 v.
993 2265 1016 2301 5
1039 2277 1098 2313 sq.
1139 2258 1373 2302 δέσποιναν·
1405 2261 1457 2315 ἢν
1485 2261 1530 2302 δ’
1550 2280 1603 2304 αυ
1634 2262 1734 2316 μηδὲ
1757 2265 1807 2304 ὲν

252 2319 355 2388 λαβῃ
385 2317 622 2370 φερομένην,
652 2318 792 2365 δοῦλος
823 2313 946 2366 αὖθις
977 2319 1161 2370 γίγνεται
1216 2323 1257 2359 at
1284 2322 1501 2360 rectissime
1533 2322 1736 2362 adduntur
1764 2324 1806 2362 et

252 2373 300 2416 οὗ
329 2372 491 2428 γυναῖκ’
515 2373 570 2414 ἔτι
588 2373 779 2444 (domina
809 2379 880 2423 est,
911 2389 993 2415 non
1021 2378 1104 2416 iam
1133 2389 1231 2415 uxor
1259 2377 1360 2427 eius)
1390 2379 1431 2416 et
1459 2393 1508 2428 ης
1540 2374 1620 2415 ἐστι
1650 2377 1818 2426 δοῦλος.
1853 2383 1855 2431 j

252 2435 320 2473 sed
351 2446 423 2483 pro
453 2430 518 2471 καὶ
549 2429 670 2482 πένης
701 2433 954 2471 scribendum
985 2436 1046 2472 est
1075 2429 1196 2471 κούκ
1225 2429 1361 2498 ἀνήρ.
1442 2436 1479 2472 7.
1513 2433 1653 2481 δοῦλος
1683 2431 1805 2483 αὐτὸς
1853 2434 1856 2452 *

253 2492 439 2539 corrupta
469 2493 573 2530 sunt
624 2502 757 2528 servus
784 2490 915 2538 fiebat,
947 2490 981 2528 si
1011 2491 1176 2539 divitem,
1207 2502 1287 2528 non
1317 2491 1351 2528 si
1373 2503 1588 2540 pauperem
1617 2491 1804 2532 duxisset.

253 2547 410 2596 scripsit
439 2549 558 2596 poeta
588 2545 808 2596 φρουδος
837 2540 1020 2592 ανίαις.
1060 2547 1109 2585 cf.
1142 2546 1263 2584 Arist.
1294 2546 1401 2587 Nub.
1419 2548 1512 2585 722.
1559 2548 1656 2594 Rau
1680 2548 1732 2587 94
1762 2550 1814 2588 et

253 2603 301 2641 de
332 2608 348 2639 ἵ
376 2604 415 2640 ἰη
445 2597 538 2640 ἀνία
568 2602 665 2641 Pors
649 2615 731 2640 ο.ιι
761 2603 896 2651 Ειιιὶρ.
926 2602 1076 2641 Phoen.
1112 2604 1232 2641 1334.
1271 2602 1455 2641 Phereer.
1479 2604 1545 2642 24.
1585 2603 1707 2644 Arist.
1727 2605 1809 2656 Eq.
1855 2603 1857 2651 J

254 2661 505 2698 349.11.
536 2657 709 2724 γίνεται,
727 2654 752 2708 ἡ
783 2656 900 2710 γυνή.
1007 2660 1070 2697 13.
1101 2671 1172 2709 pro
1201 2663 1327 2697 κακοῦ
1355 2655 1395 2710 γ’
1418 2655 1606 2727 ἁμαρτεῖν
1635 2660 1807 2700 scribon·
1856 2668 1857 2698 ἓ

254 2717 347 2754 dum
386 2717 447 2754 est
483 2715 651 2753 κακῶν
686 2710 932 2766 αμοιρεῖι.
1001 2728 1092 2753 nam
1128 2710 1291 2766 αγαθρῦ
1331 2728 1435 2762 τινος
1473 2711 1661 2767 ἁμαρτεῖν
1698 2719 1810 2756 recto
1855 2749 1858 2773 ,

253 2772 410 2823 dicitur,
440 2777 566 2809 κακοῦ
594 2784 673 2810 ιιοιι
702 2772 812 2811 item.
