1864 3204
207 215 290 257 392
859 214 1111 255 ΑΛΕΞΙΔΟΣ

211 319 290 357 551
310 320 336 359 f.
379 318 638 359 Schoemann.
670 319 809 371 Antiq.
841 319 924 371 gr.²
954 321 994 359 II
1024 322 1108 360 519·
1137 317 1455 374 (νουμηνιασταί,
1485 321 1765 373 κακοδαιμονι-

211 374 337 426 σταί).
358 396 410 403 -
430 376 577 415 inridet
595 378 727 416 nescio
749 390 878 427 quem,
911 379 977 427 qui
1009 379 1195 418 convivas
1226 379 1418 418 vilissima
1438 392 1534 419 cena
1555 381 1762 431 exceperit.

806 500 1157 535 ΨΕΤΔΟΜΕΝΟΣ

941 578 1024 620 259

469 655 522 698 τὰ
554 654 737 711 περιττοὶ
767 658 901 712 μισῶ·
935 663 1027 707 τοῖς
1056 655 1396 712 ὑπερβάλλουσι
1426 656 1513 713 γάρ

469 722 645 779 δαπάνη
676 723 933 779 πρόσεστιν,
965 722 1105 780 ἡδονή
1137 723 1180 766 δ’
1202 723 1305 767 οὐδ’
1325 724 1530 780 ἡτισοῦν.

321 817 549 857 Athenaeus
583 820 653 867 10,
675 819 798 857 419b
838 819 916 856 τῶν
953 818 1128 857 δείπνων
1157 815 1200 857 δὲ
1230 817 1363 858 πολλοὶ
1394 816 1440 858 τὰ
1469 817 1605 872 μέτρια
1633 814 1762 859 ἆσπάν

212 874 357 923 ζονται,
388 868 440 920 ὡς
464 872 662 922 ’Ἀλεξιςυ
683 873 948 928 ,Ψευδομένῳ
978 877 1057 913 κτλ.
1089 876 1324 915 Eustathius
1349 878 1468 927 1413,
1485 877 1538 915 47
1572 873 1626 924 ὥς
1656 876 1774 928 δηλοῖ

210 926 229 967 ὁ
262 926 444 980 γράψας·
477 934 556 977 τοῖς
587 928 875 982 ὑπερβάλλουσι
907 930 1067 982 δαπάνη
1097 927 1177 971 κτλ.
1227 933 1277 971 cf.
1309 933 1403 971 254.

951 1042 1036 1084 260

591 1120 781 1170 κόλακος
811 1121 860 1163 δὲ
889 1122 987 1175 βίος
1015 1118 1180 1175 μικρὸν
1210 1107 1378 1177 χρόνον
1408 1119 1561 1163 ἀνθεῖ·

437 1186 584 1238 οὐδεὶς
613 1187 698 1244 γὰρ
729 1191 874 1243 χαίρει
903 1186 1249 1246 πολιοκροτάφῳ
1279 1190 1523 1245 παρασίτῳ.

255 1332 301 1375 λ
292 1281 608 1377 Ατὴοᾶιειοιιε,
572 1284 608 1331 6,
623 1283 739 1321 255b
761 1281 911 1329 ’Ἀλεξις
942 1286 1041 1334 γοῦν
1070 1292 1197 1332 φησιν
1227 1280 1270 1321 ἐν
1295 1280 1538 1336 Ψευδομένῳ
1568 1285 1650 1341 κτλ.
1725 1285 1765 1324 1.

208 1349 253 1374 κο
277 1351 385 1375 ακων

737 1450 942 1483 ΑΔΗΛΩΝ
969 1451 1237 1486 ΔΡΑΜΑΤΩΝ

949 1528 1030 1570 261

411 1607 579 1648 ἔλαθον
609 1605 849 1661 γενόμενος
879 1600 934 1648 οὗ
963 1607 1012 1649 τὸ
1046 1603 1208 1663 πρᾶγμ’
1232 1606 1465 1662 ἠβούλετο,

409 1671 521 1716 κατὰ
552 1673 697 1729 χειρὸς
729 1674 889 1730 ἐδόθη·
921 1674 1004 1729 τήν
1033 1674 1254 1729 τράπεζαν
1283 1668 1358 1730 ηκ’
1383 1677 1511 1730 ἔχων,

411 1738 485 1797 ἐφ’
509 1734 563 1796 ἧς
593 1741 782 1784 ἐπέκειτ’
804 1741 859 1784 οὐ
889 1742 1024 1798 τυρὸς
1054 1741 1154 1784 οὐδ’
1177 1743 1325 1786 ε’λαῶν
1354 1742 1487 1798 γένη,

413 1807 519 1851 οὐδὲ
550 1807 828 1864 παρέχουσαι
858 1818 1019 1853 κνῖσαν
1049 1810 1157 1866 ἡμῖν
1187 1812 1375 1853 πλείονα

364 1886 384 1917 5
415 1877 662 1931 παροψίδες
691 1878 768 1920 καὶ
797 1880 953 1933 λῆρος,
987 1877 1099 1920 ἀλλά
1133 1876 1362 1934 παρετέθη

403 1941 713 2000 ’ὑπερηφάνως
743 1943 905 1998 ὄζουσα
933 1948 1024 1988 τῶν
1049 1944 1199 1997 Ὡρῶν
1229 1947 1392 2001 λοπάς,

410 2009 460 2054 τὸ
490 2014 572 2054 τοῦ
602 2013 746 2054 πόλου
775 2016 858 2055 τοῦ
886 2013 1052 2063 παντὸς
1080 2011 1399 2069 ἡμισφαίριον·

411 2077 576 2122 ἅπαντ’
601 2080 711 2134 ἐνῆν
740 2078 869 2122 τάκεῖ
892 2079 979 2135 γάρ
1011 2079 1060 2123 ἐν
1089 2079 1229 2136 ταύτῃ
1260 2078 1399 2134 καλά,

411 2148 562 2202 ἰχθῦς,
596 2149 764 2203 ἔριφοι,
796 2147 990 2202 διέτρεχε
1020 2147 1195 2191 τούτων
1225 2151 1462 2203 σκορπίος,

346 2225 386 2255 10
416 2212 668 2269 ὑπέφαινεν
700 2213 801 2271 ςόὤν
831 2215 1023 2271 ἡμίτομα
1052 2213 1157 2266 τούς
1186 2214 1388 2272 ἀστέρας.

414 2283 690 2337 ἐπεβάλομεν
721 2281 797 2333 τὰς
827 2290 987 2338 χεῖρας.
1049 2281 1072 2325 ὁ
1101 2283 1184 2338 μὲν
1215 2282 1313 2338 ἐμοὶ
1344 2286 1494 2326 λαλῶν

413 2349 499 2405 ἅμα
531 2349 604 2392 καὶ
635 2349 858 2393 διανεύων
880 2348 1135 2406 ἠσχολεῖθ’,
1167 2348 1191 2393 ὁ
1219 2353 1306 2400 ποῖς
1335 2349 1376 2393 δ’
1399 2349 1521 2406 ἄγων

414 2416 487 2460 ἐπ’
510 2418 586 2473 ἐμὲ
617 2418 823 2473 κατήντα.
883 2414 933 2461 τὸ
964 2419 1104 2474 πέρας
1134 2416 1217 2460 οὐκ
1247 2413 1373 2474 ἀνῆχ’
1399 2418 1480 2469 ἕως
1514 2470 1516 2472 ¹

412 2485 498 2540 τὴν
529 2483 690 2528 λοπάδ’
713 2486 915 2540 ὀρύττων
946 2486 1211 2540 ἀποδέδειχα
1242 2486 1469 2528 κόσκινον.

325 2580 552 2619 Athenaeus
584 2580 628 2630 2,
655 2581 740 2619 60a
769 2577 918 2627 ’Ἀλεξις
956 2576 975 2618 ὁ
1008 2579 1152 2631 χαρίεις
1183 2575 1364 2631 πρόπομα
1394 2577 1487 2618 ὅλον
1516 2579 1762 2631 παρατίθησι

213 2639 291 2681 τοῖς
322 2635 540 2687 διακρίνειν
569 2634 804 2686 δυναμένοις
833 2638 912 2675 κτλ.
969 2650 1007 2675 v.
1030 2638 1110 2675 5—
1118 2638 1181 2676 10
1215 2637 1366 2675 13.14
1397 2638 1592 2686 excerpsit
1620 2638 1762 2676 Eusta

213 2694 319 2731 thius
343 2694 463 2731 1348.
480 2695 503 2731 9
535 2690 744 2743 σεμνύνων
774 2706 830 2738 τις
853 2691 902 2744 (ἔ)
934 2689 1040 2743 παρὰ
1072 2697 1126 2745 τῷ
1157 2691 1462 2760 δειπνοσοφιστῆ
1492 2690 1653 2739 ἀστείως
1685 2690 1761 2744 ἔφη

212 2746 253 2785 τὸ
285 2747 484 2799 παρετέθη
514 2751 595 2788 κτλ.
655 2763 693 2788 v.
719 2751 770 2788 10
798 2749 1028 2788 Athenaeus
1061 2751 1098 2799 2,
1121 2751 1204 2789 57e
1229 2747 1381 2797 ’Ἀλεξις
1412 2733 1455 2787 δε
1484 2745 1654 2799 ἡμίτομά
1682 2762 1761 2788 που

211 2801 302 2857 ᾠῶν
341 2802 453 2856 λέγει.
554 2807 588 2845 1.
620 2801 825 2857 ἠβούλετο]
857 2800 1057 2856 ηπείγετο,
1102 2806 1128 2844 i.
1157 2820 1190 2844 e.
1223 2803 1433 2844 ἐσπεύδετο
1463 2806 1629 2845 casaub.
1719 2807 1758 2844 3.

214 2859 342 2899 ἐλάων
373 2875 461 2900 cum
492 2863 597 2911 apud
627 2863 783 2902 Atticos
814 2862 971 2912 quidem
1002 2875 1081 2901 non
1111 2863 1355 2912 inveniatur,
1387 2862 1431 2901 L.
1465 2862 1692 2901 Dindorfius
1721 2863 1770 2910 in.
