1864 3204
556 227 799 263 ΓΑΑΤΚΟΣ
823 247 865 253 -
893 228 1165 264 ΔΙΟΝΥΣΙΟΣ
1565 227 1646 271 173

72 329 231 402 λέγουσι
259 331 446 412 Φιλίππῳ
475 338 528 388 τῷ
560 332 983 388 κωμωδοδιδασκάλῳ·
1024 331 1124 385 φησὶ
1152 332 1227 387 γὰρ
1258 329 1280 372 ὁ
1313 332 1512 380 Δαίδαλος
1542 329 1643 384 παρ’

72 404 180 459 αυτῳ
216 387 460 456 κινουμένην
497 396 663 442 ποιῆσαι
703 389 778 442 τὴν
815 390 981 442 ξυλίνην
1015 387 1256 443 Ἀφροδίτην
1293 388 1430 443 ἐγχέας
1468 388 1646 443 ἄργυρον

73 445 208 499 χυτόν.
267 449 323 488 sic
355 448 594 499 Spengelius
623 462 664 498 p.
688 449 755 487 34.
821 448 952 488 Sohol.
984 448 1087 487 Plat.
1121 449 1199 488 331
1235 448 1357 490 Bekk.
1388 446 1647 486 Φίλιππον

73 501 158 547 τὸν
195 507 300 552 τοῖς
339 501 605 556 Εὐβούλου
654 503 905 555 δράμασιν
947 501 1348 556 ἀγωνισάμενον.
1409 507 1479 544 aut
1518 506 1647 557 igitur
1708 525 1713 566 νἰ
1771 514 1779 522 ·

71 561 206 602 docuit
234 565 306 601 aut
334 563 422 613 egit
443 562 637 612 quasdam
657 562 807 601 Eubuli
830 561 984 601 fabulas
1006 562 1238 614 Philippus:
1274 565 1518 613 quapropter
1543 574 1646 614 quae

70 619 136 658 hic
164 622 330 658 vocatur
361 619 540 669 Philippi
563 619 763 658 Daedalus
790 619 929 658 eadem
958 620 1020 658 est
1048 632 1150 669 quae
1170 619 1333 658 Eubuli.
1365 620 1486 658 Mein.
1506 619 1527 657 'I
1549 620 1645 658 342.
1716 628 1718 654 ι

70 675 165 714 fort.
197 673 348 726 χυτὸν
377 673 601 727 ἄργυρον
629 673 719 728 γὰρ
751 672 923 727 ἐγχέας
952 673 1257 727 κινουμένην
1282 674 1288 729 Ι
1316 673 1525 727 ἐποίησα
1556 674 1646 727 τὴν

71 731 285 783 ξυλίνην
310 729 615 785 Ἀφροδίτην
643 729 953 787 (Δαίδαλος).

393 901 404 915 Ι
827 843 884 886 23

342 916 450 957 μηχι
938 923 941 926 ’
1112 933 1115 935 -

185 979 239 1030 ὧς
270 982 377 1035 ναίχι
403 981 470 1022 καὶ
490 980 591 1034 οὐχί.
625 980 836 1034 Εὔβουλος
859 981 1059 1038 Δαιδάλῳ.
1093 983 1265 1024 Bekker.
1287 984 1439 1024 Aneed.
1466 986 1557 1037 108,
1579 987 1644 1025 14.

71 1041 213 1080 ludens
243 1041 284 1080 id
315 1041 477 1080 videtur
507 1041 680 1092 finxisse,
714 1043 761 1080 ut
781 1041 1035 1081 Democritus
1064 1038 1107 1079 τὸ
1140 1038 1208 1079 δὲν
1237 1042 1287 1080 ad
1319 1042 1542 1093 analogiam
1574 1048 1643 1081 τοῦ

69 1095 207 1148 μηδέν.

712 1175 1006 1210 ΔΕΤΚΑΛῙΩΝ

827 1253 884 1296 24

395 1331 589 1388 ἡπάτια,
621 1336 801 1389 νῆστις,
833 1331 1109 1389 πλεύμονες,
1140 1335 1288 1390 μήτρα

183 1427 414 1470 Athenaeus
436 1430 601 1479 3,100e
632 1426 844 1480 Εὔβουλος
875 1425 919 1466 ἐν
949 1427 1201 1467 Δευκαλίωνι
1230 1431 1310 1468 κτλ
1353 1430 1458 1469 idem
1481 1431 1648 1481 3‚107f

69 1479 241 1534 ηπάτιον
270 1481 311 1523 δ’
335 1484 518 1554 εἴρηκεν.
537 1483 799 1537 ..Εὔβουλος
830 1483 875 1524 έν
907 1485 1171 1524 Δευκαλίωνι.
1222 1487 1334 1525 deest
1364 1487 1406 1526 in
1436 1487 1514 1527 fine
1545 1488 1659 1543 iam-A

69 1542 156 1581 bus.
209 1542 302 1582 fort.
334 1538 504 1594 ἡπάτια,
539 1541 741 1594 νήστεις,
772 1537 1011 1593 πλευμονες,
1041 1557 1207 1594 μητρας
1239 1541 1390 1594 τόμοι.

182 1598 396 1639 Praeterea
426 1601 478 1640 cf;
513 1601 617 1661 152.Δ
658 1600 802 1651 Eupol.
836 1601 930 1639 136.

718 1757 992 1791 ΔΙΟΝΥΣΙΟΣ

181 1838 272 1877 Νοιι
316 1838 596 1877 confundenda
642 1851 731 1877 cum
761 1839 951 1889 Dionyso.
1003 1839 1053 1877 cf.
1084 1836 1238 1890 Σεμέλη
1280 1837 1308 1890 ἢ
1341 1837 1550 1887 Διόνυσος.
1589 1864 1634 1869 —-

69 1894 407 1946 Syracusanorum
439 1898 652 1946 tyrannum
686 1895 901 1946 significari
932 1895 1048 1935 docet
1077 1896 1128 1935 fr.
1166 1897 1235 1935 25.
1294 1898 1455 1948 egregie
1487 1898 1535 1937 de
1566 1899 1638 1938 hac

68 1951 203 1990 fabula
232 1952 453 2002 disputavit
482 1953 705 1992 Meinekius
735 1953 756 1991 I
786 1953 881 1992 361.
906 1953 948 1992 2.

824 2063 882 2106 25

340 2139 441 2184 ἀλλ’
466 2144 560 2185 ἔστι
589 2149 683 2192 τοῖς
712 2149 894 2197 σεμνοῖς
922 2142 1006 2198 μὲν
1037 2142 1387 2199 αὐθαδέστερος,

343 2211 419 2252 καὶ
449 2217 543 2260 τοῖς
572 2211 729 2263 κόλαξι
759 2213 870 2254 πᾶσι
899 2218 992 2262 τοῖς
1023 2210 1286 2254 ammovet
1312 2227 1361 2254 τε

342 2277 505 2321 ἑαυτὸν
535 2276 800 2335 εὐόργητος·
835 2277 1010 2335 ἡγεῖται
1039 2280 1090 2323 δὲ
1121 2278 1177 2335 δὴ

341 2346 531 2397 τούτους
559 2346 729 2402 μόνους
760 2347 1058 2403 ἐλευθέρους,
1090 2344 1375 2399 κᾶν-δοῦλος
1403 2341 1447 2405 ᾖ.

184 2440 414 2480 Athenaeus
445 2443 484 2490 6,
508 2442 590 2481 260
605 2442 661 2482 cd
700 2443 913 2492 postqum
943 2442 1176 2493 Philippum
1212 2456 1348 2494 regem
1385 2457 1558 2494 pronum
1587 2445 1637 2483 ad

70 2497 243 2536 ludibria
272 2498 397 2537 fuisse
433 2500 615 2538 narravit
650 2499 708 2537 ita
737 2500 895 2549 pergit.
940 2496 987 2537 τὰ
1031 2495 1290 2551 παραπλήσια
1335 2496 1458 2540 ἐποίει
1501 2499 1569 2539 καὶ
1613 2497 1633 2539 ὁ

69 2551 308 2604 Σικελιώτης
342 2552 570 2602 Διονύσιος,
602 2549 654 2601 ὥς
685 2553 895 2605 Εὔβουλος
935 2551 956 2592 ὁ
989 2554 1286 2610 κωμῳδιοποιὸς
1316 2556 1556 2609 παρίστησιν
1593 2555 1638 2596 ἐν

70 2616 123 2666 τῷ
154 2615 225 2649 τοῦ
256 2604 452 2661 τυράννου
483 2605 682 2665 ὁμωνύμῳ
713 2608 883 2663 δράματι
913 2614 993 2652 κτλ.
1113 2614 1152 2652 2.
1183 2611 1252 2652 καὶ
1281 2613 1378 2664 τοῖς]
1414 2617 1494 2660 τοῖς
1522 2611 1562 2651 δ’
1584 2629 1637 2652 αυ

71 2669 135 2708 vel
153 2664 225 2730 (in
256 2664 376 2722 Ath.)
407 2670 507 2707 τοῖσι
537 2665 581 2706 δὲ
613 2669 732 2708 Mein.
840 2670 878 2708 3.
918 2666 1063 2709 ἑαυτὸν
1093 2668 1283 2721 Casaub.]
1323 2665 1449 2708 αὐτὸν
1479 2671 1529 2709 Α.
1580 2670 1637 2717 εἰς

71 2717 194 2763 αὐτὸν
225 2724 344 2763 Mein.
361 2724 423 2763 ed.
444 2725 537 2763 mai.
577 2729 690 2775 πᾶσι,
722 2727 804 2772 τοῖς
825 2723 1051 2765 σκώπτουσι
1071 2723 1116 2764 δὲ
1142 2727 1147 2776 Ι
1174 2725 1228 2773 εἰς
1250 2722 1376 2764 αυτὸν
1406 2726 1454 2766 G.
1476 2729 1525 2767 A.
1547 2728 1636 2766 Hir-

73 2782 198 2847 sohig.
228 2780 340 2819 Αιιιι.
362 2782 452 2820 orit.
475 2782 513 2820 6.
592 2778 637 2820 δὲ
667 2778 718 2831 δὴ
754 2781 994 2836 Schweigh]
1026 2781 1075 2834 δὴ
1107 2783 1159 2822 Α.
1247 2784 1287 2824 4.
1318 2780 1397 2822 κάν
1427 2783 1569 2830 δοῦλος
1603 2778 1639 2837 ᾗ,

73 2839 100 2877 i.
123 2851 158 2877 o.
192 2851 249 2883 τις
279 2833 427 2879 αὐτων.
449 2859 503 2866 —
534 2830 751 2889 ευόργητον
779 2840 1006 2880 Athenaeus
1038 2842 1142 2879 certe
1173 2840 1235 2879 hie
1264 2840 1418 2887 facilem
1447 2842 1500 2880 ad
1531 2843 1637 2892 iono-

71 2896 256 2936 sce‘ndwm
285 2893 636 2945 interpretabatur.
