1806 3216
350 153 769 189 ΑΜΦῙΣΒΠΤΗΣῙΜΑ
796 153 879 189 ΚΑΙ
903 151 1304 188 ΨΕΤΔΕΠΙΓΡΛΦΑ
1523 149 1608 193 539

786 254 871 298 244

316 310 556 393 κισσύβιον

159 392 202 435 τὸ
230 385 412 447 μόνὼτον
446 389 646 446 ποτήριον.
708 392 917 446 Φιλήμων.
976 394 1203 434 Athenaeus
1238 395 1309 442 11,
1342 394 1424 433 476
1447 394 1475 432 f.
1536 393 1610 462 hoo

46 465 204 505 quoque
234 452 503 505 fragmentum
536 451 787 503 gismmatici
817 451 977 492 videtui
1007 464 1106 494 esse.

779 561 864 604 245

315 618 507 675 ὄρτυκος

162 699 360 755 Φιλήμων
389 700 455 741 διὰ
487 707 556 741 τοῦ
587 715 611 740 κ
641 700 777 753 φησίν.
818 701 990 742 Bekker.
1012 701 1165 742 Aneod.
1193 703 1299 742 1106
1323 698 1605 754 (Choerobosc.

44 761 91 802 ad
134 759 330 800 Theodos.
362 760 391 799 f.
425 757 512 813 66).
572 759 689 798 homo
725 760 885 799 Atticus
923 761 1031 798 certe
1069 759 1126 799 ita.
1154 771 1235 798 non
1267 759 1380 798 dixit.
1440 759 1609 798 fortasse

45 817 296 871 grammatici
327 819 390 856 est
421 816 664 868 singularem
695 816 862 856 formam
886 829 932 855 ex
963 816 1096 855 nescio
1127 828 1205 866 quo
1227 816 1375 866 scripto
1396 816 1609 855 enotantis.

158 874 372 913 Praeterea
410 873 616 913 Menandri
656 873 706 912 sr.
739 874 820 912 537
853 873 973 912 Mein.
1021 873 1244 912 Philemoni
1276 873 1467 912 tribuitur
1497 872 1608 911 Stob.

43 932 129 973 Eel.
153 932 192 981 2,
215 932 282 979 46,
308 932 357 969 11
391 930 592 970 Wachsm.
626 926 734 984 (cod.
767 930 887 970 Laur.
918 943 956 981 p.
984 927 1135 982 1442),

781 1040 865 1083 246

249 1124 333 1164 οἴει
364 1119 422 1163 σὺ
452 1118 560 1171 τούς
588 1118 841 1175 θανόντας,
872 1114 911 1164 ὦ
942 1122 1197 1177 Νικήρατε,

247 1190 424 1245 τρυφῆς
453 1185 626 1244 ἁπάσης
654 1186 989 1245 μεταλαβόντας
1021 1189 1072 1231 ἐν
1100 1190 1186 1245 βίῳ

247 1256 324 1300 καὶ
353 1259 440 1312 γῆν
472 1254 709 1312 καλύψειν,
740 1254 801 1307 ὥς
830 1254 919 1299 ἀπὸ
948 1258 1032 1300 τοῦ
1060 1256 1195 1300 πάντ’
1229 1257 1290 1307 εἰς
1320 1255 1487 1312 χρόνον

246 1325 522 1381 πεφευγέναι
552 1321 603 1369 τὸ
633 1329 764 1369 θετον
794 1322 855 1376 ὥς
885 1325 1154 1381 λεληθότας;

198 1403 219 1436 5
251 1395 376 1438 ἔστιν
405 1396 549 1450 Δίκης
579 1390 817 1450 ὀφθαλμὸς
847 1391 895 1444 ὃς
923 1391 978 1436 τὰ
1009 1390 1151 1436 πάνθ’
1186 1390 1293 1450 ὁρᾷ·

248 1461 324 1505 καὶ
352 1458 440 1518 γὰρ
471 1461 582 1505 καθ’
602 1460 761 1518 ’Ἅιδην
793 1461 878 1505 δύο
908 1463 1094 1517 τρίβους
1123 1463 1378 1516 νομίζομεν,

246 1532 356 1587 μίαν
386 1530 576 1574 δικαίων
606 1527 800 1586 χάτέραν
829 1525 1011 1585 ἀσεβῶν
1041 1526 1172 1572 ὁδόν·

249 1599 291 1642 εἰ
315 1596 404 1654 γὰρ
435 1599 610 1649 δίκαιος
639 1595 834 1655 κάσεβὴς
862 1598 1045 1650 ἕξουσιν
1073 1596 1147 1652 ἕν,

247 1665 409 1722 ἅρπας’
440 1666 672 1721 ἀπελθών,
704 1664 876 1721 κλάετ’,
907 1665 1168 1721 ἀποστέρει,
1200 1666 1331 1709 κύκα.

181 1745 223 1778 10
252 1735 396 1792 μηδὲν
425 1737 683 1791 πλανηθῇς·
717 1736 810 1778 ἔστι
841 1732 927 1777 κᾶν
946 1732 1105 1777 ’Ἅιδου
1136 1735 1283 1789 κρίσις

249 1802 396 1859 ἤνπερ
426 1802 604 1859 ποιήσει
633 1800 742 1854 θεὸς
772 1798 796 1846 ὁ
826 1801 1011 1845 πάντων
1041 1800 1284 1858 δεσπότης,

248 1864 305 1915 οὗ
334 1868 533 1927 τοῦνομα
563 1870 780 1927 φοβερόν,
812 1868 914 1913 οὐδ’
946 1865 1005 1913 ἂν
1034 1868 1306 1925 ὀνομάσαιμ’
1339 1869 1450 1925 ἐγώ,

248 1938 299 1992 ὂς
326 1947 419 1992 τοῖς
447 1937 760 1996 ἁμαρτάνουσι
790 1937 902 1995 πρὸς
931 1941 1072 1995 μῆκος
1101 1939 1207 1993 βίου

249 2008 423 2052 δίδωσι.

158 2104 299 2143 Iunius
328 2103 389 2143 De
419 2103 622 2143 Monarch.
654 2117 689 2154 p.
716 2103 769 2142 38
782 2102 820 2141 d.
860 2102 1058 2142 Eusebius
1089 2101 1229 2151 Praep.
1252 2101 1327 2140 Ev.
1350 2099 1448 2139 XIII
1470 2113 1508 2150 p.
1530 2100 1615 2139 400

44 2161 284 2211 Philemoni,
317 2159 500 2200 Clemens
531 2160 646 2199 Alex.
672 2159 817 2199 Strom.
838 2160 885 2209 5,
907 2159 978 2209 14,
1001 2160 1090 2199 121.
1129 2158 1368 2197 Theodoret.
1386 2156 1444 2196 IV
1469 2170 1507 2207 p.
1530 2157 1614 2195 854

46 2218 136 2258 Hal.
187 2217 348 2267 Diphilo
387 2215 586 2256 tribuunt.
648 2217 867 2267 scripturae
897 2216 1134 2255 varietatem
1166 2215 1357 2254 indicavit
1389 2213 1613 2252 Meinekius

46 2273 409 2315 Menand.Philem.
424 2273 583 2313 ⁴133.—
605 2286 734 2324 neque
748 2273 991 2312 Philemonis
1011 2284 1139 2322 neque
1161 2270 1314 2321 Diphili
1335 2283 1421 2310 esse
1444 2272 1612 2310 constat.

783 2382 864 2425 247

254 2460 365 2506 θεὸν
395 2461 443 2504 δὲ
475 2468 610 2504 ποῖον
641 2460 739 2504 εἰπέ
765 2476 840 2517 μοι
870 2461 1080 2516 νοητέον;

252 2533 301 2573 Β.
331 2527 413 2573 τόν
442 2527 585 2572 πάνθ’
620 2526 797 2584 ὁρῶντα
827 2526 1000 2572 καύτὸν
1032 2526 1114 2583 οὐχ
1144 2525 1390 2582 ὁρεόμενον.

162 2625 347 2665 Clemens
380 2624 491 2663 Alex.
523 2623 650 2663 Protr.
682 2624 729 2674 6,
762 2624 814 2663 68
846 2622 1049 2674 Euripidi,
1090 2622 1267 2661 Iustinus
1306 2621 1363 2661 De
1403 2621 1604 2662 Monareh.

49 2697 89 2735 p.
122 2683 211 2722 37d
243 2681 465 2722 Philemoni
494 2680 650 2720 tribuit.
698 2682 759 2720 est
788 2680 961 2720 hominis
992 2678 1221 2720 Christiani.
