1806 3216
22 44 32 64 ,ζ
40 51 63 66 v„
83 43 126 68 ³2„

0 122 18 141 ι.

139 286 177 326 1.
207 285 432 327 ‘mortalem
460 289 649 326 naturam
678 286 880 326 inmortali
908 286 976 326 deo
1005 285 1176 331 obvolve,
1207 285 1234 324 i.
1257 297 1291 326 e.
1322 285 1414 324 bibe
1445 288 1485 325 et
1514 286 1581 326 ob-

18 342 204 384 liviscere
222 344 262 384 te
282 342 491 383 mortalem
513 345 650 382 netum
672 355 769 382 esse.
801 342 1022 382 meretricis
1038 338 1114 395 (?)’
1145 341 1315 381 barbaro
1336 342 1580 382 blandientis

16 399 163 442 'verba
198 402 313 441 sunt.
362 400 456 440 haec
491 401 595 440 enim
638 400 747 450 apud
783 411 854 439 nos
885 398 1055 438 Graecos
1092 400 1306 438 amicitiam
1343 400 1579 440 conciliant-²

15 456 140 501 Mein.
188 455 280 509 Hog
280 457 415 499 esand.
445 456 539 496 Ath.
574 458 645 507 13,
668 455 793 496 572d
831 453 1031 508 ἱστοροῦσι
1068 451 1112 494 δὲ
1142 460 1300 507 πρῶτον
1325 451 1485 496 Ἰάσονα
1514 450 1588 496 τὸν

17 510 196 561 Αἴσονος
226 508 504 566 συναγαγόντα
535 510 629 560 τούς
655 469 938 564 Ἀργοναύταςρ
954 509 1130 566 ἑταιρείᾳ)
1154 510 1220 551 Διὶ
1249 514 1391 553 θῦσαι.
1432 514 1482 553 ef.
1502 513 1581 553 He-

7 570 147 627 ‘rodon
173 572 209 620 1,
230 571 299 610 44.
345 569 511 610 Preller.
545 570 674 622 Myth.
705 583 767 621 gr.
773 567 788 592 ²
818 569 837 608 I
870 570 965 610 115.

774 680 822 723 2]

493 180 828 216 ΔΠΟΛΙῙῘΟΤΣΔ
854 198 896 206 -
920 180 1090 215 ΓΑΜΟΣ
1497 179 1580 223 547

290 735 518 794 μναδοὲρια

132 816 450 873 ὑποκοριστικῶς
486 817 556 866 τὰς
591 825 709 871 μνᾶς.
761 817 928 869 Δίφιλος
960 818 1175 873 Βαλανείῳ.
1226 820 1395 860 Bekker.
1428 822 1580 862 Anecd.

23 878 123 928 108,
145 879 213 919 32.
262 877 423 918 videtur
464 878 600 917 nescio
643 877 733 927 quis
775 872 1107 928 ὑποκοριζόμενος
1153 877 1321 917 eundem
1366 879 1580 918 barbarum

17 947 114 974 auro
142 947 371 986 emungere.

700 1011 902 1045 ΒΟΙΩΤΙΣ

134 1081 196 1122 Cf.
227 1095 327 1133 quae
356 1083 407 1121 ad
436 1083 714 1133 cognominem
743 1081 985 1132 Antiphanis
1017 1082 1194 1121 fabulam
1223 1083 1481 1124 adnotantur.

772 1169 829 1211 22

699 1231 795 1288 οἶος
824 1238 1000 1281 ἐσθίειν
1029 1239 1118 1295 πρὸ
1147 1236 1313 1295 ἡμέρας

291 1305 539 1362 ἀρξάμενος
566 1301 596 1362 ἢ
625 1306 763 1349 πάλιν
792 1305 905 1361 πρὸς
933 1303 1116 1363 ἡμέραν.

135 1389 362 1429 Athenaeus
386 1390 450 1438 10,
461 1390 578 1429 4170
611 1388 779 1440 Δίφιλος
810 1386 854 1428 ἕν
885 1389 1057 1444 Βοιωτίῳ
1086 1392 1168 1429 κτλ.
1258 1392 1296 1429 2.
1327 1387 1373 1443 ἢ]
1407 1384 1487 1430 εἶτα
1518 1390 1585 1431 καὶ

22 1446 143 1486 Mein.
175 1446 292 1485 Anal.
325 1446 417 1485 Ath.
452 1448 545 1486 180.
618 1460 698 1486 uno
729 1449 889 1486 tetram.
922 1448 1046 1488 trech.
1086 1441 1169 1494 οἶος
1209 1445 1363 1486 ἐσθίειν
1399 1453 1584 1500 προῆμαρ

19 1500 87 1542 καὶ
120 1501 244 1542 πάλιν
280 1499 381 1551 πρὸς
417 1499 486 1554 ἡμ.
545 1503 636 1552 per
671 1508 793 1544 totum
829 1505 932 1543 diem
968 1508 1002 1544 et
1039 1517 1180 1544 rursus
1215 1517 1337 1553 usque
1373 1507 1427 1545 ad
1455 1506 1581 1545 diem’

21 1559 226 1599 Hem-ord.
261 1560 356 1599 Obs.
388 1560 474 1599 crit..
507 1561 572 1608 97,
604 1561 704 1602 conl.
737 1561 931 1600 Simonid.
963 1561 1128 1612 Amorg.
1163 1563 1199 1611 7,
1221 1562 1290 1600 47.

714 1684 883 1718 ΓΑΜΟΣ

774 1761 830 1805 23

258 1840 522 1891 Στίλπωνός
553 1839 647 1883 ἐστι
676 1839 878 1896 βύσμαθ’
902 1839 925 1884 ὁ
959 1844 1160 1896 Χαρίνου
1191 1841 1335 1898 λόγος.

135 1935 334 1986 Diogenes
364 1934 498 1974 Laert.
530 1935 573 1983 2,
597 1936 678 1974 120
717 1931 912 1987 ἐσκώφθη
951 1932 993 1974 δὲ
1028 1932 1252 1990 (Στίλπων)
1290 1933 1370 1975 ὑπὸ
1413 1937 1586 1984 Διφίλου

23 1997 94 2031 τοῦ
137 1990 314 2041 κωμικοῦ
360 1988 404 2030 ἐν
444 1989 613 2043 δράματι
643 1989 763 2046 Γαμῳ
806 1995 887 2035 κτλ.
976 1992 1150 2042 Διφίλου
1180 1990 1360 2047 Menag]
1401 1993 1582 2043 σοφίλου.

22 2047 212 2099 Σωφίλου
249 2047 418 2088 Casaub.
458 2052 499 2088 et
537 2048 672 2088 Cobet
731 2051 773 2088 at
810 2049 996 2100 Sophilus
1036 2046 1319 2103 (c.01.108)
1361 2051 1585 2102 Stilponem

21 2117 144 2146 nosse
173 2106 241 2145 vix
269 2106 441 2156 poterat.
491 2105 610 2145 Mein.
643 2105 662 2144 1
691 2107 789 2146 426.

1007 2247 1031 2293 ὁ
1059 2249 1146 2305 γὰρ
1178 2251 1314 2303 κόλαξ

169 2316 245 2358 καὶ
275 2315 526 2380 στρατηγὸν
556 2316 628 2359 καὶ
661 2317 891 2373 δυνάστην
922 2319 996 2360 καὶ
1027 2320 1190 2373 φίλους
1219 2317 1293 2361 καὶ
1323 2319 1402 2368 τὰς
1432 2319 1585 2369 πόλεις

167 2382 408 2439 ἀνατρέπει
438 2385 558 2442 λόγῳ
588 2384 828 2442 κακούργῳ
857 2383 1024 2441 μικρὸν
1053 2384 1223 2441 ἡδύνας
1252 2386 1432 2441 χρόνον.

169 2453 256 2495 νῦν
286 2452 335 2495 δὲ
366 2453 441 2495 καὶ
471 2452 651 2533 καχεξία
681 2468 747 2503 τις
776 2451 1029 2497 ὑποδέδυκε
1060 2452 1167 2504 τούς
1198 2452 1379 2508 ὄχλους·

120 2529 140 2560 5
171 2519 224 2561 αἱ
248 2522 416 2573 κρίσεις
444 2518 495 2563 θ’
516 2518 646 2575 ἡμῶν
676 2523 889 2576 νοσοῦσι,
921 2521 995 2564 καὶ
1024 2522 1075 2563 τὸ
1105 2519 1217 2576 πρὸς
1245 2520 1377 2576 χάριν
1408 2522 1539 2564 πολύ.

140 2613 368 2653 Athenaeus
397 2615 435 2664 6,
458 2614 569 2652 2540
601 2612 768 2663 Δίφιλος
799 2612 843 2653 ἐν
874 2610 993 2669 Γαμῳ
1023 2613 1149 2665 φησίν
1180 2616 1261 2654 κτλ.
1350 2617 1388 2655 2.
1421 2629 1488 2654 και
1518 2615 1584 2653 δυ-

27 2667 180 2719 νᾶστην
216 2668 283 2709 και
320 2667 520 2722 τύραννον
555 2668 623 2709 καὶ
659 2670 776 2710 πόλιν
813 2672 938 2711 Dobr.
972 2672 1075 2711 Adv.
1109 2671 1149 2710 II
1180 2672 1275 2710 312.
1338 2670 1406 2711 και
1444 2670 1587 2722 φίλους

27 2723 179 2774 καῦτὰς
217 2723 352 2773 πόλεις
392 2725 597 2766 Herwerd.
629 2728 777 2767 Mnem.
809 2742 901 2768 nov.
933 2729 1016 2767 IIII
1046 2729 1141 2768 305.
1206 2726 1335 2778 χωλας
1372 2727 1505 2776 πόλεις
1535 2730 1585 2768 A.

27 2784 182 2825 Nauck.
205 2783 349 2822 Bullet.
372 2782 552 2823 Petersb.
564 2783 682 2823 VIIII
703 2786 798 2824 398.
847 2786 952 2825 idem
985 2799 1021 2824 v.
1044 2786 1069 2823 3
1099 2782 1200 2838 λόγῳ
1230 2782 1456 2839 πανούργῳ.
1507 2798 1582 2826 scr.

27 2842 165 2891 potius
194 2854 261 2879 και
289 2837 509 2890 δυνάστην,
538 2838 773 2891 βασιλέας
804 2855 851 2880 τε
881 2855 962 2880 και
994 2839 1140 2888 πόλεις.
1228 2843 1266 2880 5.
1297 2840 1414 2892 πολύ,
1444 2839 1539 2882 ἐστί.

1243 2910 1286 2940 35
1295 2907 1315 2928 *
