1890 3190
606 202 854 237 ΑΓΡΟῘΚΟΣ
887 220 927 227 -
962 201 1148 236 ΔΛΩΝῙΣ
1613 202 1664 244 15

368 356 570 414 καθαρὸς
599 359 763 409 δοῦλος
865 302 893 344 9

207 450 328 493 οἱονεὶ
346 449 690 504 ἀπηκριβωμένος.
727 446 969 503 Ἀντιφάνης
981 448 1183 506 Ἀγροίκῳ.
1208 452 1336 493 Bekk.
1355 453 1504 492 Aneod.
1517 453 1609 504 105,
1621 454 1659 492 5.

94 514 300 561 comparat
324 510 546 550 Meinekius
568 509 693 549 Arist.
710 510 786 548 Av.
808 509 931 557 1549,
964 509 1031 547 ubi
1062 510 1111 551 cf.
1145 522 1246 560 quae
1276 523 1348 550 nos
1369 510 1659 549 adnotavimus.

851 619 905 662 10

364 701 518 754 μεῖζον
545 700 712 754 μεῖζον,
744 695 910 754 μικρὸν
938 698 1104 754 μικρόν

32 825 38 831 .
204 789 295 832 ἀντὶ
322 796 395 832 τοῦ
420 788 484 832 ἀεὶ
513 790 614 831 κατὰ
641 790 796 845 μικρόν.
825 789 1070 844 Ἀντιφάνης
1088 787 1289 847 Ἀγροίκῳ.
1320 794 1489 834 Bekker.
1508 795 1658 834 Aneed.

98 850 194 901 108,
217 851 256 890 7.
306 850 544 889 alterutrum
574 851 734 890 videtur
763 850 910 889 dixisse
943 850 1203 900 Antiphanes.
1250 851 1302 892 cf.
1334 850 1484 900 μᾶλλον
1511 852 1661 901 μᾶλλον

97 905 224 947 Arist.
255 906 354 947 Rau.
381 907 505 946 1001.

366 1028 527 1083 ἐπίδημ
534 1043 583 1078 ος
853 973 900 1014 11

202 1106 293 1150 ἀντὶ
322 1115 394 1150 τοῦ
423 1108 603 1162 ἔνδημος.
631 1107 878 1176 Ἀντιφάνης
895 1107 1095 1166 Ἀγροίκῳ.
1150 1112 1321 1153 Bekker.
1338 1114 1487 1153 Anecd.
1504 1115 1570 1165 93,
1589 1115 1656 1155 27.

89 1164 361 1219 εἐτνιτίὸημος..
428 1168 574 1208 dicitur
605 1169 674 1218 qui
703 1169 863 1208 aliunde
893 1169 1147 1220 inmigravit,
1169 1167 1358 1221 ἔνδημος
1388 1174 1522 1211 autem
1552 1145 1657 1211 i’ndi-

90 1225 222 1275 gena)
255 1225 425 1264 Meinek.

206 1282 418 1322 Praeterea
446 1282 499 1322 ef.
529 1294 633 1333 quae
662 1282 713 1321 ad
737 1282 944 1322 Butalion.
977 1285 1076 1322 extr
1107 1255 1298 1324 adnotavi
1329 1287 1370 1323 et
1399 1285 1448 1324 fr.
1475 1286 1567 1324 129.

761 1407 982 1439 ΑΔΕΛΦΑΙ
1057 1426 1065 1433 -

849 1484 900 1526 12

361 1537 617 1595 ἀνακάμψει

202 1617 292 1660 ἀντὶ
330 1627 401 1660 τοῦ
437 1618 688 1673 ὑποστρέψαι
723 1620 897 1672 ποιήσει.
946 1618 1188 1674 Ἀντιφάνης
1215 1617 1440 1674 Ἀδελφαῖς.
1485 1626 1655 1666 Bekker.

91 1678 238 1720 Anecd.
270 1680 338 1728 81,
363 1680 430 1718 10.
487 1676 694 1728 Ἀδελφοῖς
724 1679 854 1719 sched.
887 1680 1046 1719 Ruhnk.
1096 1680 1311 1730 Koppiers.
1343 1681 1509 1723 Observ.
1534 1684 1571 1722 7.

774 1803 961 1837 ΑΔῼΝῙΣ

204 1882 273 1922 Bis
303 1883 547 1933 Antiphonti
578 1879 769 1937 (tragico)
800 1884 1013 1935 tribuitur3
1053 1885 1123 1924 sed
1153 1885 1352 1925 Adonidis
1382 1887 1558 1926 fabulam
1592 1889 1656 1928 vix

90 1952 280 1990 umquam
308 1953 334 1979 a.
362 1940 528 1990 tragicis
557 1941 686 1990 poetis
717 1937 895 1991 (praeter
924 1941 1161 1992 Dionysium
1196 1944 1237 1981 et
1265 1942 1543 1983 Ptolemaeum
1563 1945 1654 1984 Phi-

89 1993 331 2050 lopatorem)
377 1999 587 2036 tractatam
624 2009 709 2036 esse
747 1999 904 2037 monuit
941 1998 1164 2038 Meinekius
1201 1998 1222 2037 I
1252 2000 1349 2039 314.
1383 2002 1447 2040 15.
1515 2002 1654 2041 comici

89 2052 206 2091 multi
227 2065 273 2091 ea
293 2053 355 2092 usi
377 2057 482 2101 sunt,
512 2053 638 2093 veluti
658 2053 788 2103 Plato,
810 2054 1032 2106 Nieophon,
1055 2055 1263 2104 Philiscus,
1287 2058 1449 2108 Araros,
1472 2057 1654 2098 Sotades.

38 2141 43 2146 .
88 2121 167 2159 qua
206 2110 361 2149 ratione
397 2112 528 2149 autem
559 2112 701 2160 poetae
730 2112 870 2150 comici
900 2115 1139 2162 argumenta
1167 2125 1216 2151 ex
1245 2114 1500 2166 mythologia
1529 2117 1656 2165 petita

89 2166 378 2205 inmutaverint
407 2167 555 2217 optime
585 2168 750 2217 exponit
780 2167 918 2209 Cobet.
951 2167 1046 2208 Obs.
1080 2170 1166 2211 crit.
1195 2169 1301 2209 Plat.
1327 2172 1419 2208 124.
1470 2172 1522 2210 ef.
1554 2185 1654 2221 quae

93 2222 142 2260 ad
173 2222 466 2262 Anaxandridis
498 2222 667 2262 Tereum
697 2224 992 2265 adnotavimus.

846 2335 898 2377 13

361 2387 448 2431 ἀνὰ
476 2391 616 2444 μέσον

207 2466 298 2509 άντὶ
327 2470 397 2509 τοῦ
427 2469 472 2510 ἐν
499 2469 616 2525 μέσῳ.
646 2467 891 2523 Ἀντιφάνης
909 2468 1106 2512 Ἀδώνιδι.
1138 2475 1307 2515 Bekker.
1333 2477 1482 2516 Aneod.
1499 2479 1566 2528 80,
1586 2479 1651 2517 24.

87 2522 288 2577 Ἀντιφῶν
317 2527 476 2570 Ruhnk.
507 2529 566 2567 De
597 2529 762 2580 Antiph.
794 2529 962 2569 Rhamn.
994 2532 1078 2570 254
1106 2534 1149 2570 et
1177 2532 1384 2583 Wyttenb.
1417 2534 1522 2575 Plut
1555 2536 1653 2573 Mor.

92 2584 222 2623 1030.
283 2584 333 2623 cf.
366 2585 486 2624 Mein.
518 2585 538 2623 Ι
568 2586 665 2624 314.

845 2675 898 2716 14

362 2725 582 2783 ἀκληρίαν

199 2805 442 2859 Ἀντιφάνης
479 2805 677 2851 Ἀδώνιδι.
728 2803 750 2850 ὃ
785 2806 906 2859 αὐτὸς
940 2808 1236 2880 εὖκλήρωμα
1272 2812 1362 2854 ἀντὶ
1400 2820 1472 2855 τοῦ
1511 2813 1650 2867 κατόρ-

87 2866 218 2915 θωμα.
268 2866 437 2905 Bekker.
471 2867 619 2906 Anecd.
653 2868 719 2917 77,
743 2869 807 2907 25.
858 2870 942 2908 eod.
973 2864 1138 2919 άντιφω.
1198 2865 1427 2923 ευκλήρημα
1457 2873 1652 2924 Koppier-
