1864 3204
203 215 287 257 202
842 215 1120 250 E‘rBoTAOT

299 325 342 356 25
374 314 648 399 ἀνθρώπους
676 317 828 358 τίκτον
859 314 970 358 κατὰ
1003 315 1086 371 τὴν
1115 314 1266 370 πυγὴν
1297 315 1362 357 ε”ν
1389 314 1598 358 ἕκαστον·

376 399 442 425 ων
472 384 519 426 οἵ
545 384 629 438 μὲν
658 385 818 439 μοίρας
848 385 1007 438 ἔλαχον
1036 385 1155 463 βίου,
1186 384 1234 425 οἱ
1260 383 1308 425 δὲ
1339 386 1613 438 πλανῶνται,

375 449 486 493 αὐτὸ
517 449 559 493 δ’
582 452 767 501 ἕκαστος
797 453 911 506 ἔχων
941 449 1097 506 αὐτόν,
1129 451 1273 493 καλέω
1305 450 1354 493 δὲ
1385 450 1641 505 φυλάττειν.

319 545 551 584 Athenaeus
575 547 640 595 10,
649 546 762 584 449e
781 542 995 613 Εὔβουλος,
1021 542 1064 583 ἐν
1092 543 1413 612 Σφιγγοκαρίωνι
1443 541 1643 591 τοιούτους
1671 543 1756 596 γρί-

205 614 306 649 φους
345 599 575 651 προβάλλει,
621 598 740 646 αὐτὸς
780 599 846 639 καὶ
883 599 1056 639 ἐπιλύων
1093 597 1240 647 αὐτούς
1279 603 1359 639 κτλ.
1411 605 1535 639 ταῦτα
1572 598 1616 638 δὲ
1654 602 1699 651 (i.
1721 615 1756 641 e.

205 671 302 707 quae
333 671 370 696 v.
395 659 447 727 23
465 671 525 708 sq.
556 656 782 724 proposuit)
816 655 876 696 ότι
904 655 1216 706 κληρωτικὸν
1246 656 1499 707 σημαίνει,
1530 653 1642 707 ὑμεῖς
1674 655 1759 695 δια-

206 713 377 764 κρίνατε,
397 711 450 764 μὴ
471 713 602 752 πάντα
621 710 728 765 παρὰ
750 713 819 752 τοῦ
835 710 1051 765 Εὐβούλου
1072 709 1344 765 λαμβάνωμεν.
1433 716 1470 754 2
1501 710 1637 752 ἄλλοτε
1656 715 1759 761 λεῖος

207 767 306 823 VL]
345 766 440 808 ἄλλο
469 784 525 808 τει
554 769 658 817 δεῖος
689 772 738 810 A.
827 771 865 809 5.
898 769 937 808 τί
964 767 1062 823 ἔστι]
1095 769 1151 817 τίς
1183 767 1261 808 ἐστι
1293 771 1340 808 Α.
1431 771 1469 808 6.
1499 767 1549 808 σὺ
1578 767 1622 808 δὲ
1651 771 1702 809 A.

206 829 243 866 9.
275 826 314 864 τί
340 825 494 877 βούλει;
526 825 763 878 πνευμάτων
795 825 982 878 casaub]
1015 841 1051 864 τι
1082 819 1450 878 βουλεπινευμάτων
1480 828 1528 864 Α.
1596 828 1662 866 10.
1693 840 1757 877 μι-

205 879 416 934 κρόστομος
450 883 618 922 Casaub.
649 880 905 934 πικρὸστομος
936 883 1055 921 Mein.
1143 880 1438 952 ἀμφικέφαλλος
1468 883 1619 932 Dindf„
1650 884 1752 922 conl.

209 941 328 979 Arist.
355 941 429 990 Eq.
452 939 553 991 418]
584 936 929 990 άμφικέφαλοςΑ.
993 940 1058 978 13.
1088 952 1140 978 an
1169 937 1230 977 τώ’
1236 935 1490 985 ’ἐκεῖνοςῗ
1551 939 1617 978 14.
1638 953 1755 977 κατα-

209 992 322 1046 γνύει
352 996 515 1035 Porson.
547 997 684 1047 Eurip.
717 998 820 1035 Med
854 994 955 1047 743]
988 979 1231 1046 κατάγνυσιν
1261 997 1308 1034 Α.
1399 998 1462 1034 15.
1494 990 1534 1033 δ’
1557 992 1636 1033 εστ’
1660 995 1758 1034 Glo-

210 1053 290 1092 tius
319 1054 502 1102 Excerpt.
538 1051 637 1105 655]
676 1051 720 1091 δὲ
750 1054 798 1094 A.
899 1054 963 1091 16.
994 1065 1121 1090 κεντει
1149 1065 1254 1090 κατω
1283 1053 1334 1089 θε
1366 1065 1444 1097 τοις
1478 1053 1524 1090 Α.
1619 1049 1758 1090 δάκνει

207 1107 258 1160 C]
300 1105 461 1147 δάκνων
490 1110 540 1150 Α.
632 1111 696 1151 17.
734 1106 778 1156 ὃς
810 1107 859 1160 O]
889 1105 1010 1155 ὦςΑ
1015 1139 1023 1147 .
1113 1110 1176 1148 18.
1215 1113 1371 1155 κοῦφον
1400 1109 1440 1147 O.
1478 1107 1629 1157 κοῦφος
1660 1107 1758 1147 Gro-

208 1167 299 1204 tius.
387 1162 542 1203 πέτεται
562 1167 692 1205 nescio
715 1162 822 1218 quis]
845 1162 1003 1203 πέταται
1027 1166 1077 1203 A.
1167 1166 1233 1203 24.
1255 1162 1400 1214 διαπρό
1419 1164 1590 1204 Lobeck.
1607 1165 1755 1215 Phryn.

209 1220 308 1273 614]
343 1219 561 1273 διάτρωτον
581 1223 630 1260 Α.
721 1224 785 1263 25
815 1220 945 1260 τίκτον
966 1235 1027 1271 ep.
1045 1221 1212 1260 Hoesch.
1244 1223 1284 1260 et
1313 1218 1396 1274 (‘ni
1427 1221 1566 1259 fallor’
1597 1221 1734 1260 Dindf.
1739 1219 1756 1274 )

209 1275 260 1331 C]
293 1277 437 1317 τίκτειν
466 1279 514 1317 Α.
546 1277 665 1317 τίκτει
697 1276 935 1329 Schweigh?
996 1279 1062 1316 26.
1093 1275 1183 1328 βίον
1203 1277 1252 1316 A.
1343 1279 1409 1315 27.
1440 1290 1537 1315 αυτο
1567 1279 1607 1315 et
1633 1290 1758 1315 αυτον

204 1337 254 1372 A.
314 1333 356 1372 οἱ
382 1331 425 1372 δὲ
455 1336 683 1373 πλανωνται
712 1331 831 1379 αύτος
862 1331 1023 1380 ἕκαστος
1054 1331 1153 1383 ἔχων
1182 1330 1320 1383 αὐτόν,
1350 1331 1481 1387 κόλπῳ
1510 1330 1552 1371 ὁὲ
1572 1331 1758 1382 φυλάττει
1795 1380 1799 1381 ⁷

207 1391 414 1440 Empeiius
453 1391 555 1430 Mus.
585 1393 707 1433 Rhen.
740 1392 760 1430 Ι
789 1392 885 1430 459.
935 1394 1108 1430 ceterum
1138 1391 1357 1429 necessario
1387 1391 1456 1428 aut
1486 1387 1758 1439 φυλάσσειν

203 1450 272 1485 aut
301 1444 518 1497 φυλάσσει,
549 1451 590 1486 et
620 1449 653 1487 si
682 1448 782 1486 illud
811 1460 950 1487 verum
980 1449 1056 1494 est,
1097 1447 1265 1486 fortasse
1296 1443 1500 1497 κέλομαι
1529 1459 1600 1496 pro
1629 1443 1756 1484 καλέω

202 1504 462 1542 scribendum.

315 1561 511 1610 ‘primum
550 1561 736 1610 aenigma
773 1561 877 1610 quod
909 1559 1023 1598 Cario
1062 1572 1198 1599 servus
1237 1560 1427 1609 proponit
1464 1559 1512 1597 ad
1544 1558 1758 1598 Callistrati

203 1613 466 1670 (Theopomp.
490 1618 556 1656 30.
591 1618 755 1667 Antiph
779 1613 878 1670 300)
910 1616 1190 1655 contumeliam
1219 1618 1388 1665 spectat,
1420 1616 1591 1654 hominis
1621 1616 1663 1654 in
1691 1628 1750 1653 re-

201 1673 362 1741 publica
391 1673 705 1712 administranda
735 1674 897 1722 strenui,
929 1673 997 1712 sed
1026 1672 1298 1722 voluptatibus
1329 1671 1485 1710 dediti?
1517 1671 1634 1710 Mein.
1686 1667 1750 1720 ὁμ.

199 1727 291 1780 ὅίρρ.
323 1731 384 1778 θ.,
425 1731 516 1779 quia-
553 1730 681 1779 podex
710 1731 828 1768 maris
858 1730 1105 1778 feminaeque
1135 1729 1240 1767 idem
1269 1740 1414 1767 nomen
1442 1728 1573 1767 habet.
1634 1727 1753 1777 ‘quae

205 1786 255 1824 ad
277 1785 547 1825 Callistratum
578 1787 772 1825 translata
804 1786 900 1835 quid
922 1785 1146 1835 significent
1165 1785 1269 1823 haud
1291 1785 1499 1823 obscurum
1520 1785 1611 1823 est.'
1633 1785 1754 1824 Mein.

202 1843 236 1880 3>
270 1843 423 1881 confert
452 1843 654 1881 Iacobsius
684 1844 820 1892 Eurip.
842 1842 991 1881 Phoen.
1016 1842 1123 1879 1508
1146 1837 1293 1893 (1512)
1327 1835 1565 1887 δυσξύνετον
1596 1838 1754 1887 ξυνετὸς

198 1896 311 1948 μέλος
343 1895 443 1948 ἔγνω
466 1897 654 1950 Σφιγγός.
694 1897 817 1948 νόμον
848 1896 890 1936 ἐκ
921 1896 1058 1948 νόμου,
1090 1897 1253 1935 modum
1283 1910 1330 1935 ex
1360 1897 1489 1944 modo,
1521 1899 1678 1935 cantum
1708 1910 1755 1936 ex

198 1957 339 2004 cantu,
372 1956 455 1993 eine
484 1956 649 1995 Melodie
678 1956 779 1995 nach
809 1954 876 1994 der
904 1955 1087 1994 anderen.
1176 1954 1216 1991 4.
1244 1951 1292 1991 ἓν
1320 1950 1386 1990 καὶ
1415 1950 1538 1991 πολλά
1568 1953 1751 1991 callidum

199 2011 416 2050 Callistrati
445 2012 651 2061 ingenium
684 2012 906 2061 designant.
1004 2011 1043 2048 5.
1074 2011 1180 2049 inter
1210 2009 1307 2048 duas
1337 2009 1664 2060 interrogationes
1695 2010 1752 2048 in·

200 2068 412 2116 tercapedo
454 2068 631 2106 facienda
667 2071 748 2115 est,
788 2067 882 2104 dum
918 2067 951 2105 is
981 2067 1050 2115 qui
1079 2066 1298 2115 interrogat
1328 2066 1490 2103 alterius
1519 2077 1752 2114 responsum

202 2125 419 2173 exspectat.
480 2127 572 2173 post
601 2138 639 2164 v.
663 2126 702 2162 9.
728 2126 793 2161 11.
819 2125 880 2163 16.
906 2125 970 2161 18.
993 2123 1045 2159 22
1076 2122 1267 2161 nonnulla
1296 2122 1344 2159 ab
1377 2121 1580 2159 Athenaeo
1611 2122 1754 2160 omissa

197 2193 280 2219 esse
320 2180 496 2229 adparet.
623 2182 687 2219 10.
734 2179 936 2218 Archestr.
975 2178 1120 2218 Athen,
1158 2179 1203 2228 4,
1236 2179 1314 2216 163
1335 2178 1374 2215 d.
1434 2179 1478 2225 7,
1503 2177 1622 2216 310e
1668 2174 1754 2215 ὅσοι

197 2234 648 2286 κεπφαττελεβώδη
669 2233 808 2285 ψυχὴν
822 2233 1029 2284 κέκτηνται
1044 2236 1209 2284 θνητῶν
1229 2233 1358 2272 εἰσίν
1379 2229 1413 2270 τ’
1433 2229 1752 2283 ἀπόπληκτοι.

202 2293 444 2331 locustarum
485 2295 525 2331 et
555 2293 825 2331 ichneumonis
856 2291 990 2331 oculos
1019 2303 1091 2341 pro
1122 2291 1276 2329 ratione
1305 2290 1445 2340 capitis
1474 2302 1639 2340 magnos
1668 2303 1752 2330 esse

198 2349 363 2387 Buffone
393 2351 552 2387 auctore
582 2352 719 2388 monet
750 2348 1109 2398 Schweighaeuser.
1153 2343 1207 2397 μὴ
1238 2344 1455 2396 πρόστομος
1476 2346 1590 2385 reicit
1610 2345 1750 2385 Casan-

198 2405 338 2452 bonus,
370 2405 475 2454 quod
506 2418 549 2444 os
580 2406 645 2444 vel
674 2406 845 2443 rostrum
877 2404 1146 2443 ichneumonis
1177 2403 1231 2442 sit
1250 2403 1536 2441 acutissimum.
1576 2405 1751 2441 ceterum

199 2474 244 2500 ex
274 2474 310 2501 v.
335 2461 385 2498 15
417 2461 532 2499 facile
563 2462 814 2511 cognoscitur
842 2461 906 2499 hic
936 2473 1091 2510 quoque
1121 2459 1371 2498 scribendum
1402 2471 1486 2497 esse
1514 2454 1750 2508 ἀμφίστο-

196 2531 294 2567 μος.
345 2517 575 2567 ‘bicipitem
605 2517 904 2556 ichneumonem
935 2516 1051 2563 dicit,
1082 2516 1187 2565 quod
1216 2515 1339 2554 cauda
1369 2515 1451 2554 eius
1482 2515 1653 2564 speciem
1683 2515 1751 2552 ali-

196 2587 314 2623 quam
352 2574 492 2622 capitis
531 2587 624 2623 prae
656 2587 696 2612 se
727 2573 836 2612 fert.'
869 2573 988 2611 Mein.
1037 2572 1088 2611 cf.
1120 2574 1254 2610 tamen
1282 2570 1439 2609 Brehm.
1473 2570 1706 2610 Thierleben
1730 2570 1750 2608 I

197 2631 279 2668 474
298 2642 359 2679 sq.
370 2659 381 2680 ,
413 2630 480 2679 qui
511 2630 704 2679 plurimas
735 2630 783 2668 de
812 2641 858 2667 eo
888 2629 1136 2667 narrationes
1166 2627 1319 2666 fabulas
1350 2639 1434 2666 esse
1465 2626 1593 2666 docet.
1683 2629 1746 2665 14.

199 2687 450 2735 θηριοῦσθαι
481 2686 600 2724 simili
630 2685 916 2736 significatione
946 2688 1064 2734 atque
1094 2680 1357 2735 ἀνδροῦσθαι.
1467 2683 1530 2721 15.
1562 2695 1632 2722 cur
1660 2695 1747 2722 ewm

197 2743 325 2780 dicam
353 2737 616 2791 ἆμφίστομον,
655 2744 752 2781 scire
790 2742 924 2789 cupis?
993 2742 1056 2781 18
1091 2741 1191 2779 bene
1222 2739 1443 2778 Meinekius
1473 2739 1624 2777 confert
1642 2738 1746 2779 Plat.

200 2798 361 2847 Protag.
395 2799 509 2836 338a
545 2796 710 2849 φεύγειν
739 2797 792 2843 εἰς
823 2795 864 2835 τὸ
893 2793 1060 2847 πέλαγος
1090 2801 1169 2834 τῶν
1198 2791 1324 2846 λόγων
1353 2790 1643 2843 ἀποκρύψαντα
1671 2799 1749 2845 γῆν

199 2857 238 2892 et
266 2853 384 2904 Verg.
417 2854 518 2893 Aen.
552 2856 589 2904 3,
603 2855 681 2894 291
709 2855 891 2903 protimus
919 2855 1048 2892 aerias
1075 2853 1300 2892 Phaeacum
1329 2853 1600 2891 abscondimus
1628 2862 1746 2890 arces.
