1864 3204
531 227 830 262 'mmmmm
854 245 898 252 -
921 226 1173 262 'romz'rnn
1538 223 1621 267 381

172 332 399 372 Athenaeus
430 332 468 382 6,
491 331 609 371 2411>
630 328 804 380 Ἄλεξις.
823 361 832 371 .
851 328 917 371 ,ἐν
948 332 1076 385 Τίτθῃ
1105 332 1187 370 κτλ.
1251 331 1286 369 1.
1317 327 1450 382 γέλοια
1470 328 1521 368 A.
1582 328 1620 368 2.

9 409 11 412 v
57 382 216 440 βούλετ’
240 381 342 427 εἶναι
373 384 619 442 Schweigh.]
650 382 752 427 εἶναι
780 383 963 441 βούλεται
991 388 1042 428 A.
1075 409 1126 416 —
1159 391 1262 426 νοῦν
1280 380 1318 439 γ’
1341 384 1443 437 ἔχων
1463 387 1504 425 et
1523 398 1622 442 quae

57 447 284 496 sequuntm·
312 445 514 485 Iacobsius
544 444 648 485 Add.
680 445 775 485 Ath.
811 446 890 484 148
930 445 1047 484 alteri
1084 456 1275 495 personae
1307 443 1470 493 tribuit,
1516 442 1623 493 quod

56 514 295 552 quamquam
326 515 406 542 non
435 502 714 551 necessarium,
746 502 953 552 probabile
981 504 1118 541 tamen
1148 503 1220 540 est.
1262 501 1309 540 de
1333 499 1481 550 Corydo
1501 499 1622 538 Athe-

56 571 178 598 naeus
215 561 347 599 totum
386 559 488 598 illud
523 562 644 609 caput
680 559 854 609 scripsit.
913 559 1130 607 Blepaeum
1159 554 1228 596 τὸν
1257 555 1490 607 τραπεζίτην
1517 557 1625 596 inter

56 614 236 655 homines
267 615 528 656 divitissimos
558 618 842 655 commemorat
870 615 1160 655 Demosthenes
1193 615 1260 662 21,
1283 615 1380 653 215.
1414 614 1466 653 cf.
1487 614 1621 664 40,52

57 667 234 725 (Mein.).
792 726 876 769 228

328 802 415 860 ἥδη
445 802 531 860 γὰρ
562 802 586 847 ὁ
613 806 713 860 βίος
742 802 883 861 οὑμὸς
913 803 1108 860 ἑσπέραν
1138 803 1253 860 ἄγει.

171 887 367 927 Stobaeus
396 888 536 927 motu.
569 890 664 939 116,
689 874 740 927 1'9
766 883 963 936 Ἀλέξιδος
998 886 1148 939 mem
1177 888 1214 927 A
1243 883 1416 942 (τιθῇς).

326 1055 603 1110 βαυβαλίσαι
790 998 877 1041 229

168 1132 259 1176 ἀντὶ
288 1141 359 1176 τοῦ
387 1136 641 1190 βαυκαλίσαι,
676 1135 830 1186 ’Ἀλεξις
864 1140 1043 1185 Τιτθαῖς.
1075 1138 1246 1178 Bekker.
1277 1138 1428 1178 Anecd.
1461 1137 1529 1187 85,
1555 1139 1621 1178 14.

55 1192 270 1247 βαβαλίσαι
298 1194 382 1234 cod.
413 1217 467 1224 —
498 1195 550 1235 cf.
580 1194 730 1235 Cratin.
762 1196 859 1235 312.

428 1317 681 1353 ΤΟΚῙΣΤΗΣ
704 1319 741 1352 Η
766 1318 1248 1354 ΚΑΤΑΨΕΤΔΟΜΕΝΟΣ

170 1398 233 1439 Cf.
264 1412 366 1450 quae
396 1399 445 1439 ad
465 1399 684 1440 Nicostrati
710 1395 908 1451 Τοκιστήν
927 1401 1219 1440 adnotavimus.
1252 1398 1621 1452 Καταψευδόμενον

56 1456 304 1506 scripserunt
333 1457 453 1495 etiam
483 1456 682 1506 Philemo,
714 1454 952 1506 Menander,
985 1458 1206 1510 Sosipater,
1235 1458 1457 1498 Fallaciwm
1488 1457 1620 1498 Caeci-

57 1512 134 1552 lius
166 1512 331 1553 Statius.
382 1513 429 1553 0.
452 1514 644 1554 Ribbeck.
675 1514 783 1554 Com.
814 1515 929 1554 Rom.
960 1512 1030 1556 fr.²
1059 1516 1128 1554 42.

797 1613 884 1656 230

627 1696 682 1735 A.
714 1686 773 1748 μὴ
803 1694 1034 1742 παντελῶς
1063 1689 1184 1749 αὐτῷ
1216 1692 1347 1736 δίδου

227 1756 390 1814 ὑδαρῆ.
442 1766 693 1811 κατανοεῑς;
746 1763 848 1803 ἴσον
878 1764 962 1818 ἴσῳ
990 1763 1169 1816 μικροῦ.
1222 1762 1384 1812 καλῶς.

227 1829 278 1870 Β.
307 1824 399 1882 ἡδύ
427 1842 479 1881 γε
507 1827 558 1870 τὸ
588 1830 733 1884 πῶμα.
782 1828 985 1879 ποδαπὸς
1014 1826 1038 1871 ὁ
1066 1827 1284 1884 Βρόμιος,
1321 1828 1501 1885 Τρύφη;

234 1897 316 1937 ΤΡ.
353 1894 530 1946 Θάσιος.
579 1898 631 1939 Β.
663 1894 835 1952 ὅμοιον.
885 1895 962 1940 καὶ
991 1898 1170 1939 δίκαιον
1198 1895 1305 1947 τούς
1335 1898 1491 1949 ξένους

178 1973 199 2004 5
229 1964 378 2006 πίνειν
409 1962 603 2019 ξενικόν,
633 1962 741 2015 τούς
769 1962 811 2006 δ’
837 1964 1033 2020 ἐγγενεῖς
1064 1965 1318 2021 ἐπιχώριον.

171 2057 399 2097 Athenaeus
432 2060 505 2107 10,
533 2059 649 2098 431a
679 2055 833 2108 ’Ἀλεξις
874 2060 1042 2114 Τοκιστῇ
1085 2055 1114 2110 ἢ
1145 2057 1495 2114 Καταψευδομένῳ
1539 2063 1620 2101 κτλ.

58 2114 97 2152 2.
128 2109 286 2166 ὖδαρην
306 2115 355 2163 Α,
386 2117 432 2153 ut
453 2116 548 2154 226.
629 2117 667 2155 3.
697 2112 878 2163 ποδαπὸς
910 2113 1070 2170 Dindf.]
1101 2114 1280 2164 ποταπὸς
1312 2118 1361 2157 Α.
1395 2119 1445 2157 cf.
1470 2118 1621 2169 Phryn.

57 2170 142 2210 Ecl.
165 2172 219 2211 56
249 2173 291 2210 et
319 2172 375 2211 ibi
404 2171 579 2212 Lobeck.
661 2169 802 2224 Τρύφη
831 2174 880 2221 A,
913 2186 994 2213 non
1025 2175 1169 2227 τρυφῇ.
1219 2186 1407 2224 personas
1437 2175 1623 2214 distinxit

58 2227 205 2277 partim
243 2227 493 2278 Dindorfius,
538 2229 686 2279 partim
723 2230 944 2269 Dobraeus.
1032 2232 1070 2269 4.
1110 2228 1249 2281 ὅμοιον
1279 2232 1500 2271 Meinekius
1531 2246 1619 2271 cum

57 2283 242 2324 Dobraeo
273 2285 561 2334 interpretatur
586 2286 793 2336 yleichviel,
824 2287 991 2333 einerlei,
1022 2287 1127 2326 conl.
1159 2287 1301 2327 Aesch.
1324 2288 1404 2339 Ag.
1430 2290 1537 2328 1403
1570 2287 1620 2327 σὺ

58 2336 99 2379 δ’
122 2339 250 2380 αἰνεῖν
281 2338 359 2379 εἴτε
387 2354 435 2391 με
464 2338 607 2392 ψέγειν
637 2339 787 2392 θέλεις,
818 2338 971 2392 ὅμοιον.
1008 2343 1078 2382 sed
1107 2356 1236 2394 neque
1268 2344 1435 2394 perinde
1465 2349 1526 2384 est
1554 2346 1621 2384 ho·

58 2397 152 2447 spiti
184 2397 299 2447 quale
324 2397 461 2436 vinum
491 2398 604 2437 bibat
632 2394 703 2452 (cf.
723 2402 762 2439 3.
779 2399 840 2452 4),
870 2412 997 2449 neque
1016 2393 1153 2450 ὅμοιον
1177 2413 1264 2440 eam
1286 2401 1619 2452 significationem

58 2453 203 2492 habere
234 2456 367 2504 potest
395 2455 473 2494 nisi
504 2455 677 2506 adiecta,
722 2460 769 2494 ut
798 2455 845 2494 fit
873 2456 977 2507 apud
1007 2456 1272 2507 Aeschylum,
1312 2459 1511 2497 sententia
1542 2458 1620 2497 dis-

59 2510 251 2549 iunctiva.
301 2510 554 2550 scribendum
585 2514 645 2550 est
674 2513 812 2562 utique
842 2508 868 2550 ὅ
879 2526 933 2550 να
945 2525 1000 2553 ιο.
1039 2513 1088 2556 cf,
1119 2513 1238 2563 Soph.
1263 2512 1343 2553 OC.
1371 2515 1494 2553 1042.
1525 2515 1621 2553 Eur.

60 2565 128 2606 Or.
165 2567 285 2608 1677.
334 2566 422 2617 Iph.
453 2566 547 2606 Aul.
581 2568 709 2616 1008,
751 2570 793 2607 et
821 2581 983 2619 prorsus
1022 2571 1069 2609 ut
1097 2570 1161 2609 hic
1191 2570 1333 2609 Helen.
1366 2571 1462 2610 646.
1497 2571 1619 2610 1418.

58 2622 110 2662 cf.
141 2623 260 2662 etiam
292 2623 421 2663 Arist.
452 2623 560 2665 Plut.
594 2625 702 2664 1062
741 2627 782 2663 et
817 2625 866 2664 de
903 2625 1196 2677 significatione
1235 2627 1407 2666 nominis
1447 2625 1622 2678 Βρομίου

59 2679 216 2721 Alexid.
246 2679 295 2721 fr.
326 2680 422 2719 276.

655 2810 883 2869 εὐδαίμων
915 2813 1027 2869 ἐγώ,
1058 2811 1118 2868 μὰ
1148 2813 1228 2858 τὸν
1259 2815 1348 2856 Δία

331 2877 414 2923 τὸν
438 2876 682 2935 Ὀλύμπιον
712 2881 786 2923 καὶ
815 2879 899 2936 τὴν
926 2880 1124 2936 Ἀθηνᾶν
1153 2879 1237 2937 οὐχ
1268 2879 1335 2924 ὅτι
