1864 3204
0 0 247 180 ΓἻΨ

76 48 131 65 ,ἵνα
223 37 243 51 ““

0 295 24 347 ἰ,«

673 230 926 273 naamon
950 233 1133 270 Armuz-
1599 233 1692 288 297

895 336 915 378 l

241 414 287 465 ἐς
317 415 530 469 κόρακας·
561 412 653 470 ἥξω
684 414 838 470 φέρων
869 430 914 458 τε
945 415 1084 471 δεῦρο
1102 416 1195 459 Ατὸν
1226 412 1442 472 Πάρνηθ’
1466 413 1587 458 ὅλον.

243 509 469 560 Stephanus
500 509 665 560 Byzant.
707 507 894 560 Πάρνης·
933 502 976 547 τὸ
1017 505 1110 562 ὅρος
1142 508 1210 559 τῆς
1237 508 1431 561 Ἀττικῆς.
1483 509 1597 548 τοῦτο
1627 507 1693 548 καὶ

125 563 345 618 ἀρσενικῶς
375 562 539 617 λέγεται.
589 561 767 617 ἐνφανὴς
800 566 876 616 (sic
905 566 1000 618 RV)
1030 563 1075 605 ἐν
1102 565 1299 620 πυραύνῳ
1327 568 1408 606 κτλ.
1451 563 1693 616 Ἀντιφάνης

128 624 262 674 Mein„
293 621 441 674 ’Ἄμφις
471 623 733 673 Fritzschius3
766 623 836 662 sed
867 626 974 663 tecte
1005 624 1225 663 Koehlerus
1256 620 1469 674 Εὐφάνης.
1559 621 1619 677 τε]
1650 637 1694 675 γε

127 681 247 720 Mein.
366 678 572 731 Πάρνηθα
609 679 714 730 APr,
754 677 978 731 Πάρνηθος
1017 680 1110 720 RV.
1165 678 1233 719 τὸν
1264 677 1458 733 Πάρνηθ’
1488 677 1584 719 ὅλον
1614 694 1695 720 ma-

125 750 249 788 gnum
280 737 482 787 lignorum
513 749 694 776 acervum
726 736 836 776 dicit.
876 738 925 776 cf.
957 738 1080 777 Arist.
1104 737 1200 777 Aah.
1224 739 1319 788 347,
1351 738 1420 777 ubi
1450 751 1539 778 cum
1571 738 1692 777 Bent-

126 794 206 834 leio
237 794 487 834 scribendum
520 788 764 844 Παρνήθιοι.
800 794 988 845 θηλυκῶς
1018 790 1044 844 ἡ
1079 789 1248 845 Πάρνης
1280 795 1525 837 Ατίεὓ.Νιιὶ).
1543 796 1623 834 323
1642 795 1692 834 al.

782 964 1041 971 ———

712 1099 758 1149 A
784 1099 837 1149 A
861 1101 905 1150 E
936 1099 975 1154 Ξ
1002 1101 1027 1149 Ι
1051 1101 1094 1149 Σ

258 1204 430 1244 Meinek.
462 1204 480 1242 I
512 1204 593 1243 374
612 1217 669 1255 sq.
720 1204 918 1256 Droysen.
950 1205 1188 1246 Hellenism.
1219 1205 1258 1243 II
1291 1205 1373 1244 242
1404 1218 1444 1245 n.
1470 1206 1564 1244 165.

782 1328 1041 1363 ΑΓΚΤΔΙΩΝ

243 1409 431 1449 Fortasse
462 1409 523 1449 01.
561 1411 638 1450 106
677 1411 837 1460 scripta.
889 1411 940 1450 of.
979 1410 1101 1450 Mein.
1131 1411 1151 1450 I
1181 1412 1276 1451 359.
1307 1412 1386 1451 381
1427 1413 1468 1450 et
1505 1423 1605 1461 quae
1643 1411 1695 1450 ad

131 1466 280 1505 Eubuli
310 1466 568 1516 Ancylc'onem
596 1466 887 1507 adnotavimus.

902 1580 922 1619 l

350 1656 492 1711 λέγεις
521 1656 625 1712 περὶ
654 1648 721 1698 ὦν
751 1654 835 1699 οὐκ
865 1653 1024 1700 οἶσθα·
1058 1660 1287 1712 συγγενοῦ
1318 1656 1489 1713 τρέχων

350 1724 586 1779 Πλάτωνι,
619 1724 693 1766 καὶ
723 1724 889 1779 γνώσει
920 1727 1076 1780 λίτρον
1107 1724 1181 1768 καὶ
1213 1725 1460 1781 κρόμμυον.

245 1818 445 1869 Diogenes
475 1819 610 1858 Laert.
644 1820 683 1867 3,
707 1819 759 1857 27
791 1816 940 1867 ’Ἀλεξις
959 1851 967 1859 .
990 1851 998 1859 .
1017 1851 1025 1859 .
1045 1817 1090 1858 ἐν
1115 1815 1352 1871 Ἀγκυλίωνι
1382 1821 1463 1859 κτλ.
1552 1830 1694 1871 συγγε-

134 1880 206 1913 νοῦ
238 1874 378 1914 Cobet.
411 1875 461 1913 N.
494 1875 520 1914 l.
553 1872 654 1928 284]
685 1880 900 1927 συγγενῶς.
939 1877 989 1916 cf.
1023 1877 1126 1916 Plat.
1149 1889 1248 1917 com.
1276 1878 1355 1916 128
1386 1890 1476 1916 cum
1506 1878 1563 1916 eis
1593 1889 1694 1927 quae

133 1932 424 1971 adnotavimus.
526 1930 658 1983 λίτρον
698 1930 764 1970 καὶ
801 1929 1008 1984 κρόμμυον
1045 1934 1184 1972 eodem
1221 1934 1307 1973 ioco
1345 1946 1423 1984 quo
1463 1934 1635 1985 Epicrat.
1669 1934 1693 1973 9

131 1988 310 2027 Platonis
340 1988 526 2039 discipuli
555 2002 656 2040 quae
687 1989 740 2028 sit
770 1991 998 2030 cucurbitae
1027 1994 1173 2030 natura.
1202 1992 1412 2041 quaerunt.

659 2112 842 2147 ΑΓΩΝΙΣ
865 2113 901 2147 H
923 2108 1174 2148 ΪΠΠῙΣΚΟΣ

246 2192 414 2232 Circiter
451 2192 514 2234 01.
550 2194 628 2233 109
674 2197 802 2234 actam
849 2207 933 2235 esse
977 2208 1068 2234 cum
1114 2195 1302 2235 Clintono
1332 2195 1441 2235 Fast.
1474 2195 1580 2235 Heu.
1616 2196 1694 2235 127

134 2249 356 2288 Meinekius
387 2250 528 2288 statuit
557 2250 576 2288 I
607 2252 700 2291 386.
724 2253 760 2293 7.
803 2275 853 2281 -—
895 2251 1009 2291 Suid.
1037 2247 1222 2303 Ἀγοονίς·
1252 2249 1379 2303 ὄνομα
1411 2249 1581 2303 ἑταίρας.
1633 2251 1695 2291 Ci-

134 2318 222 2344 cero
253 2305 431 2346 Divinat.
462 2307 510 2345 in·
536 2307 580 2354 Q.
614 2307 728 2348 Caec.
762 2310 827 2356 17,
850 2309 903 2347 55
934 2307 1086 2359 Ayonis
1115 2310 1308 2358 quaedam
1337 2313 1391 2349 cst
1419 2310 1694 2360 Lilybaetana,

133 2363 269 2402 liberta
306 2361 463 2403 Veneris
491 2363 699 2414 Erycinae.
751 2365 800 2404 de
830 2363 1003 2418 ἱππίσιιῳ
1034 2365 1084 2404 of.
1116 2365 1271 2405 Cratin.
1303 2366 1399 2405 min.
1432 2368 1470 2408 5.
1599 2383 1603 2387 ·

948 2551 1163 2609 ἀπήντων
1191 2556 1252 2611 τῷ
1283 2553 1409 2611 ξένῳ,

366 2619 429 2669 εἰς
458 2617 541 2674 τήν
571 2620 821 2663 κατάλυσιν
850 2632 1020 2677 ησονην
1051 2624 1200 2664 αἴθων
1230 2619 1365 2677 ἀνήρ·

365 2693 457 2736 τοῖς
485 2688 616 2730 παισί
643 2686 683 2729 τ’
707 2684 830 2741 εἶπα,
863 2689 948 2732 δύο
977 2689 1063 2744 γὰρ
1093 2682 1207 2744 ἦγον
1237 2693 1440 2744 οἴκοθεν,

366 2752 626 2809 τάκπώματ’
650 2755 714 2805 εἰς
743 2752 793 2798 τὸ
823 2756 1026 2812 φανερὸν
1059 2755 1414 2812 ἐκνενιτρωμένα

317 2833 337 2863 5
368 2826 532 2865 θεῖναι.
583 2821 756 2872 κύαθος
785 2821 828 2865 δ’
848 2817 907 2879 ἦν
937 2823 1188 2879 ἀργυροῦς,
1220 2822 1491 2880 τάκποῶματα

369 2884 479 2947 ἦγεν
509 2890 593 2933 δύο
623 2890 843 2947 δραχμάς,
875 2894 1068 2949 κυμβίον
1099 2892 1148 2935 δὲ
1179 2893 1390 2948 τέτταρας
1437 2896 1440 2900 ’
