1864 3204
646 188 822 222 0M0101
872 188 1180 222 ΠΕΛΤΑΣΤΗΣ
1610 185 1693 228 261

244 295 473 335 Athenaeus
496 296 532 344 7,
553 294 701 334 289ab
732 291 1054 345 Μενεκράτης
1086 288 1107 330 6
1131 289 1404 360 Συρακόσιος,
1436 286 1458 328 6
1490 288 1591 336 Ζεύς
1613 304 1693 329 επι-

128 349 399 403 καλούμενος.
448 347 528 398 ,ὡς
567 345 689 402 μόνος
722 349 848 396 αἴτιος
887 350 956 389 τοῦ
993 351 1065 401 ζῆν
1104 351 1186 396 τοῖς
1221 343 1459 418 ἀνθρώποις
1488 343 1694 414 γινόμενος

127 406 195 448 διὰ
227 413 296 460 τῆς
327 404 452 447 αὑτοῦ
484 408 677 459 ἰατρικῆς.
729 399 818 454 τούς
849 411 949 459 γοῦν
979 403 1329 458 θεραπευομένους
1360 401 1433 444 ὑπ’
1467 400 1592 443 αὐτοῦ
1619 435 1627 444 .
1647 435 1656 444 .
1676 435 1685 444 .

126 464 434 532 συγγράφεσθαι
455 460 719 516 ηνάγκαζεν”
697 478 756 502 οτι
778 460 1079 503 ὑπακούσονται
1100 459 1211 503 αὖτω
1232 462 1367 502 δοῦλοι
1388 459 1693 512 περισωθέντες.

55 519 60 525 ’
124 520 192 563 καὶ
223 518 479 572 ἠκολούθουν
509 517 529 559 6
562 518 636 572 μέν
676 535 733 568 τις
759 517 1000 590 τΗρακλέους
1041 518 1191 572 σκευὴν
1221 518 1323 571 ἔχων
1351 518 1419 559 καὶ
1449 515 1694 569 καλούμενος

119 575 343 645 Ἡρακλης·
375 575 726 629 Νικόστρατος
756 574 798 616 δ’
833 577 887 627 ἠν
917 571 1035 624 οὗτος
1066 574 1087 616 6
1115 573 1345 630 Ἀργεῖος..
1365 573 1631 627 ,μνημονεύει
1651 571 1692 614 δ’

124 631 260 676 αὐτῶν
278 635 485 700 ’Έφιππος
516 632 560 674 ἐν
591 633 797 688 Πελταστῇ
827 631 951 686 λέγων
971 628 1050 674 ωδε
1070 636 1151 673 κτλ.
1243 636 1279 672 1.
1313 607 1416 680 Ζεὺς
1449 631 1692 685 Schweigh]

123 689 145 732 6
177 695 225 733 A.
271 686 292 732 6
321 696 435 733 θεῶν
472 687 568 738 θεός
607 692 726 731 Mein.
780 689 882 738 Ζεὺς
922 688 1011 738 νέος
1049 691 1179 731 deleto
1216 687 1289 742 μὲν
1328 690 1532 730 Herwerd.
1577 690 1694 729 Stud.

124 752 211 792 crit.
243 752 282 792 5.
372 752 412 790 2.
442 746 600 801 ἆργεῖος
631 748 788 800 Dindf.]
822 745 843 788 6
872 743 1029 800 ἆργεΐος
1059 749 1109 788 Α.

239 808 437 847 Plutarch.
458 806 578 858 Ages.
604 807 653 844 21
690 804 1021 857 Μενεκράτης
1043 800 1149 852 Ζεὺς
1175 805 1349 873 βασιλεῖ
1356 800 1577 858 Ἀγησιλάῳ
1607 801 1694 854 χαί-

123 877 230 917 ρειν·
269 860 495 917 ἀντέγραψε
533 860 732 909 Βασιλεὺς
766 859 997 915 Ἀγησίλαος
1036 857 1289 914 Μενεκράτει
1327 857 1539 930 ὑγιαίνειν.
1587 861 1696 899 idem

126 923 175 961 de
205 922 393 972 Philippo
424 921 562 961 narrat
590 919 737 959 Athen.
771 922 810 968 7,
834 920 963 959 289d.
1018 920 1183 960 Diodor.
1216 921 1288 970 16,
1310 919 1366 958 44
1393 914 1559 970 Ἀργεῖοι
1590 914 1696 971 (regi

129 979 343 1019 Persarum
374 982 514 1018 contra
544 977 769 1028 Aegyptios
799 950 863 1018 '01.
899 978 999 1027 107,
1023 976 1065 1028 2)
1097 975 1333 1045 τρισχιλίους
1364 972 1603 1041 στρατιώτας
1636 971 1692 1022 ἐξ·

123 1033 333 1086 ἔπεμψαν,
365 1031 585 1100 στρατηγὸν
605 1030 675 1074 66.
723 1038 826 1074 ,τοῦ
853 1031 1048 1098 βασιλέως
1069 1029 1157 1071 κατ’
1163 1030 1316 1091 ὄνομα
1347 1028 1695 1097 Νικόστρατον

122 1090 389 1144 αἰτησαμένου
420 1087 715 1142 συνεχώρησαν.
764 1106 819 1142 ην
847 1088 922 1143 γὰρ
952 1086 973 1130 6
1003 1082 1106 1142 ἀνὴρ
1128 1084 1245 1137 οὗτος
1266 1083 1422 1143 ἀγαθὸς
1453 1086 1521 1127 καὶ
1550 1087 1696 1140 πραξαι

123 1148 190 1189 καὶ
218 1145 539 1200 βουλεύσασθαι,
577 1145 822 1200 μεμιγμένην
860 1145 985 1198 ε’χων
996 1153 1055 1215 τῇ
1083 1146 1277 1199 φρονήσει
1315 1145 1477 1197 μανίαν.
1539 1145 1587 1200 τῇ
1616 1142 1694 1197 γὰρ

123 1206 193 1246 τοῦ
223 1204 403 1257 σώματος
434 1204 548 1259 ρ’ωμῃ
578 1203 783 1258 διαφέρων
812 1202 983 1256 ἐμιμεῖτο
1019 1201 1089 1243 τὸν
1114 1201 1311 1257 ἹΙρακλέα
1342 1217 1445 1242 κατα
1477 1217 1546 1249 τας
1577 1212 1693 1254 στρα-

125 1262 230 1310 τείας
260 1278 327 1302 και
355 1262 521 1312 λεοντῆν
553 1259 688 1312 ἐφόρει
719 1260 786 1301 καὶ
816 1257 991 1312 ῥόπαλον
1022 1259 1066 1300 ἐν
1095 1265 1181 1309 ταῖς
1211 1259 1369 1313 μάχαις.
1399 1260 1472 1300 cf.
1505 1273 1606 1310 quae
1628 1260 1694 1298 ad-

122 1321 350 1361 notavimus
382 1321 431 1360 ad
466 1321 590 1360 Arist.
622 1320 723 1359 Ran
756 1320 838 1358 428
855 1332 914 1369 sq.

882 1453 934 1495 18

726 1542 824 1587 ἔνθ’
857 1541 981 1585 ὄνων
1011 1543 1163 1586 ἵππων
1195 1542 1374 1593 στάσεις

397 1612 471 1656 καὶ
501 1610 688 1668 γεύματ’
721 1614 874 1654 οἴνων.

238 1719 466 1759 Athenaeus
497 1721 542 1770 9,
566 1719 678 1758 380f
711 1716 919 1768 ’Ἐφιππος
958 1714 1001 1756 έν
1042 1719 1250 1771 Πελταστῇ
1288 1719 1369 1756 κτλ.
1493 1718 1527 1757 1.
1559 1714 1696 1755 ἵππων

125 1774 264 1829 Mein]
297 1774 434 1821 ἵππων
464 1790 502 1816 τε
536 1779 582 1814 A.
673 1777 712 1814 2.
743 1770 907 1826 γεύματ’
941 1771 1083 1827 Mein.]
1115 1772 1290 1826 γεύματα
1323 1775 1372 1813 Α.

974 1870 986 1887 δ

885 1909 937 1950 19

510 1998 689 2043 τοιαῦθ’
723 1997 884 2042 ὑθλῶν
914 1999 1093 2041 δειπνεῖ
1118 1997 1192 2040 καὶ
1224 2002 1272 2055 ζῇ

511 2067 853 2124 θαυμαζόμενος
882 2065 992 2122 μετὰ
1023 2068 1292 2123 μειρακίων,

511 2134 567 2179 ού
598 2135 839 2191 γινώσκων
871 2135 1037 2191 ψήφων
1068 2133 1314 2190 ἀριθμούς,

512 2201 676 2260 σεμνὸς
707 2207 882 2260 σεμνῶς
912 2201 1090 2260 χλανίδ’
1123 2203 1280 2246 ἕλκων.

239 2312 468 2352 Athenaeus
493 2313 539 2362 8,
563 2312 678 2351 347b
709 2307 783 2350 οὐκ
812 2307 944 2363 αγνοῶ
975 2304 1016 2348 δ’
1040 2306 1101 2347 ὅτι
1133 2306 1184 2346 τὰ
1216 2304 1339 2347 αὐτὰ
1374 2313 1528 2347 ταῦτα
1558 2307 1627 2360 (fr.
1651 2307 1694 2358 5)

125 2367 334 2420 εἴρηκεν
363 2363 383 2406 6
404 2363 611 2418 ’Έφιππος
643 2364 735 2407 κάν
766 2369 1026 2434 Πελταστῇ
1059 2370 1111 2420 τῷ
1111 2364 1318 2434 δράματι,
1350 2363 1394 2404 έν
1420 2359 1454 2420 ᾦ
1483 2363 1693 2404 καὶταῦτα

126 2423 293 2472 ἐκείνοις
323 2422 584 2464 ὑποτέτακται
604 2427 685 2464 κτλ.
732 2424 788 2471 εἰς
819 2423 907 2462 τίνα
938 2419 982 2461 δὲ
1012 2405 1122 2460 ταῦτ’
1154 2405 1465 2471 ἀποτεινόμενος
1487 2421 1693 2471 ’Έφιππος

126 2481 285 2534 εἴρηκεν
319 2496 404 2534 ωρα
443 2492 507 2520 σοι
545 2482 693 2532 ζητεῖν,
738 2496 769 2520 ω
814 2477 908 2519 καλὲ
948 2475 1173 2529 Οὐλπιανέ,
1217 2477 1285 2517 καὶ
1328 2475 1536 2517 διδάσκειν
1574 2475 1693 2528 ἡμᾶς.

129 2543 165 2578 1.
199 2539 246 2590 ζῆ
277 2539 325 2578 A.
356 2561 413 2566 —
442 2540 627 2589 coniung.
665 2537 711 2592 ζῇ
745 2534 843 2587 μετὰ
880 2535 1107 2599 μειρακίων.
1225 2539 1262 2575 3.
1304 2537 1426 2575 Arist.
1458 2535 1577 2585 Vesp.
1612 2535 1693 2574 656

125 2594 284 2648 λόγισαι
321 2590 508 2645 φαύλως,
547 2610 600 2660 μη
640 2593 821 2645 ψήφοις,
857 2589 942 2632 ἀλλ’
986 2586 1066 2631 άπὸ
1097 2591 1237 2644 χειρός.
1293 2593 1457 2632 Becker.
1498 2591 1668 2631 Charicl.
1674 2589 1690 2613 ²

126 2654 166 2692 11
196 2654 263 2692 35.
311 2653 439 2703 magis
469 2653 675 2703 perspicue
713 2652 879 2691 dixisset
914 2644 1068 2701 ψήφοις
1106 2646 1308 2701 ἀριθμεῖν
1366 2649 1535 2688 eundem
1566 2649 1693 2687 Mace-

127 2711 274 2749 donum
306 2710 447 2748 ducem
476 2709 554 2749 dici
592 2711 714 2759 atque
753 2710 795 2748 in
826 2709 874 2748 fr.
907 2708 932 2747 5
963 2707 1150 2747 Meinekii
1181 2709 1244 2746 est
1273 2707 1426 2757 opinio,
1465 2718 1564 2755 quae
1596 2705 1693 2744 mihi

126 2767 286 2817 quidem
326 2778 489 2816 prorsus
527 2766 771 2806 incredibilis
811 2766 981 2806 videtur.
1052 2764 1121 2803 sed
1158 2764 1310 2803 nullam
1351 2763 1475 2802 habeo
1505 2762 1691 2813 probabi-

127 2825 279 2863 liorem.
