1864 3204
203 222 286 264 360
853 220 1105 260 ΑΛΕΞΙΔΟΣ

203 322 227 376 ἡ
259 319 332 377 γὰρ
363 324 427 364 ἐπὶ
457 323 556 364 πολὺ
588 323 824 377 τῆςφωνῆς
854 323 1045 372 ἆπότασις
1078 328 1252 365 καλεῖται
1283 325 1432 366 τοναία.
1492 329 1661 380 Hesych.
1692 342 1755 368 το-

204 381 319 420 ναία·
354 387 492 433 φωνῆς
523 378 646 430 τάσις,
698 384 746 423 cf.
779 384 952 423 Lobeck.
983 383 1155 433 Paralip.
1189 384 1281 423 314.
1304 385 1343 422 5.

862 506 1100 539 ΠΑΜΦΙΑΗ

945 584 1026 625 170

434 664 597 717 ἐρῶντι
628 661 701 717 δέ,
733 660 939 717 Κτήσων,
971 664 1017 704 τί
1042 664 1217 717 μᾶλλον
1247 663 1468 717 συμφέρει

430 724 496 772 ὧν
526 734 615 773 νῦν
646 729 799 785 φέρων
829 731 1034 786 πάρειμι;
1067 729 1288 785 κήρυκας,
1320 731 1499 785 κτένας,

430 796 649 853 βολβούς,
680 798 823 853 μέγαν
853 814 900 840 τε
931 798 1201 841 πουλύπουν
1232 799 1363 853 ἰχθῦς
1391 797 1440 841 θ’
1464 796 1646 855 ἁδρούς.

320 894 547 932 Athenaeus
579 894 624 941 8,
649 894 758 932 356e
799 889 1000 942 ἐμφανίζει
1030 889 1087 948 δὲξ
1105 889 1170 930 καὶ
1194 891 1343 941 ’Ἀλεξις
1375 890 1415 929 ἐν
1448 892 1643 947 Παμφίλῃ
1672 897 1762 932 τοῦ

205 948 493 1017 πρλύποδος
532 946 580 988 τὸ
619 947 862 1000 χρήσιμον
900 946 1025 1000 λέγων
1053 947 1130 987 (ὁδε
1159 951 1239 987 κτλ.
1331 952 1367 989 1.
1398 960 1553 999 κτησων
1583 950 1632 989 A.
1719 951 1759 989 3.
1810 993 1813 996 Δ

208 1004 276 1058 θ]
309 1020 347 1044 τε
379 1007 426 1046 A.
950 1060 1023 1101 171

477 1139 706 1193 παρέθηκε
736 1138 818 1193 τὴν
849 1138 1082 1193 τράπεζαν,
1116 1135 1209 1180 εἶτα
1239 1140 1515 1194 παραφέρων

478 1204 665 1261 ἀγαθῶν
694 1202 863 1260 ἁμάξας
898 1231 952 1237 -

321 1301 549 1339 Athenaeus
581 1302 619 1348 9,
643 1302 755 1339 380e
778 1298 930 1347 ’Ἄλεξις
963 1299 1157 1353 Παμφίλῃ
1187 1302 1270 1338 κτλ.

375 1358 585 1395 Praeterea
614 1357 662 1395 ad
694 1357 940 1406 Pamphilam
969 1357 1018 1395 fr.
1052 1358 1131 1395 279
1163 1358 1360 1396 referebat
1389 1357 1722 1396 Hemsterhusius.

729 1458 991 1512 ΠᾸΝΝΤΧιΣ
1017 1480 1051 1512 Η
1077 1479 1246 1513 ΕΡΙΘΟΙ

323 1549 383 1589 Cf.
415 1562 514 1599 quae
545 1550 593 1587 ad
624 1549 833 1599 Amphidis
859 1544 1043 1600 Ἐρίθους
1074 1549 1327 1590 adnotantur.

952 1635 1032 1677 172

381 1715 448 1758 ὅτι
480 1714 532 1757 δέ
559 1727 630 1757 σοι
659 1713 780 1769 παρὰ
810 1716 943 1757 τοῦτο
974 1713 1235 1757 κάνδαυλόν
1265 1731 1365 1756 τινα

382 1782 720 1839 παραθήσομεν.
781 1786 830 1824 Β.
863 1783 1143 1832 κάνδαυλον;
1176 1780 1258 1824 οὐκ
1291 1783 1486 1837 ἐδήδοκα

379 1851 677 1909 (κάνδαυλον)
708 1848 792 1893 οὐδ
799 1849 808 1865 ²
833 1848 991 1904 ἀκήκο’
1015 1849 1316 1892 οὐδεπώποτε.

380 1924 432 1962 Α.
463 1919 730 1974 θαυμαστὸν
761 1916 871 1972 έμόν
902 1916 1089 1973 εὕρημα.
1140 1917 1261 1959 πάνυ
1292 1914 1437 1960 πολὺν
1468 1915 1512 1959 δ’
1536 1915 1623 1971 ἐγώ

333 1997 353 2028 5
387 1985 467 2030 εὀὶν
498 1988 692 2041 παραθῶ
722 1997 817 2040 σοι,
850 1986 1145 2039 προσκατέδει
1174 1985 1282 2035 τούς
1312 1983 1563 2035 δακτύλους

381 2056 532 2110 σαυτῷ
561 2070 612 2108 γε
643 2055 823 2108 χαίρων.
885 2055 983 2108 ἔρια
1013 2053 1096 2107 μὲν
1127 2052 1373 2107 ποιήσομεν
1405 2079 1458 2083 -

380 2126 429 2164 B.
463 2119 679 2175 ἄνθρωπε
709 2122 827 2162 ποίει
858 2118 996 2162 λευκοὶ
1028 2121 1101 2162 καὶ
1131 2115 1258 2175 βλέπ’
1285 2121 1346 2170 εἰς
1411 2154 1420 2163 .
1496 2154 1505 2162 .

381 2194 432 2231 Α.
469 2187 583 2232 ἐπὰν
614 2184 701 2230 ἀπὸ
730 2190 821 2229 τῶν
851 2190 1019 2230 κοινῶν
1049 2190 1258 2242 ταρίχους
1289 2187 1478 2242 ἰχθύων,

382 2259 531 2311 κρεῶν
560 2258 788 2311 βατανίων
820 2254 988 2305 εὐθέως
1054 2289 1062 2298 .

308 2335 350 2366 10
381 2326 576 2376 δίπυρον
607 2323 905 2377 παραθήσεις,
933 2320 1023 2379 ᾠὸν
1054 2324 1417 2379 ἐπιτετμημένον,

383 2391 516 2443 πυόν,
548 2391 722 2445 μέλιτος
753 2388 999 2445 ὀξύβαφον,
1031 2390 1331 2446 ἀποταγηνιεὸ,

382 2461 524 2512 τυροῦ
554 2459 776 2513 τροφάλια
805 2457 955 2513 χλωρὰ
986 2461 1196 2500 Κυθνίου
1227 2458 1510 2513 παρατεμεῖν,

382 2525 628 2583 βοτρύδιόν
659 2543 722 2580 τι,
755 2527 926 2582 χόριον,
960 2527 1010 2568 ἐν
1040 2527 1236 2582 ποτηρίῳ
1315 2523 1317 2526 ’

382 2593 578 2649 γλυκύν·
609 2592 659 2635 τὸ
688 2596 897 2635 τοιοῦτον
926 2591 1012 2649 γὰρ
1044 2591 1116 2635 ἀεί
1141 2607 1233 2643 πως
1262 2594 1394 2648 μέρος

313 2673 351 2703 15
384 2663 678 2713 ἐπιπαίζεται·
711 2659 884 2715 κεφαλὴ
915 2661 964 2703 δὲ
995 2662 1183 2703 δείπνου
1213 2662 1384 2714 γίνεται
1414 2686 1468 2692 -

386 2734 434 2772 Β.
467 2728 676 2782 ἄνθρωπ’
699 2728 916 2779 ἐπίπαιζε·
948 2727 1091 2783 μόνον
1120 2727 1416 2783 ἀπαλλάγηθί
1441 2743 1549 2781 μου·

388 2795 511 2854 (τοὺς
541 2796 649 2846 σούς
680 2796 747 2851 δὲ)
781 2796 1064 2845 κανδαύλους
1094 2796 1236 2850 λέγων
1266 2795 1339 2837 καὶ
1369 2795 1497 2850 χόρια
1527 2795 1601 2836 καὶ

388 2863 578 2919 βατάνια
608 2866 758 2906 πᾶσαν
787 2862 1030 2921 (ἀφανιεῖς)
1060 2860 1142 2918 τὴν
1172 2860 1352 2917 ἡδονήν.
