1864 3204
0 0 252 234 romz-

555 213 942 251 NAmePA'ro‘rz
966 214 1259 251 NATKAHPOI
1601 215 1686 258 295

3 230 22 283 ⁸,
1603 287 1606 290 Α

0 266 17 346 i
649 372 1148 425 ΝΑΤΣΙΚΡΑΤΗΣ
1436 422 1438 424 ,

229 488 342 528 Inter
380 491 519 540 poetas
555 489 728 530 incertae
775 490 918 531 aetatis
962 491 1124 542 rettulit
1159 491 1400 543 Meinekius,
1441 488 1682 543 quamquam

115 545 290 585 ‘mediae
321 546 450 596 poetis
478 547 726 587 comoediae'
758 547 1066 588 adscribendum
1103 561 1188 589 esse
1225 549 1502 600 suspicabatur
1531 549 1551 588 I
1581 550 1678 589 495.

117 599 390 652 Ναυσικράτει
427 606 483 658 τῷ
518 607 679 657 κωμικῷ
715 599 961 658 ὑποκριτῇ
998 604 1183 645 Aesehin.
1219 607 1262 657 1,
1285 607 1359 654 98,
1402 607 1471 658 qui
1510 606 1678 646 fortasse

115 658 221 699 idem
242 662 303 699 est
323 672 412 699 cum
433 661 562 712 poeta.
606 661 655 700 de
684 662 813 700 aetate
833 661 971 709 hodie,
1004 661 1037 701 si
1067 664 1172 701 reete
1202 665 1249 701 ut
1278 663 1439 702 videtur
1458 663 1679 703 Koehlerus

114 716 320 767 supplevit
361 716 392 756 Ι.
423 717 474 756 Α.
515 718 595 757 977
628 730 660 756 11
700 713 1049 771 Ναυ[σικράτ]ης,
1097 731 1185 758 cum
1223 732 1369 759 nomen
1408 720 1493 759 eius
1531 720 1677 760 Mnesi-

116 773 300 812 maehum
332 774 437 812 inter
466 776 508 813 et
527 774 685 814 Alexim
706 776 760 815 sit
788 775 986 826 positum,
1017 775 1193 815 dubitari
1223 789 1304 816 non
1324 778 1476 827 potest.
1527 777 1680 816 accedit

115 829 222 880 quod
252 830 294 870 in
324 831 373 869 fr.
406 833 443 870 1.
475 831 501 870 2
541 830 699 871 dicendi
736 844 866 883 genus
905 832 1152 872 simillimum
1182 837 1245 887 est
1274 834 1382 883 eius,
1422 847 1500 885 quo
1531 834 1575 873 in
1603 835 1676 873 tali

114 899 157 926 re
188 887 247 926 uti
278 887 407 927 solent
435 887 678 938 Antiphanis
706 888 964 940 Alexidisque
993 890 1192 941 aequales.

748 1010 1044 1047 NATKAHPOI
1103 1036 1109 1043 .

853 1090 949 1133 1.2

384 1203 392 1212 .
441 1203 450 1211 .
490 1167 574 1211 δύο
603 1168 688 1223 μὲν
717 1167 901 1226 (φασὶν)
932 1167 1097 1213 ἁπαλοὶ
1127 1170 1203 1213 καὶ
1232 1173 1384 1226 καλοί,

499 1270 509 1279 .
547 1236 629 1278 τοῦ
658 1238 909 1279 ναυτίλοισι
938 1235 1157 1289 πολλάκις

318 1303 404 1360 ἤδη
436 1305 660 1359 φανέντος
689 1306 919 1359 πελαγίοις
949 1305 999 1348 ἐν
1028 1304 1266 1361 ἀγκάλαις,

314 1368 368 1414 ὃν
398 1370 473 1415 καὶ
502 1371 555 1415 τὰ
585 1374 770 1429 θνητοὸν
800 1384 942 1429 φασιν
971 1372 1207 1430 ἀγγέλλειν
1237 1375 1376 1432 πάθη.

261 1449 282 1481 5
311 1443 364 1484 Β.
395 1442 598 1495 γλαῦκον
629 1440 783 1497 λέγεις.
847 1447 899 1486 Α.
932 1443 1132 1498 ἔγνωκας
1178 1477 1415 1489 .....

409 1598 419 1608 .
486 1563 579 1621 μετ’
600 1564 753 1609 αὐτῶν
784 1565 826 1609 δ’
844 1567 960 1610 εἰσὶν
991 1567 1230 1622 ἐκπρεπεῖς
1259 1569 1404 1624 φύσιν

315 1633 366 1675 αἰ
391 1633 724 1688 ξανθόχρωτες,
756 1633 810 1685 ὁίς
839 1634 1022 1678 κλύδων
1051 1635 1318 1687 Αίξωνικοῐς

315 1704 476 1744 πασῶν
506 1699 692 1757 ἀρίστας
722 1701 774 1745 έν
803 1702 957 1754 τόποις
986 1703 1266 1746 παιδεύεται·

314 1763 385 1819 αἷς
415 1770 490 1811 καὶ
520 1769 640 1812 θεὰν
669 1773 829 1824 τιμῶσι
860 1774 1112 1826 φωσφόρον
1142 1771 1306 1828 κόρην,

246 1847 288 1879 10
318 1837 518 1879 δείπνων
547 1835 661 1880 ὅταν
691 1839 896 1894 πέμπωσι
927 1839 1053 1894 δῶρα
1081 1842 1299 1884 ναυτίλοι.

315 1908 364 1950 Β.
396 1907 580 1961 τρίγλας
610 1906 752 1961 λέγεις
831 1941 1438 1952 ........

314 1977 369 2016 A.
401 1973 748 2030 γαλακότχρωτα
780 1973 966 2026 Σικελὸς
995 1972 1051 2018 ὃν
1081 1975 1281 2031 πήγννσ’
1315 1976 1449 2032 ὄχλος

222 2205 259 2232 v.
303 2194 411 2231 1—5
449 2192 677 2233 Athenaeus
716 2194 759 2241 7,
793 2195 907 2234 2968.
951 2193 1237 2247 Ναυσικράτης
1286 2195 1543 2249 Ναυκλήροις
1588 2203 1670 2241 κτλ.

109 2262 144 2290 v.
167 2250 303 2288 6—11
335 2245 498 2304 (λέγεις)
529 2250 634 2288 idem
657 2250 694 2300 7,
716 2251 828 2291 3250
859 2249 1146 2304 Ναυσικράτης
1177 2248 1198 2291 ὁ
1227 2252 1525 2317 κωμφδιοποιὸς
1557 2252 1670 2295 ἐπαι-

110 2307 173 2344 νεῖ
198 2302 268 2352 τὰς
299 2304 525 2353 Αἰξωνικὰς
556 2303 764 2360 (ἕξωνικᾶς
793 2304 850 2360 Α)
888 2308 1047 2360 τρίγλας
1082 2306 1127 2348 ἐν
1155 2309 1414 2362 Ναυκληροις
1443 2308 1570 2364 λέγων
1599 2312 1669 2353 οῧ-

108 2375 183 2408 τως
214 2363 295 2401 κτλ.
374 2376 411 2402 v.
436 2363 699 2402 7—12idem
721 2364 759 2415 7,
782 2365 899 2404 330b
924 2361 1108 2416 Ῥωμαῖοι
1137 2362 1181 2404 δὲ
1210 2368 1378 2406 καλοῦσι
1406 2365 1481 2419 τὴν
1510 2374 1671 2421 ψῆτταν

110 2412 319 2470 ῥόμβον,
357 2416 423 2457 καὶ
452 2416 534 2458 ἔστι
564 2416 607 2459 τὸ
635 2416 762 2470 ὄνομα
786 2416 1037 2471 Ἑλληνικόν·
1084 2421 1370 2475 Ναυσικράτης
1401 2420 1444 2463 ἓν
1474 2425 1667 2478 Ναυκλή·

109 2488 206 2527 ροις.
249 2473 507 2526 προειπὼν
535 2472 587 2514 δὲ
617 2474 730 2528 περὶ
758 2475 983 2528 γλαύκου
1014 2478 1096 2518 τοῦ
1126 2476 1305 2531 ἰχθύος
1336 2478 1567 2534 ἐπιφέρει
1587 2487 1667 2524 κτλ.

107 2531 213 2571 unde
243 2531 415 2571 efficitur
444 2532 522 2572 duo
550 2533 647 2573 haec
677 2534 902 2585 fragmenta
931 2536 1108 2587 proxime
1138 2537 1245 2577 inter
1275 2550 1316 2578 se
1346 2538 1505 2578 afuisse.

225 2590 261 2627 1.
291 2586 416 2637 φασὶν
445 2587 500 2641 A]
542 2587 668 2640 φησὶν
696 2589 795 2641 VL,
841 2591 948 2642 quod
984 2592 1181 2633 Athenaei
1227 2607 1313 2634 esse
1350 2596 1538 2635 ereditur.
1628 2600 1666 2638 2.

108 2642 310 2696 ἐπώνυμοι
339 2645 526 2696 supplent
555 2646 707 2686 Iacobs.
731 2647 834 2687 Add.
856 2649 951 2688 Ath.
977 2651 1055 2689 174
1085 2652 1127 2690 et
1147 2651 1311 2693 Person.
1333 2652 1515 2703 Append.
1539 2653 1665 2705 Toup.

107 2702 205 2741 477.
249 2698 390 2748 παῖδες
419 2703 521 2741 θεοῦ
551 2703 675 2742 Dobr.
706 2702 809 2745 Adv.
839 2704 879 2744 Π
902 2707 995 2747 315.
1084 2709 1121 2748 6.
1152 2703 1236 2757 μετ’
1260 2703 1387 2746 αὐτὸν
1417 2709 1537 2747 Mein.
1627 2713 1665 2751 7.

109 2757 347 2806 Αἰξωνικοῖς
378 2756 450 2810 Κ.]
491 2755 676 2807 ἐξωνικός
706 2761 741 2799 Α
773 2761 998 2813 utrubique.
1089 2765 1127 2803 8.
1162 2761 1206 2802 ἕν
1237 2762 1371 2810 τόποις
1403 2766 1437 2803 Α
1469 2763 1570 2818 325]
1601 2764 1665 2806 ἐν·

107 2811 256 2861 τόπους
287 2814 323 2853 Α
355 2815 449 2855 330.
556 2817 621 2854 11.
653 2814 807 2868 τρίγλας
839 2819 872 2857 A
904 2819 1003 2871 325]
1039 2819 1199 2871 τρίγλαν
1227 2819 1267 2859 A
1298 2821 1393 2860 330.
1504 2824 1566 2864 12.
1597 2838 1664 2875 χα-

108 2873 356 2924 λακτοχρῶτα
394 2874 435 2911 et
471 2869 744 2925 πήγνυσοχλος
775 2875 825 2914 A.
944 2878 1122 2916 11—13.
1164 2876 1369 2928 discriptio
1408 2891 1593 2919 versuum
1625 2885 1667 2921 et
