1864 3204
483 188 815 255 mnowpoo‘oz
841 237 884 244 —
910 219 1056 255 ‹1›1A1n
1065 220 1166 256 1102
1523 219 1615 273 441,

652 322 995 358 ΙΣΘΜῙΟΝῙΚΗΣ

807 389 836 432 5

153 473 346 514 Aelianus
365 472 415 513 H.
435 486 498 513 an.
522 473 623 523 13,4
654 468 702 511 οὐ
732 470 881 527 ῥᾳδίως
905 469 946 512 δὲ
966 467 1092 512 αὐτοῦ
1113 469 1204 526 (τοῦ
1234 470 1607 526 καλλιωνύμου)

39 527 358 582 μνημονεύωσιν
379 526 424 568 ἐν
443 531 527 576 ταῖς
547 523 648 579 ὑπὲρ
667 534 749 568 τῶν
768 526 926 580 ἰχθύων
944 529 1219 580 πανθοινίαις,
1241 523 1300 570 ὦν
1319 544 1356 569 τι
1375 528 1442 569 καὶ
1459 526 1608 581 ὄφελός

42 582 140 637 ἔστι,
169 584 327 638 ποιηταὶ
356 583 520 638 θέμενοι
550 583 734 637 σπουδὴν
762 584 819 634 εἰς
848 585 1010 638 μνήμην
1040 584 1250 638 ἔνθεσμον,
1268 583 1513 638 Ἐπίχαρμος
1533 583 1610 638 μὲν

51 673 62 684 .
79 673 91 685 .
108 642 394 696 .Μνησι’μαχος
424 642 469 682 δὲ
500 640 544 683 ἐν
573 649 626 698 τῷ
652 639 915 698 Ἰσθμιονίκῃ.
948 644 1096 686 Athen.
1118 645 1155 694 7,
1175 645 1292 684 ‘282d
1314 645 1469 684 confert
1490 645 1607 684 Mein.

615 755 1033 791 ΦΑΡΜΑΚΟΠΩΛΗΣ

809 823 836 865 6

157 894 286 934 Schol.
319 895 526 946 Aristoph.
557 896 635 935 Av.
669 895 748 934 471
788 899 868 934 τῶν
903 891 945 934 δὲ
973 892 1122 947 μύθων
1160 894 1203 932 οἱ
1235 894 1309 946 μὲν
1338 893 1427 947 περὶ
1456 890 1610 946 ἀλόγων

43 947 158 1006 ζῴων
192 949 294 991 εἰσὶν
323 950 566 1003 Αἰσώπειοι,
604 951 646 991 οἰ
671 948 715 990 δὲ
745 951 834 1004 περὶ
863 948 1098 1003 ἀνθρώπων
1129 951 1400 1004 Συβαριτικοί.
1460 950 1534 991 εἰσὶ
1566 949 1612 990 δέ

41 1021 146 1055 τινες
175 1007 216 1047 οἳ
243 1005 336 1056 τούς
365 1009 525 1061 βραχεῖς
553 1007 620 1049 καὶ
650 1004 868 1062 συντόμους
899 1007 1052 1061 λέγουσι
1076 1008 1428 1062 Συβαρίτιδας
1450 1006 1608 1063 (Συβα-

42 1060 215 1115 ριτικούς
247 1062 401 1119 Mein),
432 1062 616 1118 καθάπερ
647 1065 915 1118 Μνησίμαχος
946 1064 990 1105 ἐν
1016 1066 1336 1120 Φαρμακοπώλῃ.

694 1178 949 1214 ΦΙΛΙΠΠΟΣ

156 1247 407 1288 Maoedoniao
452 1261 589 1301 regem
635 1249 849 1301 significari
894 1249 1039 1290 docent
1080 1249 1250 1292 Meinek.
1289 1250 1308 1289 I
1339 1250 1422 1288 423
1467 1250 1508 1288 et
1553 1249 1608 1287 M.

42 1303 193 1356 Haupt.
221 1304 362 1346 Herm.
385 1305 485 1345 VIII
517 1307 581 1345 11.
633 1306 689 1347 cf.
720 1306 771 1346 fr.
806 1308 871 1349 1οξ

1076 1445 1152 1507 ἆρ’
1174 1448 1310 1495 οἶσθα
1323 1484 1334 1506 ,

278 1515 373 1575 ὁτιή
405 1517 518 1573 πρὸς
547 1516 717 1574 ἄνδρας
747 1517 846 1562 ἐστι’
873 1530 945 1562 σοι
973 1520 1210 1575 μαχητέον,

278 1588 326 1628 οἳ
351 1585 404 1629 τὰ
435 1586 542 1643 ξίφη
573 1587 850 1644 δειπνοῦμεν
880 1585 1162 1644 ἠκονημένα,

276 1651 394 1704 ὄψον
424 1655 474 1698 δὲ
505 1655 646 1712 δᾷδας
673 1653 872 1711 ἡμμένας
902 1658 1228 1712 καταπίνομεν;

227 1732 248 1763 5
280 1723 497 1766 ἐντεῦθεν
528 1721 668 1774 εὐθὺς
699 1723 904 1780 ἐπιφέρει
934 1725 1193 1781 τραγήματα

274 1788 387 1846 ἡμῖν
417 1788 441 1833 ὁ
472 1798 576 1842 παῖς
604 1789 714 1846 μετὰ
745 1792 932 1835 δεῖπνον
963 1790 1122 1844 α’κίδας
1151 1792 1399 1848 Κρητικάς,

277 1856 428 1914 ὥσπερ
459 1859 754 1915 ἐρεβίνθους,
786 1861 1010 1916 δορατίων
1040 1875 1087 1903 τε
1118 1863 1309 1912 λείψανα

278 1924 530 1982 κατεαγότ’,
561 1925 755 1978 ἀσπίδας
785 1927 1209 1984 δὲπροσκεφάλαια
1241 1929 1316 1972 καὶ

277 1994 491 2050 θώρακας
521 1996 694 2051 ἔχομεν,
727 1996 840 2052 πρὸς
869 1996 1023 2039 ποδοῖν
1054 1996 1104 2039 δὲ
1135 1996 1392 2052 σφενδόνας

206 2073 248 2106 10
278 2061 352 2106 καὶ
381 2063 511 2119 τόξα,
542 2064 860 2108 καταπέλταισι
890 2062 930 2107 δ’
957 2065 1326 2121 ἐστεφανώμεθα.

160 2146 391 2186 Athenaeus
416 2148 479 2198 10,
491 2147 571 2186 421
583 2148 638 2187 bo
668 2146 936 2198 Μνησίμαχος
967 2145 1010 2187 δὲ
1042 2146 1084 2187 ἐν
1103 2147 1289 2202 Φιλίππῳ
1310 2143 1377 2187 διὰ
1399 2147 1470 2188 τὸν
1490 2145 1610 2202 ὑπερ-

47 2199 245 2255 βάλλοντα
274 2201 399 2255 κόρον
428 2200 471 2241 ἐν
500 2206 580 2251 τοῖς
602 2202 778 2251 δείπνοις
799 2203 968 2256 παράγει
989 2219 1025 2244 τι
1043 2204 1266 2256 συμπόσιον
1287 2203 1460 2258 πολέμου
1480 2220 1608 2259 παρα-

47 2257 198 2311 σκευὴν
227 2257 565 2312 ἐπαγγελλόμενον
593 2259 659 2300 καὶ
677 2293 685 2301 .
706 2292 713 2300 .
734 2293 742 2300 .
759 2259 931 2311 πολέμου
961 2259 1229 2313 ἐργαστήριον.
1280 2260 1382 2313 λέγει
1411 2259 1453 2301 δ’
1478 2261 1609 2311 οὕτως

47 2317 128 2355 κτλ.
179 2316 414 2356 Eustathius
451 2318 571 2368 1085,
589 2318 641 2357 47
673 2312 796 2356 καλὸν
825 2315 888 2358 δὲ.
910 2321 1166 2368 ,προσθεῖναι
1194 2317 1261 2358 καὶ
1289 2317 1331 2358 τὸ
1363 2319 1610 2359 Φιλιππίδου

51 2370 145 2424 (sio)
176 2370 219 2411 τὸ
249 2370 295 2412 τὰ
327 2372 423 2424 ξίφη
453 2372 694 2425 δειπνοῦμεν
723 2370 748 2425 ἡ
780 2371 981 2425 κονημένα
1012 2375 1086 2426 (sic
1107 2375 1166 2414 ed.
1192 2374 1335 2429 Lips.).
1430 2379 1464 2418 1,
1497 2370 1607 2414 οἶσθ’

49 2429 97 2470 A.
148 2422 270 2467 οἶσθα
300 2428 348 2468 σύ
380 2430 543 2471 Porson.
634 2432 671 2469 2.
709 2428 904 2482 μαχητέον
940 2429 995 2484 Α]
1032 2430 1137 2483 μα’χη
1168 2431 1212 2471 C.
1300 2434 1340 2472 3.
1380 2427 1610 2483 ἠκονημένα

50 2484 181 2537 Eust]
212 2481 452 2538 ἠκονημένοι
480 2486 532 2526 Α.
620 2488 659 2526 8.
690 2484 904 2539 κατεαγότα
935 2489 983 2526 A.
1076 2490 1140 2529 10.
1172 2488 1449 2527 καταπέλταισι
1479 2487 1610 2542 Pors.]

46 2538 283 2581 καταπέλται
312 2544 359 2582 A.
393 2540 650 2590 καταπέλταις
681 2543 725 2583 O.
814 2542 867 2582 δὲ
898 2543 1324 2593 στεφανούμεθαῗ

165 2599 335 2639 militem
373 2600 571 2639 exereitus
602 2600 866 2651 Macedonici,
905 2602 1075 2641 fortasse
1106 2602 1333 2652 Philippum
1365 2603 1493 2652 ipsum
1525 2603 1607 2653 glo-

50 2654 145 2695 riari
176 2657 322 2696 conicit
351 2657 587 2696 Meinokius.
636 2657 686 2696 cf.
719 2657 886 2698 Timocl.
911 2659 976 2709 12,
998 2659 1036 2698 5.

812 2757 838 2799 8

941 2813 1033 2854 τῶν
1065 2814 1339 2867 Φαρσαλίων

313 2876 412 2934 ἥκει
441 2894 521 2934 τις,
552 2879 629 2921 ἵνα
658 2880 733 2922 καὶ
762 2878 840 2931 τὰς
869 2878 1082 2936 τραπέζας
1111 2880 1369 2937 καταφάγῃς
