1864 3204
231 172 314 214 352
879 172 1132 211 ΑΛΕΞΙΔΟΣ

434 271 540 315 ὤστ’
563 272 590 328 ἢ
620 272 965 329 προοπτήσαντα
995 276 1213 328 χλιαίνειν
1243 273 1394 329 πάλιν,

435 339 464 395 ἢ
493 342 552 395 μὴ
585 339 930 397 προοπτήσαντα
961 344 1196 384 συντελεῖν
1225 342 1359 396 ταχύ,

436 406 711 463 απεστέρησε
741 409 817 464 τῆς
849 410 1003 463 τέχνης
1033 408 1116 464 τὴν
1146 407 1326 463 ἡδονήν.

435 479 486 518 Β.
521 477 582 526 εἰς
611 475 717 526 τούς
747 474 966 530 σοφιστὰς
995 475 1075 519 τὸν
1104 479 1322 531 μάγειρον
1355 473 1579 532 ἐγγράφω.

362 553 402 584 15
438 548 489 585 A.
522 541 736 598 ἑστήκαθ’
760 542 907 598 ὑμεῖς,
939 545 1091 586 κάεται
1123 545 1176 586 δέ
1200 561 1276 599 μοι
1306 543 1356 586 τὸ
1385 547 1500 598 πῦρ,

435 602 521 666 ἤδη
552 611 717 653 πυκνοὶ
748 609 786 653 δ’
813 611 1029 669 ᾄττουσιν
1052 610 1302 668 “Ηφαίστου
1334 613 1470 661 κύνες

437 679 619 734 κούφως
649 677 760 733 πρὸς
789 683 974 734 αἴθραν,
1006 674 1072 730 οἷς
1101 680 1151 722 τὸ
1181 681 1394 734 γίνεσθαί
1418 677 1469 721 θ’
1493 678 1584 733 ἅμα

437 748 511 789 καὶ
541 744 624 801 τὴν
654 746 874 802 τελευτὴν
903 750 985 789 τοῦ
1015 749 1119 802 βίου
1150 748 1327 801 συνῆψέ
1353 763 1418 796 τις

436 814 592 869 νόμοις
621 813 818 869 ανάγκης
845 813 1014 869 θεσμὸς
1043 813 1124 870 οὐχ
1155 814 1394 870 ὁρώμενος.

348 909 577 947 Athenaeus
609 910 648 956 9,
672 909 787 947 3793.
826 907 893 946 καὶ
930 905 950 946 6
989 908 1094 959 παρὰ
1132 913 1186 961 τῷ
1211 905 1376 956 Ἀλέξιδι
1417 905 1461 946 δὲ
1493 906 1536 947 ἕν
1571 908 1784 958 Μιλησίοις

234 961 471 1016 μάγειρος
502 961 549 1002 οὐ
579 979 738 1015 μακραν
767 963 907 1003 τούτου
937 963 1017 1003 ἐστὶ
1045 962 1170 1016 λέγων
1199 960 1327 1003 τοιαὸε
1355 967 1437 1003 κτλ.
1497 979 1537 1004 v.
1564 968 1614 1005 16
1645 966 1788 1005 Eusta-

234 1023 343 1061 thius
379 1022 498 1070 1151,
522 1022 577 1060 40
615 1018 635 1059 ὁ
665 1019 837 1071 κωμικὸς
858 1016 1010 1070 Ἀλεξις
1049 1019 1140 1068 τοὺς
1178 1018 1220 1059 ἐκ
1250 1019 1373 1072 πυρὸς
1403 1024 1634 1073 σπινθῆρας
1663 1021 1788 1067 κύνας

232 1076 456 1127 εΗφαίστου
496 1075 573 1128 ε’φη
612 1076 655 1116 ἐν
692 1083 744 1130 τῷ
787 1077 941 1116 καίεταί
972 1092 1038 1129 μοι
1075 1076 1116 1116 τὸ
1148 1082 1230 1128 πυρ
1259 1077 1359 1128 ἠδη,
1402 1077 1602 1116 τουτέστιν.
1636 1075 1786 1125 {gazme-

241 1149 326 1185 ται,
370 1132 515 1172 πυκνοὶ
559 1134 582 1171 ὃ
591 1130 601 1145 ⁷
643 1132 831 1187 ᾄττουσιν
866 1131 1089 1183 Ἡφαίστου
1132 1133 1263 1181 κύνες.
1327 1135 1548 1185 Hesychius
1592 1132 1722 1173 κύων·
1767 1131 1788 1173 ὃ

238 1188 502 1241 ἐλαυνομένου
531 1195 603 1228 τοῦ
632 1188 800 1243 σιδήρου
831 1196 899 1229 τοῦ
929 1187 1053 1242 ἀργοῦ
1084 1189 1332 1242 ἐξαλλόμενος
1364 1187 1557 1242 σπινθήρ.
1648 1192 1685 1229 2.
1717 1187 1790 1242 οὐχ

236 1244 477 1298 ἁρχιτέκτων
514 1248 695 1286 Bothius.
797 1250 835 1287 5.
876 1246 993 1286 ποῖόν
1028 1246 1211 1300 Porson.]
1248 1251 1334 1286 οἷον
1372 1247 1480 1298 (ante
1519 1261 1540 1285 ο
1576 1249 1694 1287 unius
1723 1249 1787 1286 lit-

237 1308 345 1343 terae
384 1300 575 1357 spatium)
611 1306 659 1344 A.
777 1307 816 1342 7.
856 1302 1010 1354 τοῦψον
1041 1305 1216 1343 Pierson.
1257 1305 1378 1343 Moer.
1415 1302 1517 1355 274]
1563 1309 1703 1342 τοῦτον
1739 1306 1788 1343 A.

241 1363 280 1400 8.
334 1363 485 1412 κρινεῖν
527 1361 665 1399 Dindf.
675 1358 691 1413 ]
733 1375 885 1411 κρινειν
928 1362 978 1400 A.
1043 1357 1269 1411 κεύκρινεῖν
1312 1362 1433 1399 Mein.
1480 1362 1597 1400 Anal.
1643 1361 1789 1400 Athen.

241 1419 334 1456 167.
449 1419 542 1467 post
577 1431 616 1456 v.
654 1420 704 1456 10
741 1430 896 1457 versum
936 1418 1124 1456 excidisse
1160 1415 1188 1468 ἢ
1222 1415 1406 1469 πρότερος
1443 1414 1579 1469 ἔλθῃ.
1639 1447 1649 1455 .
1700 1430 1791 1456 con-

238 1475 309 1512 icit
338 1474 543 1512 Herwerd.
577 1472 671 1512 Obs.
704 1475 791 1512 crit.
826 1476 890 1512 72.
914 1477 938 1513 3
970 1470 1156 1526 (fortasse
1185 1470 1215 1523 ἦ
1243 1472 1430 1525 πρότερος
1461 1470 1594 1512 ἐλθὼν
1623 1467 1689 1511 τὸν
1717 1469 1791 1524 μᾶ-

239 1543 372 1582 γειρον
399 1523 635 1582 καταλάβῃ).
693 1531 759 1568 sed
790 1531 899 1569 nulla
927 1531 1147 1569 mutatione
1179 1544 1277 1581 opus
1309 1533 1387 1580 est,
1427 1532 1459 1570 si
1490 1531 1637 1570 scribas
1666 1544 1720 1568 αν
1750 1527 1789 1568 δ’

238 1584 488 1640 αστοχήσῃ
518 1590 591 1634 τῆς
622 1600 655 1625 τ.
685 1600 776 1637 ακμ.
866 1588 931 1626 12.
962 1585 1229 1637 διοπτήσαντα
1260 1588 1384 1626 Dobr.
1476 1587 1539 1628 14.
1571 1587 1614 1625 Β.
1645 1587 1791 1626 adscri-

241 1645 366 1693 psiti
349 1643 569 1682 Meinekius
590 1643 708 1681 Anal.
726 1644 820 1682 Ath.
843 1645 936 1694 167,
968 1643 1086 1682 simul
1107 1652 1144 1684 Q
1170 1646 1220 1682 15
1251 1644 1365 1693 plura
1395 1643 1583 1683 excidisse
1603 1645 1792 1683 statuens.

239 1714 262 1738 a
292 1700 493 1749 superiore
523 1701 748 1749 fragmento
779 1700 1016 1739 secernenda
1045 1713 1130 1739 esse
1152 1699 1197 1741 G.
1220 1701 1270 1739 A.
1293 1701 1489 1750 Hirschig.
1521 1703 1655 1740 censet
1683 1699 1790 1738 Ann.

240 1757 328 1796 crit.
364 1757 426 1795 10.
477 1756 539 1795 cui
569 1769 650 1794 non
679 1757 829 1795 accedo.
936 1757 999 1795 16.
1032 1753 1110 1806 ἤδη
1140 1757 1189 1795 ad
1219 1770 1255 1795 v.
1285 1759 1336 1794 15
1367 1757 1490 1796 refert
1517 1758 1631 1796 Eust.
1728 1758 1791 1796 17.

238 1809 391 1864 οΞιθραν
420 1813 469 1851 Α.
558 1806 618 1858 οἷς
648 1810 691 1851 τὸ
719 1813 857 1852 Petav.
879 1813 1070 1851 Themist.
1092 1827 1129 1862 p.
1155 1810 1256 1866 393]
1289 1807 1399 1850 οἶσθ’
1425 1807 1446 1850 ὃ
1477 1814 1524 1852 Α.
1615 1815 1680 1852 19.
1714 1811 1792 1851 νό-

240 1882 353 1919 μοις
381 1867 455 1921 Κ.]
481 1867 614 1917 μόνοις
635 1869 685 1907 A.
736 1883 827 1907 nam
858 1870 975 1908 etiam
1006 1870 1093 1908 aliis
1123 1870 1239 1908 rebus
1270 1870 1457 1908 nascendi
1488 1870 1791 1920 intereundique

241 1930 398 1975 tempus
429 1926 536 1964 idem
567 1928 640 1976 est,
672 1928 718 1963 ut
745 1927 907 1975 fulguri,
940 1939 1035 1964 sono
1066 1928 1138 1964 cet.

354 1995 443 2020 cum
475 1996 512 2019 v.
539 1983 662 2019 1—-4
701 1982 749 2020 of.
789 1982 955 2021 Philem.
988 1983 1059 2029 72,
1082 1983 1121 2020 4.
1143 1984 1181 2032 5,
1222 1996 1309 2021 cum
1349 1996 1386 2020 v.
1413 1984 1463 2020 16
1495 1983 1642 2022 Eubul.
1665 1984 1728 2030 75,
1754 1984 1793 2022 7.

243 2040 279 2076 5.
318 2034 387 2076 τὸν
425 2035 551 2087 ξένον,
590 2040 615 2076 1.
646 2051 677 2075 e.
718 2039 785 2086 qui
819 2040 917 2077 artis
952 2040 1143 2086 inperitus
1179 2041 1272 2084 sim,
1320 2039 1425 2088 quod
1457 2051 1595 2077 moneo
1626 2040 1789 2088 propter

241 2095 445 2134 Herwerd.
479 2093 570 2133 Obs.
603 2095 690 2133 crit.
725 2095 789 2132 72.

983 2204 1063 2246 150

483 2284 523 2325 εἰ
548 2281 607 2338 μὴ
638 2281 722 2337 γὰρ
753 2281 819 2326 ὢν
849 2282 1095 2343 ἄνθρωπος
1121 2282 1371 2339 ἀνθρώπου
1400 2284 1554 2339 τύχαις

483 2348 770 2405 ὑπηρετήσω,
803 2354 891 2392 ποῦ
923 2351 1181 2407 φανήσομαι
1212 2354 1420 2406 φρονῶνς

359 2445 552 2484 Stobaeus
582 2445 718 2485 Floril.
743 2446 871 2494 112,6
899 2441 1090 2491 Ἀλέξιδος
1123 2444 1336 2495 Μιλησίων
1366 2446 1412 2484 A.
1503 2446 1539 2484 2.
1570 2449 1651 2482 ποῦ
1679 2445 1793 2484 Pors.

245 2503 341 2541 Eur.
372 2502 438 2541 Or.
463 2496 556 2540 792.
588 2501 689 2540 Adv.
713 2501 814 2552 282]
847 2495 918 2539 εἶτ’
942 2497 989 2539 οὐ
1021 2503 1070 2539 Α.
1115 2496 1155 2552 γ’
1178 2497 1225 2539 οὗ
1256 2502 1314 2539 Β.»

979 2611 1056 2652 151

358 2694 585 2732 Athenaeus
617 2694 654 2742 6,
678 2693 790 2731 2400
819 2690 1025 2743 παράσιτοι
1057 2687 1095 2729 δ’
1120 2689 1182 2730 ἐπ’
1205 2688 1394 2743 ὀνόματος
1427 2689 1604 2742 ἐγένοντο
1640 2691 1791 2730 Τιθύ-

247 2764 308 2800 μα
320 2752 451 2800 λλος,
484 2762 532 2787 ου
561 2744 799 2799 μνημονεύει
819 2746 970 2795 ’Ἀλεξις
1001 2746 1045 2786 ἐν
1078 2748 1267 2801 Μιλησία.
