1864 3204
455 231 743 268 ΔΑΚΤΤΛῘΟΣ
768 250 813 258 -
838 230 1259 267 ΔΙΟΝΤΣῙΑΖΟΤΣΑῙ
1539 229 1632 276 453Υ

54 361 60 364 ·
166 339 398 380 Athenaeus
428 339 467 390 4,
493 337 603 378 1651·
632 338 828 389 Τιμοκλῆς
859 333 904 376 ἐν
937 331 1236 404 Δημοσατύροις
1266 333 1392 386 φησίν
1420 336 1502 375 κτλ.
1580 336 1617 375 1.

50 393 121 437 ἐπὶ
150 394 236 447 ’τρὶς
265 396 410 448 Bergk.
440 409 503 447 ap.
534 395 656 435 Mein.
688 394 725 432 V
756 406 920 435 ooxxlv.
1002 394 1040 433 2.
1071 391 1133 447 ἐν]
1166 388 1258 432 οὖν
1286 391 1336 432 Κ.
1369 413 1420 421 -
1452 392 1504 432 of.
1538 393 1620 432 Mo·

54 453 177 495 nand.
208 454 314 502 352,
344 455 368 493 6
399 453 519 492 Mein.
589 451 792 502 Ctesippus
830 450 1024 491 Chabriae
1062 451 1090 490 f.
1137 450 1240 490 inter
1283 449 1621 490 luxuriosissimos

54 510 361 551 Atheniensium
390 511 622 550 recensetur
653 514 695 548 et
723 521 812 548 eum
843 507 1011 548 Lucullo
1040 507 1338 558 Hortensioquo
1367 510 1622 558 eomparatur

51 568 209 607 Aelian.
240 567 293 607 H.
322 580 386 607 an.
420 569 458 615 3,
481 567 534 605 42
557 568 658 606 extr.
699 565 750 606 ef.
774 565 896 607 Wolf.
927 564 1085 615 Proleg.
1118 565 1324 604 Demosth.
1356 564 1516 615 Leptin.
1540 576 1619 603 nm

51 620 231 721 3110111.)
269 623 422 675 Diphil.
444 624 511 664 38.
542 646 597 651 —
628 623 767 673 Eurip.
799 621 867 662 Or.
901 622 982 661 754
1020 617 1068 660 οὐ
1099 619 1174 674 γὰρ
1204 617 1395 672 αἰχμητὴς
1425 618 1620 671 πέφυκεν,
1672 651 1679 657 .

73 693 97 719 ν
125 678 283 735 γυναιξὶ
312 676 353 720 δ’
375 678 554 732 ἄλκιμος.

620 768 1043 804 ΔιοΝΤΣΙΑΖοΤΣΑῙ

824 836 851 879 6

256 901 294 950 ω’
322 904 434 961 ’τάν,
466 904 667 949 ἄκουσον
696 895 758 961 ἤν
787 906 834 947 τί
861 915 934 948 σοι
963 904 1084 947 δοκῶ
1114 903 1278 959 λέγειν.

255 974 502 1031 ἄνθρωπός
533 972 628 1016 ἐστι
657 975 772 1031 ζῷον
803 971 1022 1016 ἐπίπονον
1052 971 1210 1028 φύσει,

253 1043 329 1087 καὶ
358 1042 504 1086 πολλὰ
536 1039 700 1098 λυπήρ’
726 1038 749 1084 ὁ
778 1042 877 1096 βίος
909 1040 960 1083 ε’ν
990 1040 1134 1097 ἑαυτῷ
1163 1040 1304 1096 φέρει.

256 1108 524 1167 παραψυχὰς
552 1104 639 1153 οὖν
670 1109 932 1166 φροντίδων
962 1106 1177 1163 ἀνεύρετο

204 1189 224 1221 5
255 1178 439 1229 ταύτας·
472 1176 496 1222 ὁ
528 1177 617 1234 γᾶρ
648 1181 759 1228 νοῦς
788 1180 879 1220 τῶν
911 1177 1042 1220 ἰδίων
1071 1175 1220 1233 λήθην
1251 1172 1405 1232 λαβών

253 1246 367 1302 πρὸς
396 1245 616 1304 ἀλλοτρίῳ
646 1261 695 1290 τε
725 1245 1072 1301 ψυχαγωγηθεὶς
1101 1245 1264 1300 πάθει,

252 1313 361 1372 μεθ’
383 1313 552 1371 ἡδονῆς
581 1311 762 1371 ἀπῆλθε
791 1313 1055 1365 παιδευθεὶς
1084 1311 1189 1369 ἅμα.

253 1382 358 1434 τούς
386 1382 475 1440 γὰρ
505 1380 765 1440 τραγῳδούς
794 1384 990 1438 πρῶτον,
1023 1382 1064 1424 εἰ
1090 1379 1269 1437 βούλει,
1302 1381 1484 1436 σκόπει,

254 1450 318 1503 ὦς
348 1448 578 1509 ὠφελοῦσι
608 1442 792 1502 πάντας.
844 1448 868 1494 ὁ
898 1450 983 1506 μὲν
1012 1448 1079 1492 (ὃν
1108 1447 1195 1505 γὰρ
1225 1449 1363 1505 πένης

179 1530 221 1562 10
249 1518 534 1575 πτωχότερον
563 1518 708 1563 αὑτοῦ
738 1517 1015 1574 καταμαθών
1044 1517 1127 1561 τὸν
1164 1517 1371 1574 Τήλεφον

252 1586 501 1644 γενόμενον
530 1586 617 1644 ἤδη
648 1586 732 1644 τὴν
762 1590 925 1631 πενίαν
956 1587 1071 1644 ῥᾷον
1102 1587 1244 1641 φέρει.

254 1654 278 1699 ὁ
309 1658 459 1700 νοσῶν
488 1671 530 1699 τι
560 1655 757 1712 μανικὸν
783 1651 1025 1711 Ἀλκμέων’
1050 1654 1281 1706 ἐσκέψατο.

254 1723 490 1781 ὀφθαλμιᾷ
518 1740 606 1780 τις,
639 1725 724 1767 εἰσὶ
756 1724 964 1767 Φινεῖδαι
993 1725 1173 1780 τυφλοί.

253 1794 447 1849 τέθνηκέ
473 1808 535 1850 τῳ
564 1800 691 1847 παῖς,
720 1790 747 1848 ἡ
781 1791 929 1849 Νιόβη
961 1791 1248 1846 κεκούφικεν.

181 1871 221 1903 15
254 1861 396 1917 χωλός
425 1862 491 1911 τίς
521 1859 638 1915 ἐστι,
670 1864 751 1903 τόν
782 1861 1066 1916 Φιλοκτήτην
1097 1857 1196 1916 ὁρᾷ.

253 1930 405 1985 γέρων
434 1945 501 1979 τις
530 1927 703 1984 α’τυχεῖ,
737 1928 990 1984 κατέμαθεν
1020 1924 1099 1970 τὸν
1131 1928 1282 1971 Οἰνέα.

254 1996 429 2041 ἅπαντα
460 1993 547 2052 γὰρ
577 1997 631 2040 τὰ
661 1994 829 2053 μείζον’
851 1995 880 2052 ἢ
910 1995 1114 2039 πέπονθέ
1140 2011 1206 2046 τις

254 2064 503 2122 ἀτυχήματ’
526 2063 678 2116 ἄλλοις
706 2062 913 2121 γεγονότ’
937 2063 1238 2119 ἐννοούμενος

253 2135 332 2185 τὰς
361 2132 498 2186 αυτὸς
526 2132 672 2177 αὑτοῦ
701 2131 940 2190 συμφορας
968 2125 1105 2189 ἦττον
1135 2132 1291 2177 στένει.

164 2217 392 2257 Athenaeus
424 2219 471 2268 6,
495 2218 615 2258 223b
657 2218 855 2281 Τιμοκλῆς
894 2212 934 2255 δ’
966 2212 987 2255 ὁ
1024 2213 1322 2286 κωμῳδιοποιὸς
1360 2212 1458 2255 κατὰ
1489 2215 1613 2255 πολλὰ

51 2274 247 2325 χρησίμην
275 2267 378 2312 εἶναι
406 2272 532 2327 λέγων
562 2279 614 2330 τῷ
644 2273 718 2328 βίῳ
749 2267 821 2325 τὴν
851 2271 1073 2327 τραγῳδίαν
1102 2270 1229 2323 φησὶν
1260 2271 1304 2312 ἕν
1325 2272 1613 2322 Διονυσιαζού-

51 2341 140 2378 σαις
170 2332 251 2369 κτλ.
312 2331 506 2371 Stobaeus
537 2332 888 2381 Flori1.124‚19
933 2313 1170 2380 Τιμοκλέους
1200 2331 1247 2369 Α.
1340 2333 1373 2369 1.
1402 2327 1508 2383 ’τᾶν]
1540 2327 1614 2369 τάν

52 2389 89 2427 A
120 2386 418 2427 Α111.δοκῶ
457 2385 592 2441 Stob.]
631 2387 755 2439 μέλλω
797 2362 830 2426 {x
864 2387 958 2425 Ath.
1009 2387 1058 2451 οἱ.
1091 2387 1242 2438 Reisig.
1274 2386 1452 2455 Conieoii.
1484 2389 1549 2427 25.
1574 2390 1611 2427 6.

53 2446 92 2484 3.
124 2441 280 2495 λυπηρὰ
312 2444 349 2482 Α
379 2445 474 2486 Ath.
564 2446 600 2486 4.
631 2449 731 2496 γοῦν
761 2444 797 2482 Α
828 2443 922 2481 Ath.
1010 2438 1199 2494 ἀνεύρετο
1229 2441 1386 2511 Dindf]
1417 2439 1614 2506 ανεύρατο

55 2502 90 2539 Α
121 2501 217 2539 Ath.
308 2501 345 2538 7
387 2497 435 2538 θ’
467 2497 550 2551 ἅμα
582 2501 702 2540 Mein.
791 2502 829 2541 9.
868 2497 1027 2546 πάντως
1058 2500 1093 2538 Α
1125 2499 1238 2539 Stob.
1327 2496 1348 2538 ὁ
1377 2497 1510 2550 μένων
1538 2515 1613 2552 γαρ

50 2558 88 2596 Α
118 2557 213 2596 Ath.
245 2571 304 2595 ων
332 2552 407 2606 μὲν
435 2554 510 2609 γὰρ
542 2557 654 2596 Stob.
732 2558 797 2595 11.
827 2551 922 2610 ἤδη]
954 2551 1057 2595 οὕτω
1089 2556 1201 2596 Stob.
1283 2557 1346 2597 12.
1378 2570 1414 2594 τι
1442 2555 1615 2607 μανικὸν

53 2610 182 2665 stou]
223 2609 266 2650 δὲ
307 2618 484 2663 μανικῶς
526 2615 560 2652 Α
596 2614 689 2653 Ath.
786 2606 1000 2662 Ἀλκμέων’
1038 2613 1181 2652 Elmsl.
1219 2613 1316 2652 Eur.
1356 2613 1498 2653 Bacch.
1530 2615 1611 2654 337

52 2684 92 2720 p.
119 2667 191 2721 58]
228 2664 463 2720 Ἀλκμαίων’
500 2670 537 2708 Α
576 2663 971 2720 Αιὶι.Ἀ1κμένωνα
1009 2669 1121 2709 Stob.
1152 2669 1270 2709 Voss.
1302 2672 1339 2708 A
1369 2683 1421 2709 m.
1452 2683 1511 2720 pr.
1562 2672 1612 2710 cf.

53 2738 151 2776 quae
190 2725 239 2764 ad
275 2725 486 2775 Amphidis
522 2726 775 2766 Alcmeonem
816 2726 1073 2766 adnotantur.
1176 2728 1241 2765 13.
1282 2725 1361 2764 οἷσι
1389 2725 1548 2775 φινίδαι
1577 2727 1612 2766 Α

53 2782 149 2821 Ath.
248 2782 312 2820 15.
353 2779 459 2820 ἔστιν
496 2782 532 2820 Α
565 2775 657 2821 Ath.
753 2779 821 2821 τὸν
858 2795 935 2823 0111.
967 2783 1002 2820 A
1035 2783 1144 2822 Stob.
1237 2783 1301 2824 16.
1338 2781 1545 2833 κατάμαθε
1575 2786 1611 2823 A

55 2839 148 2879 Ath.
241 2840 304 2877 18.
335 2850 361 2887 η
391 2835 524 2884 ἄλλοις
552 2834 701 2890 γετοντ’
733 2839 770 2878 Α
800 2839 896 2880 Ath.
991 2835 1253 2889 εὐνοούμενος
1284 2839 1319 2878 Α
1352 2839 1463 2879 Stob.
1545 2842 1610 2882 19.

55 2889 172 2946 ἦττον
202 2892 327 2933 στένει
359 2892 491 2947 Stob.]
521 2893 624 2949 ῥᾷον
653 2892 764 2948 φέρει
794 2897 828 2935 A
862 2896 957 2934 Ath.
1008 2895 1057 2935 cf.
1089 2909 1130 2934 v.
1157 2898 1220 2934 11.
