1890 3190
289 233 372 275 144
874 233 1258 273 ΑΝΑΞΑΝΔΡῙΔΟΤ

925 336 1214 370 ΚΤΝΗΓΕΤΑῙ

1036 413 1095 456 24

557 491 657 542 υίὸς
684 492 772 547 γὰρ
802 489 1024 542 οἰκόσιτος
1050 489 1143 548 ἡδυ
1171 494 1357 545 γίνεται.

400 586 629 625 Athenaeus
667 587 714 634 6,
744 586 825 624 247
846 599 867 624 e
884 586 903 624 f
939 581 1247 638 Ἀναξανδρίδης
1285 584 1330 625 ἐν
1366 584 1616 639 Κυνηγέταις
1649 589 1767 629 κτλ.
1755 611 1798 637 -,

286 642 509 692 Antiphan.
544 643 639 682 200.
686 642 842 682 Anaxil.
874 643 942 681 39.
1764 652 1790 670 >-

822 789 853 820 K
856 787 1315 822 ΩΜΩΙΔΟΤΡΑΓΩΙΔΙΑ

401 867 461 907 Of.
503 867 621 907 Mein.
660 868 680 906 Ι
709 868 790 906 247
826 857 871 906 οὗ
905 881 1005 918 quae
1041 870 1090 908 ad
1130 869 1265 908 Alcaei
1303 854 1726 920 Comoedotrayoed‘iah

290 925 569 964 adnotavimus
599 925 619 963 I
641 926 734 964 760.

1038 989 1095 1031 25

555 1046 801 1100 γελασίνην

400 1135 476 1189 τὴν
489 1135 612 1177 πολλὰ
628 1140 817 1190 γελῶσαν
855 1134 1167 1190 Ἀναξανδρίδης
1183 1136 1228 1178 ἐν
1242 1138 1630 1197 Κωμῳδοτραγῳδίᾳ.
1670 1141 1755 1180 Bek
1768 1160 1770 1175 1

288 1196 437 1235 Aneed.
470 1196 544 1246 87,
568 1197 636 1235 23.
723 1194 961 1247 γελασιήδην
991 1197 1077 1236 cod.
1116 1217 1174 1225 —
1211 1197 1316 1246 apud
1346 1194 1560 1237 Abderitas
1589 1198 1796 1238 Demoeri

288 1253 499 1299 Γελασῖνος
529 1252 817 1302 adpellabatur.
867 1251 1023 1292 Aelian.
1054 1252 1104 1291 V.
1135 1253 1174 1292 h.
1205 1254 1245 1301 4,
1267 1254 1335 1292 20.
1799 1252 1805 1271 ²

941 1375 1197 1408 ΑΟΚΡῙΔΕΣ

402 1456 537 1494 'ritulo
575 1455 744 1494 forsitan
773 1455 924 1506 aliquid
960 1456 1062 1495 lueis
1099 1456 1254 1496 adferat
1284 1457 1513 1496 Athenaeus
1545 1457 1615 1506 12,
1635 1458 1717 1496 516
1737 1470 1761 1496 a.

286 1510 411 1563 μόνον
440 1510 636 1580 Av6’a3v
623 1514 813 1562 γυναῖκες
841 1509 871 1550 οἵ
879 1525 1021 1561 φετοι
1051 1515 1168 1559 τοῖς.
1184 1510 1504 1564 ἐντυχοῦσιν,
1533 1505 1632 1551 ἄλλα
1659 1510 1728 1552 καὶ

289 1682 356 1721 60.
401 1682 450 1720 cf.
481 1684 615 1720 tamen
645 1682 763 1720 efiam
794 1682 936 1732 Polyb.
971 1683 1035 1732 12,
1058 1683 1083 1721 5
1114 1685 1154 1721 et
1183 1695 1283 1733 quae
1313 1684 1362 1722 ad
1393 1654 1661 1733 Φιαληφόρου
1680 1683 1802 1729 tit„

288 1739 579 1778 adnotavimus.
1040 1791 1096 1833 26
1806 1747 1813 1760 ε

537 1870 542 1875 ’
558 1872 709 1926 λῆμμα
738 1867 813 1912 καὶ
842 1869 1059 1925 ανάλωμα

400 1961 711 2032 Ἀναξανδρίδης
755 1963 965 2017 Λοκρίσιν
1039 1964 1210 2004 Bekker.
1248 1964 1400 2003 Anecd.
1441 1966 1544 2012 106,
1573 1965 1640 2003 25.

289 2017 482 2072 ἄνηλωμα
511 2022 576 2061 vel
604 2015 851 2071 ανήλωμαιῆ

911 2143 1220 2177 ΛΤΚΟΤΡΓΟΣ

403 2225 592 2264 Thraciae
611 2237 768 2274 regem,
790 2236 870 2263 non
890 2224 1245 2264 Lacedaemonium
1265 2236 1395 2274 neque
1417 2224 1700 2263 Atheniensem
1720 2214 1824 2272 siff-“ff

288 2281 397 2320 ficari
428 2281 625 2320 existimo.

645 2410 720 2455 καὶ
749 2414 985 2468 συμπαίζει
1014 2413 1296 2468 καριδαρίοις

643 2478 754 2535 μετὰ
782 2480 1030 2536 περκιδίων
1058 2480 1134 2522 καὶ
1162 2481 1459 2536 θρᾳττιδίων,

641 2547 718 2590 καὶ
748 2549 1006 2603 ψητταρίοις
1031 2545 1142 2603 μετὰ
1172 2549 1440 2602 κωθαρίων,

643 2615 719 2657 καὶ
749 2616 1029 2671 σκινδαρίοις
1055 2611 1168 2670 μετὰ
1197 2615 1435 2670 κωβιδίων.

402 2709 628 2750 Athenaeus
666 2710 823 2760 3,105
840 2710 861 2748 f
896 2705 1209 2760 Ἀναξανδρίδης
1246 2703 1471 2774 Λυκούργῳ
1507 2708 1590 2748 κτλ.
1675 2721 1716 2748 v.
1747 2709 1811 2758 14

289 2767 395 2806 idem
434 2767 478 2816 7,
500 2767 582 2805 329
599 2778 620 2805 e
656 2762 717 2804 ’ὄτι
754 2761 798 2803 δὲ
835 2765 1035 2820 θρᾷτταν
1051 2763 1184 2817 ε’λεγον
1219 2759 1262 2803 τὸ
1290 2763 1508 2804 θαλάττιον
1536 2762 1736 2816 ἰχθύδιον,
1775 2760 1811 2769 ⁴*

286 2796 595 2874 Ἀναξανδρίδης
623 2820 861 2874 παρίστησιν
889 2805 934 2861 ἐν
963 2819 1189 2875 Λυκούργῳ
1218 2818 1342 2873 λέγων
1370 2835 1497 2868 ουτως
1525 2822 1607 2859 κτλ.
1682 2823 1718 2862 1.
1755 2838 1814 2869 ’,,,

290 2878 419 2925 παίζει
437 2877 474 2917 Α
497 2877 596 2930 105]
629 2875 883 2930 συμπλιοῖζειν
902 2878 940 2917 A
960 2880 1056 2918 329.
1114 2861 1358 2930 καριδαρίοις
1378 2879 1414 2917 Α
1438 2874 1539 2930 105]
1559 2890 1723 2929 κορακιν
1748 2875 1817 2934 ,21³¹-
