1864 3204
559 216 810 251 ΕΤΑΝΔΡῙΛ
836 234 877 242 -
903 216 1200 251 ΛΤΡοιιοιοΣ
1581 212 1664 255 267

862 318 912 361 13

537 392 691 440 δεινὸν
719 397 805 452 μὲν
834 394 921 452 γάρ
953 395 1111 452 ἔχονθ’
1143 393 1222 446 ὑὸς

536 464 725 521 ῥύγχος,
757 456 791 508 ὦ
824 466 931 520 φίλε
962 466 1170 521 Κινησία.

215 560 441 600 Athenaeus
482 561 527 610 3,
551 559 641 599 95b
675 555 884 608 Ἀναξίλας
922 555 961 597 δ’
996 557 1040 598 ἐν
1077 558 1207 613 Κίρκῃ
1243 561 1323 597 κτλ.
1387 557 1581 609 Κινησία,
1621 571 1668 597 ex

99 630 179 669 quo
210 619 297 657 tota
335 616 536 668 pendebat
573 617 738 668 Bergkii
767 630 886 667 quam
918 618 1313 657 commemoravimus
1343 616 1390 656 fr.
1426 617 1489 655 10.
1524 617 1573 654 11
1606 615 1664 654 in-

101 676 353 725 terpretatio,
403 676 637 723 corruptum
682 686 768 713 esse
806 674 960 712 numeri
1005 675 1183 724 arguunt
1218 674 1431 712 manifesto
1468 672 1667 724 glyconei.

103 729 262 780 Κνησία
292 731 412 771 Mein.
453 731 494 770 in
523 731 587 769 ed.
619 733 722 780 utr.‚
761 730 932 782 κνησιᾶν
961 730 981 769 Ι
1012 731 1094 769 228
1126 728 1357 781 (probatum
1389 728 1527 769 Cobet.
1559 729 1609 768 N.
1640 729 1668 767 l.

104 785 219 841 623).
265 790 307 827 at
327 800 437 827 suem
464 792 636 838 κνησιᾶν
664 788 765 827 nihil
795 790 858 827 est
886 788 992 838 quod
1012 788 1182 827 mireris.
1228 788 1279 827 cf.
1302 786 1480 837 Xenoph.
1503 787 1669 827 Memor.

105 846 142 896 1,
166 846 204 894 2,
230 847 296 885 30.
351 845 454 895 apud
477 844 693 883 Homerum
716 847 847 884 autem
870 843 945 884 od.
971 845 1035 895 10,
1059 845 1138 883 241
1172 840 1227 891 ὡς
1248 840 1378 894 οἱμὲν
1407 841 1670 889 κλαίοντες

102 898 259 953 ἐέρχατο
303 899 401 955 (iam
437 901 727 953 commutati),
750 901 855 941 unde
893 902 1149 941 manifestum
1195 903 1257 941 est
1295 901 1546 941 scribendum
1586 912 1671 939 esse

102 958 369 998 κλαυσιᾶν.
428 959 554 998 Arist.
585 958 691 998 Plut.
725 960 850 998 1098.
906 971 998 998 nam
1036 959 1241 998 lacrimare
1271 971 1400 1009 suem,
1440 958 1482 997 id
1513 957 1672 997 demum

102 1018 334 1067 portentum
366 1017 438 1055 est.

866 1069 918 1111 14

105 1211 124 1247 λ
207 1153 418 1248 ἕΒίοςῗιΡε
438 1153 570 1193 Laert.
590 1153 628 1203 3,
646 1153 699 1191 28
721 1149 898 1203 χλευάζει
917 1147 959 1190 δ’
980 1147 1105 1191 αὐτὸν
1128 1148 1406 1204 (Πλάτωνα)
1429 1148 1496 1190 καὶ
1512 1146 1671 1198 Ἀναξί-

128 1223 175 1257 ας
228 1224 251 1248 ν
267 1240 275 1248 .
295 1241 303 1249 .
363 1223 466 1263 ιρκῃ.

220 1265 278 1306 Cf.
310 1268 514 1317 praeterea
543 1279 642 1317 quae
673 1266 722 1305 ad
755 1266 931 1317 Ephippi
963 1266 1100 1306 Circen
1130 1266 1422 1306 adnotavimus.

731 1389 1028 1424 ΛΤΡΟΠΟΙΟΣ

128 1529 148 1567 f
190 1471 378 1568 f'l'itlugus
415 1473 459 1511 in
494 1472 608 1512 libris
647 1483 719 1511 ms.
759 1472 925 1512 mirifice
962 1472 1189 1522 corruptus.
1229 1471 1402 1510 Meinek.
1440 1470 1461 1509 I
1500 1470 1598 1509 408.
1633 1471 1670 1508 9.

106 1542 126 1568 c
147 1557 156 1568 .
208 1542 238 1567 ι·.
332 1559 341 1567 .

864 1582 917 1624 15

369 1660 454 1716 ἐγώ
488 1661 537 1703 δὲ
568 1662 836 1716 βαρβίτους,
868 1660 1156 1716 τριχόρδους,
1187 1661 1430 1716 πηκτίδας,

368 1728 582 1785 κιθάρας,
615 1728 778 1785 λύρας,
812 1726 1067 1780 σκινδαψὸν
1100 1728 1390 1784 ἐξηρτυόμαν.

223 1824 455 1863 Athenaeus
488 1824 677 1874 4,]831)
716 1818 956 1874 μνημονεύει
986 1818 1023 1861 δ’
1059 1818 1185 1862 αὐτοῦ
1215 1819 1307 1878 (τοῦ
1337 1820 1645 1872 σκινδαψοῦ)..
1715 1859 1719 1862 .

107 1876 312 1929 Ἀναξίλας
345 1878 389 1919 ἔν
419 1880 634 1934 Λυροποιῷ
664 1882 745 1922 κτλ.
814 1877 1064 1934 τριχόρδους]
1096 1879 1323 1931 τρίχορδον,
1362 1893 1462 1936 quae
1492 1880 1676 1930 legitima

108 1939 238 1978 forma
255 1940 332 2006 est,
363 1950 444 1977 ιιοιι
474 1936 687 1990 τρίχορδος,
719 1938 839 1977 Mein.
894 1937 1037 1976 Pollux
1058 1938 1096 1986 4,
1120 1938 1175 1977 60
1205 1934 1412 1988 τρίχορδον
1430 1927 1485 1975 δὲ
1517 1932 1675 1988 (Ἀσσυ-

109 1988 271 2048 ρίων)’
245 2008 298 2045 ην
318 1991 361 2032 τὸ
381 1990 549 2045 εὕρημα.
587 1993 769 2046 τρίχορδα
791 1994 997 2034 Herwerd.
1018 1994 1123 2035 Nov.
1146 1994 1236 2033 add.
1260 1994 1348 2033 crit.
1373 1995 1439 2033 28.
1500 1995 1538 2032 2.
1561 2002 1673 2031 σκιν-

110 2049 248 2101 δαψὸν
277 2051 419 2091 Bernh.
451 2051 654 2091 Eratosth.
680 2048 779 2104 139]
811 2048 1064 2101 σκινδαψοὺς
1094 2051 1144 2090 Α.
1193 2046 1383 2100 ἔξηρτυον
1411 2047 1466 2088 o'c'v
1499 2050 1670 2090 Meinek.

111 2105 354 2159 ἕξηρτυόμην
390 2108 613 2148 Bernhard.
653 2107 826 2148 Cobetus
857 2107 1021 2148 Oollect.
1061 2108 1148 2148 crit.
1182 2109 1263 2147 343
1295 2108 1530 2147 Doriensem
1560 2107 1672 2157 loqui

111 2165 342 2260 exitstgmans
373 2165 521 2205 formas
552 2166 705 2204 doricas
741 2165 920 2204 restituit
947 2163 1164 2218 βάρβιτος,
1204 2163 1424 2216 τρίχορδος,
1465 2161 1675 2213 πακτίδας,

111 2232 159 2260 σκ
178 2236 200 2259 ν
228 2229 347 2270 αψος.

223 2278 368 2318 Athen.
394 2279 504 2319 182f
526 2275 793 2330 Ἀριστόξενος
815 2276 968 2328 ἔκφυλα
989 2275 1138 2331 ὄργανα
1159 2280 1276 2318 καλεῖ
1279 2309 1288 2319 .
1307 2276 1540 2330 .πηκτίδας.
1562 2309 1570 2317 .
1591 2275 1677 2318 .καὶ

112 2333 377 2383 σκινδαψούς.
429 2337 539 2375 1838.
569 2334 651 2374 ἔστι
681 2331 720 2374 δ’
745 2331 766 2374 ὁ
800 2332 1024 2385 σκινδαψὸς
1045 2333 1305 2387 τετράχορδον
1324 2333 1508 2388 ὄργανον.
1539 2333 1674 2385 πηκτί-

113 2391 184 2439 δας
222 2394 503 2432 commemorat
539 2394 660 2432 etiam
697 2393 821 2432 Arist.
863 2392 1021 2432 Thesm.
1064 2394 1187 2432 1217.
1246 2393 1415 2433 Photius
1452 2389 1673 2441 κινδαψός·

113 2447 286 2501 ὄργανον
315 2446 444 2490 ποιόν.

869 2502 920 2544 16

713 2583 806 2631 πῶς
836 2582 972 2637 ἕχεις;
1004 2578 1063 2632 ὦς
1092 2581 1245 2637 ἰσχνὸς
1277 2579 1328 2625 εἶ.

317 2652 367 2692 Β.
399 2648 669 2705 ἀπόλλυμαι.
730 2650 880 2705 τρέφω
910 2647 998 2706 γὰρ
1031 2648 1082 2693 ἐν
1112 2648 1238 2706 ἀγρῷ
1271 2652 1450 2706 χωριᾝον

229 2744 425 2783 Stobaeus
463 2744 602 2784 Floril.
635 2746 708 2794 57,
731 2745 758 2783 4
791 2737 1028 2792 Ἀναξιλάου
1067 2740 1110 2782 ἐκ
1141 2744 1387 2795 Λυροποιοῦ.
1506 2744 1541 2781 1.
1572 2740 1675 2796 πῶς]

113 2803 209 2847 παῖς
247 2802 296 2840 A.
355 2795 431 2853 ως]
476 2800 532 2847 εἰς
571 2801 702 2840 Trinc.
742 2794 876 2851 ἰσχνὸς
913 2800 1127 2852 Valckem]
1174 2800 1351 2852 ἴσχανος.
1423 2799 1676 2854 Λυροποιοῦ]

116 2862 295 2930 μυρπΐου
325 2880 403 2919 ‘sie
432 2880 515 2919 fere
537 2880 605 2919 A.’
638 2879 761 2920 Gaisf.
792 2879 987 2932 μυρεπίου
1009 2881 1054 2922 Β.
1102 2881 1271 2920 fortasse
1293 2881 1416 2933 igitur
1438 2879 1675 2932 Μυροποιός
