<?xml version="1.0" encoding="UTF-8"?>
<!DOCTYPE html PUBLIC "-//W3C//DTD XHTML 1.0 Transitional//EN"
    "http://www.w3.org/TR/xhtml1/DTD/xhtml1-transitional.dtd">
<html xmlns="http://www.w3.org/1999/xhtml" xml:lang="en" lang="en">
 <head>
  <title>
</title>
<meta http-equiv="Content-Type" content="text/html;charset=utf-8" />
  <meta name='ocr-system' content='tesseract 3.04.00' />
  <meta name='ocr-capabilities' content='ocr_page ocr_carea ocr_par ocr_line ocrx_word'/>
</head>
<body>
  <div class='ocr_page' id='page_1' title='image "./comicorumatticor02kockuoft_0382.png"; bbox 0 0 1864 3204; ppageno 0'>
   <div class='ocr_carea' id='block_1_1' title="bbox 207 170 1109 212">
    <p class='ocr_par' dir='ltr' id='par_1_1' title="bbox 207 170 1109 212">
     <span class='ocr_line' id='line_1_1' title="bbox 207 170 1109 212; baseline -0.004 0"><span class='ocrx_word' id='word_1_1' title='bbox 207 170 290 212; x_wconf 82' lang='lat'><em>376</em></span> <span class='ocrx_word' id='word_1_2' title='bbox 857 172 1109 212; x_wconf 79' lang='grc' dir='ltr'><strong>ΑΛΕΞῙΔΟΣ</strong></span> 
     </span>
    </p>
   </div>
   <div class='ocr_carea' id='block_1_2' title="bbox 198 272 1762 501">
    <p class='ocr_par' dir='ltr' id='par_1_2' title="bbox 198 272 1762 501">
     <span class='ocr_line' id='line_1_2' title="bbox 198 272 1760 333; baseline 0.008 -23"><span class='ocrx_word' id='word_1_3' title='bbox 198 272 351 322; x_wconf 79' lang='grc' dir='ltr'><em>’Ἀλεξις</em></span> <span class='ocrx_word' id='word_1_4' title='bbox 382 273 673 327; x_wconf 83' lang='grc' dir='ltr'><strong><em>Συντρέχουσιν</em></strong></span> <span class='ocrx_word' id='word_1_5' title='bbox 702 279 782 316; x_wconf 85' lang='grc' dir='ltr'><em>κτλ.</em></span> <span class='ocrx_word' id='word_1_6' title='bbox 841 291 877 317; x_wconf 89' lang='lat' dir='ltr'><em>v.</em></span> <span class='ocrx_word' id='word_1_7' title='bbox 900 280 921 316; x_wconf 91' lang='lat'>1</span> <span class='ocrx_word' id='word_1_8' title='bbox 945 278 1179 318; x_wconf 83' lang='lat' dir='ltr'><strong>Eustathius</strong></span> <span class='ocrx_word' id='word_1_9' title='bbox 1205 281 1323 328; x_wconf 85' lang='lat'>1712,</span> <span class='ocrx_word' id='word_1_10' title='bbox 1342 281 1396 319; x_wconf 89' lang='lat'><em>45</em></span> <span class='ocrx_word' id='word_1_11' title='bbox 1419 278 1588 330; x_wconf 67' lang='grc' dir='ltr'><em>Ἄλεξις·</em></span> <span class='ocrx_word' id='word_1_12' title='bbox 1614 275 1693 333; x_wconf 84' lang='grc' dir='ltr'><em>’Λφ</em></span> <span class='ocrx_word' id='word_1_13' title='bbox 1717 296 1760 322; x_wconf 92' lang='grc' dir='ltr'><em>ο-</em></span> 
     </span>
     <span class='ocr_line' id='line_1_3' title="bbox 208 328 1762 385; baseline 0.006 -17"><span class='ocrx_word' id='word_1_14' title='bbox 208 330 318 380; x_wconf 82' lang='grc' dir='ltr'><em>δίτης</em></span> <span class='ocrx_word' id='word_1_15' title='bbox 349 329 425 382; x_wconf 88' lang='grc' dir='ltr'><em>εἰμὶ</em></span> <span class='ocrx_word' id='word_1_16' title='bbox 456 328 693 385; x_wconf 81' lang='grc' dir='ltr'><em>περιστερός.</em></span> <span class='ocrx_word' id='word_1_17' title='bbox 742 334 846 372; x_wconf 87' lang='lat' dir='ltr'><strong>idem</strong></span> <span class='ocrx_word' id='word_1_18' title='bbox 880 336 1009 383; x_wconf 91' lang='lat'>1770,</span> <span class='ocrx_word' id='word_1_19' title='bbox 1033 336 1084 374; x_wconf 91' lang='lat'><em>13</em></span> <span class='ocrx_word' id='word_1_20' title='bbox 1113 337 1307 375; x_wconf 79' lang='grc' dir='ltr'><em>συντελεῖ</em></span> <span class='ocrx_word' id='word_1_21' title='bbox 1340 333 1384 374; x_wconf 83' lang='grc' dir='ltr'><em>δέ</em></span> <span class='ocrx_word' id='word_1_22' title='bbox 1413 351 1449 375; x_wconf 91' lang='grc' dir='ltr'><em>τι</em></span> <span class='ocrx_word' id='word_1_23' title='bbox 1478 336 1544 376; x_wconf 80' lang='grc' dir='ltr'><em>καὶ</em></span> <span class='ocrx_word' id='word_1_24' title='bbox 1573 335 1639 377; x_wconf 83' lang='grc' dir='ltr'><em>τό·</em></span> <span class='ocrx_word' id='word_1_25' title='bbox 1742 353 1762 378; x_wconf 82' lang='grc' dir='ltr'><em>ε</em></span> 
     </span>
     <span class='ocr_line' id='line_1_4' title="bbox 210 384 1760 449; baseline 0.006 -24"><span class='ocrx_word' id='word_1_26' title='bbox 210 386 409 435; x_wconf 85' lang='grc' dir='ltr'><em>Διόνυσος</em></span> <span class='ocrx_word' id='word_1_27' title='bbox 440 384 483 427; x_wconf 83' lang='grc' dir='ltr'><em>τὸ</em></span> <span class='ocrx_word' id='word_1_28' title='bbox 510 403 548 438; x_wconf 87' lang='grc' dir='ltr'><em>μ.</em></span> <span class='ocrx_word' id='word_1_29' title='bbox 580 412 633 417; x_wconf 84' lang='grc'><strong>-</strong></span> <span class='ocrx_word' id='word_1_30' title='bbox 663 386 710 428; x_wconf 85' lang='grc' dir='ltr'><em>οὐ</em></span> <span class='ocrx_word' id='word_1_31' title='bbox 748 388 998 442; x_wconf 82' lang='grc' dir='ltr'><em>πεφρόντηκε</em></span> <span class='ocrx_word' id='word_1_32' title='bbox 1028 387 1134 444; x_wconf 86' lang='lat' dir='ltr'><strong>(sic).</strong></span> <span class='ocrx_word' id='word_1_33' title='bbox 1225 395 1262 431; x_wconf 92' lang='lat'><em>1.</em></span> <span class='ocrx_word' id='word_1_34' title='bbox 1295 391 1433 440; x_wconf 85' lang='grc' dir='ltr'><em>λευκὸς</em></span> <span class='ocrx_word' id='word_1_35' title='bbox 1464 392 1705 449; x_wconf 71' lang='lat' dir='ltr'><strong>Schweigh]</strong></span> <span class='ocrx_word' id='word_1_36' title='bbox 1737 391 1760 434; x_wconf 86' lang='grc' dir='ltr'>ὁ</span> 
     </span>
     <span class='ocr_line' id='line_1_5' title="bbox 207 439 1529 501; baseline 0.007 -20"><span class='ocrx_word' id='word_1_37' title='bbox 207 442 345 491; x_wconf 85' lang='grc' dir='ltr'><em>λευκὸς</em></span> <span class='ocrx_word' id='word_1_38' title='bbox 378 445 425 486; x_wconf 91' lang='lat' dir='ltr'><em>A.</em></span> <span class='ocrx_word' id='word_1_39' title='bbox 516 447 554 484; x_wconf 86' lang='lat'><em>2.</em></span> <span class='ocrx_word' id='word_1_40' title='bbox 588 439 608 483; x_wconf 89' lang='grc' dir='ltr'>ὁ</span> <span class='ocrx_word' id='word_1_41' title='bbox 639 443 683 485; x_wconf 79' lang='grc' dir='ltr'><em>δὲ</em></span> <span class='ocrx_word' id='word_1_42' title='bbox 714 444 956 500; x_wconf 69' lang='lat' dir='ltr'><strong>Schweigh]</strong></span> <span class='ocrx_word' id='word_1_43' title='bbox 987 443 1069 487; x_wconf 89' lang='grc' dir='ltr'><em>ὁιδε</em></span> <span class='ocrx_word' id='word_1_44' title='bbox 1098 448 1146 487; x_wconf 92' lang='grc' dir='ltr'><em>Α.</em></span> <span class='ocrx_word' id='word_1_45' title='bbox 1235 443 1336 501; x_wconf 83' lang='grc' dir='ltr'><em>οἶδε]</em></span> <span class='ocrx_word' id='word_1_46' title='bbox 1368 449 1450 489; x_wconf 87' lang='grc' dir='ltr'><em>οιδε</em></span> <span class='ocrx_word' id='word_1_47' title='bbox 1478 451 1529 490; x_wconf 91' lang='lat' dir='ltr'><em>A.</em></span> 
     </span>
    </p>
   </div>
   <div class='ocr_carea' id='block_1_3' title="bbox 206 498 1761 779">
    <p class='ocr_par' dir='ltr' id='par_1_3' title="bbox 206 498 1761 779">
     <span class='ocr_line' id='line_1_6' title="bbox 320 498 1761 559; baseline 0.006 -20"><span class='ocrx_word' id='word_1_48' title='bbox 320 498 459 549; x_wconf 87' lang='grc' dir='ltr'><em>λευκὸς</em></span> <span class='ocrx_word' id='word_1_49' title='bbox 488 498 723 554; x_wconf 80' lang='grc' dir='ltr'><em>περιστερός,</em></span> <span class='ocrx_word' id='word_1_50' title='bbox 754 504 779 543; x_wconf 92' lang='lat' dir='ltr'><em>i.</em></span> <span class='ocrx_word' id='word_1_51' title='bbox 800 517 833 542; x_wconf 89' lang='lat' dir='ltr'><em>e.</em></span> <span class='ocrx_word' id='word_1_52' title='bbox 857 502 957 550; x_wconf 84' lang='grc' dir='ltr'><em>νέος.</em></span> <span class='ocrx_word' id='word_1_53' title='bbox 990 505 1124 544; x_wconf 86' lang='lat' dir='ltr'><strong>Venus</strong></span> <span class='ocrx_word' id='word_1_54' title='bbox 1154 506 1314 545; x_wconf 81' lang='lat' dir='ltr'><strong>iuvenes</strong></span> <span class='ocrx_word' id='word_1_55' title='bbox 1345 509 1469 557; x_wconf 80' lang='lat' dir='ltr'><strong>amat3</strong></span> <span class='ocrx_word' id='word_1_56' title='bbox 1500 508 1654 548; x_wconf 83' lang='lat' dir='ltr'><strong>Baccho</strong></span> <span class='ocrx_word' id='word_1_57' title='bbox 1672 504 1761 559; x_wconf 77' lang='lat' dir='ltr'><strong>per·</strong></span> 
     </span>
     <span class='ocr_line' id='line_1_7' title="bbox 207 558 1759 615; baseline 0.006 -20"><span class='ocrx_word' id='word_1_58' title='bbox 207 558 298 596; x_wconf 88' lang='lat' dir='ltr'><strong>inde</strong></span> <span class='ocrx_word' id='word_1_59' title='bbox 329 560 402 607; x_wconf 85' lang='lat' dir='ltr'><strong>est,</strong></span> <span class='ocrx_word' id='word_1_60' title='bbox 434 559 618 598; x_wconf 84' lang='lat' dir='ltr'><strong>iuvenem</strong></span> <span class='ocrx_word' id='word_1_61' title='bbox 649 573 700 601; x_wconf 81' lang='lat' dir='ltr'><em>an</em></span> <span class='ocrx_word' id='word_1_62' title='bbox 730 573 863 599; x_wconf 88' lang='lat' dir='ltr'><strong>senem</strong></span> <span class='ocrx_word' id='word_1_63' title='bbox 892 561 1071 600; x_wconf 85' lang='lat' dir='ltr'><strong>inveniat</strong></span> <span class='ocrx_word' id='word_1_64' title='bbox 1100 563 1266 611; x_wconf 80' lang='lat' dir='ltr'><strong>potandi</strong></span> <span class='ocrx_word' id='word_1_65' title='bbox 1296 563 1482 605; x_wconf 83' lang='lat' dir='ltr'><strong>sodalem.</strong></span> <span class='ocrx_word' id='word_1_66' title='bbox 1527 561 1665 615; x_wconf 74' lang='grc' dir='ltr'><em>νέονῆ</em></span> <span class='ocrx_word' id='word_1_67' title='bbox 1683 577 1759 604; x_wconf 77' lang='grc' dir='ltr'><em>πα·</em></span> 
     </span>
     <span class='ocr_line' id='line_1_8' title="bbox 206 610 1760 667; baseline 0.006 -15"><span class='ocrx_word' id='word_1_68' title='bbox 206 610 330 663; x_wconf 86' lang='grc' dir='ltr'><em>λαιόν,</em></span> <span class='ocrx_word' id='word_1_69' title='bbox 360 615 386 654; x_wconf 85' lang='lat' dir='ltr'><em>i.</em></span> <span class='ocrx_word' id='word_1_70' title='bbox 409 628 444 654; x_wconf 86' lang='lat' dir='ltr'><em>e.</em></span> <span class='ocrx_word' id='word_1_71' title='bbox 477 612 648 667; x_wconf 75' lang='grc' dir='ltr'><em>ἑταῖρον,</em></span> <span class='ocrx_word' id='word_1_72' title='bbox 678 629 759 656; x_wconf 91' lang='lat' dir='ltr'><em>non</em></span> <span class='ocrx_word' id='word_1_73' title='bbox 789 610 910 658; x_wconf 84' lang='grc' dir='ltr'><em>οἶνον.</em></span> <span class='ocrx_word' id='word_1_74' title='bbox 949 617 997 656; x_wconf 89' lang='lat' dir='ltr'><strong>de</strong></span> <span class='ocrx_word' id='word_1_75' title='bbox 1027 619 1201 658; x_wconf 79' lang='lat' dir='ltr'><em>columba</em></span> <span class='ocrx_word' id='word_1_76' title='bbox 1232 620 1323 659; x_wconf 81' lang='lat' dir='ltr'><em>alba</em></span> <span class='ocrx_word' id='word_1_77' title='bbox 1353 620 1402 659; x_wconf 90' lang='lat' dir='ltr'><em>cf.</em></span> <span class='ocrx_word' id='word_1_78' title='bbox 1435 620 1564 660; x_wconf 84' lang='lat' dir='ltr'><strong>Hehn.</strong></span> <span class='ocrx_word' id='word_1_79' title='bbox 1594 621 1760 661; x_wconf 88' lang='lat' dir='ltr'><strong>Kultur-</strong></span> 
     </span>
     <span class='ocr_line' id='line_1_9' title="bbox 206 667 1759 727; baseline 0.006 -18"><span class='ocrx_word' id='word_1_80' title='bbox 206 667 293 720; x_wconf 84' lang='lat' dir='ltr'><strong>pfl.²</strong></span> <span class='ocrx_word' id='word_1_81' title='bbox 325 673 405 711; x_wconf 84' lang='lat'><em>289</em></span> <span class='ocrx_word' id='word_1_82' title='bbox 428 685 502 722; x_wconf 65' lang='lat' dir='ltr'><em>sq„</em></span> <span class='ocrx_word' id='word_1_83' title='bbox 534 673 602 722; x_wconf 78' lang='lat' dir='ltr'><strong>qui</strong></span> <span class='ocrx_word' id='word_1_84' title='bbox 632 673 763 712; x_wconf 84' lang='lat' dir='ltr'><strong>adfert</strong></span> <span class='ocrx_word' id='word_1_85' title='bbox 792 673 937 713; x_wconf 82' lang='lat' dir='ltr'><strong>Catuli.</strong></span> <span class='ocrx_word' id='word_1_86' title='bbox 961 675 1026 725; x_wconf 86' lang='lat'><em>29,</em></span> <span class='ocrx_word' id='word_1_87' title='bbox 1049 676 1088 717; x_wconf 88' lang='grc'><em>8.</em></span> <span class='ocrx_word' id='word_1_88' title='bbox 1127 675 1274 715; x_wconf 84' lang='lat' dir='ltr'><strong>Tibull.</strong></span> <span class='ocrx_word' id='word_1_89' title='bbox 1300 678 1336 726; x_wconf 92' lang='lat'><em>1,</em></span> <span class='ocrx_word' id='word_1_90' title='bbox 1360 678 1396 727; x_wconf 91' lang='lat'><em>7,</em></span> <span class='ocrx_word' id='word_1_91' title='bbox 1421 677 1485 716; x_wconf 86' lang='lat'><em>17.</em></span> <span class='ocrx_word' id='word_1_92' title='bbox 1526 677 1644 718; x_wconf 78' lang='lat' dir='ltr'><strong>Ovid.</strong></span> <span class='ocrx_word' id='word_1_93' title='bbox 1663 678 1759 720; x_wconf 87' lang='lat' dir='ltr'><strong>Met.</strong></span> 
     </span>
     <span class='ocr_line' id='line_1_10' title="bbox 209 728 816 779; baseline 0.007 -14"><span class='ocrx_word' id='word_1_94' title='bbox 209 728 246 777; x_wconf 83' lang='lat'><em>2,</em></span> <span class='ocrx_word' id='word_1_95' title='bbox 269 729 364 767; x_wconf 88' lang='lat'><strong>536.</strong></span> <span class='ocrx_word' id='word_1_96' title='bbox 397 729 569 768; x_wconf 81' lang='lat' dir='ltr'><strong>Martial.</strong></span> <span class='ocrx_word' id='word_1_97' title='bbox 599 730 638 779; x_wconf 90' lang='grc'><em>8,</em></span> <span class='ocrx_word' id='word_1_98' title='bbox 662 731 727 778; x_wconf 85' lang='grc'><em>28,</em></span> <span class='ocrx_word' id='word_1_99' title='bbox 753 731 816 769; x_wconf 91' lang='grc'><em>13.</em></span> 
     </span>
    </p>
   </div>
   <div class='ocr_carea' id='block_1_4' title="bbox 940 795 1024 838">
    <p class='ocr_par' dir='ltr' id='par_1_4' title="bbox 940 795 1024 838">
     <span class='ocr_line' id='line_1_11' title="bbox 940 795 1024 838; baseline 0.012 -1"><span class='ocrx_word' id='word_1_100' title='bbox 940 795 1024 838; x_wconf 87' lang='grc'><strong>215</strong></span> 
     </span>
    </p>
   </div>
   <div class='ocr_carea' id='block_1_5' title="bbox 208 874 1758 983">
    <p class='ocr_par' dir='ltr' id='par_1_5' title="bbox 208 874 1758 983">
     <span class='ocr_line' id='line_1_12' title="bbox 320 874 1758 934; baseline 0.006 -21"><span class='ocrx_word' id='word_1_101' title='bbox 320 874 550 914; x_wconf 75' lang='lat' dir='ltr'><strong>Athenaeus</strong></span> <span class='ocrx_word' id='word_1_102' title='bbox 572 877 610 926; x_wconf 85' lang='grc'><em>8,</em></span> <span class='ocrx_word' id='word_1_103' title='bbox 619 876 701 915; x_wconf 88' lang='lat'><em>340</em></span> <span class='ocrx_word' id='word_1_104' title='bbox 711 889 734 915; x_wconf 82' lang='lat' dir='ltr'><strong>a</strong></span> <span class='ocrx_word' id='word_1_105' title='bbox 764 874 934 916; x_wconf 81' lang='grc' dir='ltr'><em>σκώπτει</em></span> <span class='ocrx_word' id='word_1_106' title='bbox 956 874 1014 930; x_wconf 85' lang='lat' dir='ltr'><em>(K</em></span> <span class='ocrx_word' id='word_1_107' title='bbox 1020 892 1045 915; x_wconf 89' lang='grc' dir='ltr'><em>α</em></span> <span class='ocrx_word' id='word_1_108' title='bbox 1054 879 1075 916; x_wconf 92' lang='grc' dir='ltr'><em>λ</em></span> <span class='ocrx_word' id='word_1_109' title='bbox 1084 880 1104 917; x_wconf 94' lang='grc' dir='ltr'><em>λ</em></span> <span class='ocrx_word' id='word_1_110' title='bbox 1113 892 1128 916; x_wconf 97' lang='grc' dir='ltr'><em>ι</em></span> <span class='ocrx_word' id='word_1_111' title='bbox 1136 893 1164 928; x_wconf 90' lang='grc' dir='ltr'><em>μ</em></span> <span class='ocrx_word' id='word_1_112' title='bbox 1173 875 1190 916; x_wconf 89' lang='grc' dir='ltr'><em>ε’</em></span> <span class='ocrx_word' id='word_1_113' title='bbox 1199 878 1223 917; x_wconf 90' lang='grc' dir='ltr'><em>δ</em></span> <span class='ocrx_word' id='word_1_114' title='bbox 1232 893 1253 917; x_wconf 95' lang='grc' dir='ltr'><em>ο</em></span> <span class='ocrx_word' id='word_1_115' title='bbox 1265 893 1284 916; x_wconf 89' lang='grc' dir='ltr'>ν</span> <span class='ocrx_word' id='word_1_116' title='bbox 1295 894 1314 918; x_wconf 88' lang='grc' dir='ltr'><em>τ</em></span> <span class='ocrx_word' id='word_1_117' title='bbox 1324 882 1369 930; x_wconf 91' lang='grc' dir='ltr'><em>α)</em></span> <span class='ocrx_word' id='word_1_118' title='bbox 1399 877 1477 919; x_wconf 78' lang='grc' dir='ltr'><em>κάν</em></span> <span class='ocrx_word' id='word_1_119' title='bbox 1497 884 1578 928; x_wconf 89' lang='grc' dir='ltr'><em>τοῖς</em></span> <span class='ocrx_word' id='word_1_120' title='bbox 1599 879 1758 934; x_wconf 67' lang='grc' dir='ltr'><em>ἐπιφρα-</em></span> 
     </span>
     <span class='ocr_line' id='line_1_13' title="bbox 208 928 734 983; baseline 0.004 -14"><span class='ocrx_word' id='word_1_121' title='bbox 208 928 396 982; x_wconf 83' lang='grc' dir='ltr'><em>φομένοις</em></span> <span class='ocrx_word' id='word_1_122' title='bbox 428 929 734 983; x_wconf 84' lang='grc' dir='ltr'><em>Συντρέχουσιν.</em></span> 
     </span>
    </p>
   </div>
   <div class='ocr_carea' id='block_1_6' title="bbox 836 1044 1123 1080">
    <p class='ocr_par' dir='ltr' id='par_1_6' title="bbox 836 1044 1123 1080">
     <span class='ocr_line' id='line_1_14' title="bbox 836 1044 1123 1080; baseline 0 -2"><span class='ocrx_word' id='word_1_123' title='bbox 836 1044 1123 1080; x_wconf 80' lang='grc' dir='ltr'><strong>ΣΤΝΤΡΟΦΟῙ</strong></span> 
     </span>
    </p>
   </div>
   <div class='ocr_carea' id='block_1_7' title="bbox 204 1125 1758 1278">
    <p class='ocr_par' dir='ltr' id='par_1_7' title="bbox 204 1125 1758 1278">
     <span class='ocr_line' id='line_1_15' title="bbox 316 1125 1758 1178; baseline 0.006 -16"><span class='ocrx_word' id='word_1_124' title='bbox 316 1125 467 1163; x_wconf 88' lang='lat' dir='ltr'><strong>Eodem</strong></span> <span class='ocrx_word' id='word_1_125' title='bbox 496 1125 654 1164; x_wconf 89' lang='lat' dir='ltr'><strong>nomine</strong></span> <span class='ocrx_word' id='word_1_126' title='bbox 685 1125 884 1176; x_wconf 84' lang='lat' dir='ltr'><strong>Diphilus,</strong></span> <span class='ocrx_word' id='word_1_127' title='bbox 914 1127 1167 1178; x_wconf 85' lang='lat' dir='ltr'><strong>Posidippus,</strong></span> <span class='ocrx_word' id='word_1_128' title='bbox 1198 1128 1451 1169; x_wconf 83' lang='lat' dir='ltr'><strong>Damoxenus</strong></span> <span class='ocrx_word' id='word_1_129' title='bbox 1481 1130 1634 1170; x_wconf 82' lang='lat' dir='ltr'><strong>fabulas</strong></span> <span class='ocrx_word' id='word_1_130' title='bbox 1664 1132 1758 1171; x_wconf 85' lang='lat' dir='ltr'><strong>scri-</strong></span> 
     </span>
     <span class='ocr_line' id='line_1_16' title="bbox 204 1183 385 1230; baseline -0.006 -10"><span class='ocrx_word' id='word_1_131' title='bbox 204 1183 385 1230; x_wconf 77' lang='lat' dir='ltr'><strong>pserunt.</strong></span> 
     </span>
     <span class='ocr_line' id='line_1_17' title="bbox 935 1236 1018 1278; baseline 0 0"><span class='ocrx_word' id='word_1_132' title='bbox 935 1236 1018 1278; x_wconf 80' lang='lat'><em>216</em></span> 
     </span>
    </p>
   </div>
   <div class='ocr_carea' id='block_1_8' title="bbox 202 1310 1758 1894">
    <p class='ocr_par' dir='ltr' id='par_1_8' title="bbox 435 1310 1500 1574">
     <span class='ocr_line' id='line_1_18' title="bbox 435 1310 1498 1373; baseline 0.007 -19"><span class='ocrx_word' id='word_1_133' title='bbox 435 1310 494 1363; x_wconf 75' lang='grc' dir='ltr'><em>ὥς</em></span> <span class='ocrx_word' id='word_1_134' title='bbox 523 1310 609 1368; x_wconf 76' lang='grc' dir='ltr'><em>ἡδύ</em></span> <span class='ocrx_word' id='word_1_135' title='bbox 638 1315 729 1356; x_wconf 81' lang='grc' dir='ltr'><em>πᾶν</em></span> <span class='ocrx_word' id='word_1_136' title='bbox 758 1312 810 1356; x_wconf 88' lang='grc' dir='ltr'><em>τὸ</em></span> <span class='ocrx_word' id='word_1_137' title='bbox 840 1314 1036 1370; x_wconf 85' lang='grc' dir='ltr'><em>μέτριον.</em></span> <span class='ocrx_word' id='word_1_138' title='bbox 1098 1312 1203 1358; x_wconf 82' lang='grc' dir='ltr'><em>οὔθ’</em></span> <span class='ocrx_word' id='word_1_139' title='bbox 1231 1313 1498 1373; x_wconf 83' lang='grc' dir='ltr'><em>ὑπεργέμων</em></span> 
     </span>
     <span class='ocr_line' id='line_1_19' title="bbox 435 1379 1416 1440; baseline 0.005 -17"><span class='ocrx_word' id='word_1_140' title='bbox 435 1379 684 1436; x_wconf 74' lang='grc' dir='ltr'><em>ἀπέρχομαι</em></span> <span class='ocrx_word' id='word_1_141' title='bbox 712 1384 802 1424; x_wconf 85' lang='grc' dir='ltr'><em>νῦν</em></span> <span class='ocrx_word' id='word_1_142' title='bbox 832 1379 939 1424; x_wconf 78' lang='grc' dir='ltr'><em>οὔτε</em></span> <span class='ocrx_word' id='word_1_143' title='bbox 968 1383 1120 1438; x_wconf 84' lang='grc' dir='ltr'><em>κενός,</em></span> <span class='ocrx_word' id='word_1_144' title='bbox 1151 1381 1252 1426; x_wconf 81' lang='grc' dir='ltr'><em>ἀλλ’</em></span> <span class='ocrx_word' id='word_1_145' title='bbox 1274 1382 1416 1440; x_wconf 81' lang='grc' dir='ltr'><em>ἡδέως</em></span> 
     </span>
     <span class='ocr_line' id='line_1_20' title="bbox 435 1449 1500 1508; baseline 0.006 -18"><span class='ocrx_word' id='word_1_146' title='bbox 435 1450 549 1503; x_wconf 80' lang='grc' dir='ltr'><em>ἔχων</em></span> <span class='ocrx_word' id='word_1_147' title='bbox 580 1449 789 1504; x_wconf 83' lang='grc' dir='ltr'><em>ἐμαυτοῦ,</em></span> <span class='ocrx_word' id='word_1_148' title='bbox 851 1452 1115 1505; x_wconf 80' lang='grc' dir='ltr'><em>Μνησίθεος</em></span> <span class='ocrx_word' id='word_1_149' title='bbox 1143 1451 1228 1506; x_wconf 73' lang='grc' dir='ltr'><em>γάρ</em></span> <span class='ocrx_word' id='word_1_150' title='bbox 1260 1464 1371 1508; x_wconf 84' lang='grc' dir='ltr'><em>φησι</em></span> <span class='ocrx_word' id='word_1_151' title='bbox 1402 1453 1500 1496; x_wconf 83' lang='grc' dir='ltr'><em>δεῖν</em></span> 
     </span>
     <span class='ocr_line' id='line_1_21' title="bbox 435 1514 1366 1574; baseline 0.005 -16"><span class='ocrx_word' id='word_1_152' title='bbox 435 1517 624 1571; x_wconf 77' lang='grc' dir='ltr'><em>φεύγειν</em></span> <span class='ocrx_word' id='word_1_153' title='bbox 653 1514 866 1560; x_wconf 79' lang='grc' dir='ltr'><em>ἁπάντων</em></span> <span class='ocrx_word' id='word_1_154' title='bbox 895 1515 974 1568; x_wconf 85' lang='grc' dir='ltr'><em>τὰς</em></span> <span class='ocrx_word' id='word_1_155' title='bbox 1002 1515 1256 1574; x_wconf 78' lang='grc' dir='ltr'><em>ὑπερβολὰς</em></span> <span class='ocrx_word' id='word_1_156' title='bbox 1286 1517 1366 1564; x_wconf 82' lang='grc' dir='ltr'><em>ἀεί.</em></span> 
     </span>
    </p>

    <p class='ocr_par' dir='ltr' id='par_1_9' title="bbox 202 1607 1758 1894">
     <span class='ocr_line' id='line_1_22' title="bbox 315 1607 1757 1667; baseline 0.004 -18"><span class='ocrx_word' id='word_1_157' title='bbox 315 1609 544 1650; x_wconf 74' lang='lat' dir='ltr'><strong>Athenaeus</strong></span> <span class='ocrx_word' id='word_1_158' title='bbox 578 1612 648 1659; x_wconf 93' lang='lat'><em>10,</em></span> <span class='ocrx_word' id='word_1_159' title='bbox 670 1612 790 1650; x_wconf 74' lang='lat'>4191)</span> <span class='ocrx_word' id='word_1_160' title='bbox 827 1616 910 1650; x_wconf 77' lang='grc' dir='ltr'><em>τῶν</em></span> <span class='ocrx_word' id='word_1_161' title='bbox 947 1610 1120 1651; x_wconf 84' lang='grc' dir='ltr'><em>δείπνων</em></span> <span class='ocrx_word' id='word_1_162' title='bbox 1150 1612 1192 1651; x_wconf 85' lang='grc' dir='ltr'><em>δὲ</em></span> <span class='ocrx_word' id='word_1_163' title='bbox 1221 1611 1356 1653; x_wconf 84' lang='grc' dir='ltr'><em>πολλοὶ</em></span> <span class='ocrx_word' id='word_1_164' title='bbox 1386 1607 1432 1652; x_wconf 74' lang='grc' dir='ltr'><em>τὰ</em></span> <span class='ocrx_word' id='word_1_165' title='bbox 1460 1613 1597 1667; x_wconf 85' lang='grc' dir='ltr'><em>μέτρια</em></span> <span class='ocrx_word' id='word_1_166' title='bbox 1627 1611 1757 1655; x_wconf 78' lang='grc' dir='ltr'><em>ἀσπά-</em></span> 
     </span>
     <span class='ocr_line' id='line_1_23' title="bbox 203 1663 1757 1723; baseline 0.006 -20"><span class='ocrx_word' id='word_1_167' title='bbox 203 1667 353 1716; x_wconf 82' lang='grc' dir='ltr'><em>ζονται,</em></span> <span class='ocrx_word' id='word_1_168' title='bbox 399 1663 452 1713; x_wconf 82' lang='grc' dir='ltr'><em>ὡς</em></span> <span class='ocrx_word' id='word_1_169' title='bbox 474 1665 626 1715; x_wconf 76' lang='grc' dir='ltr'><em>’Ἀλεξις</em></span> <span class='ocrx_word' id='word_1_170' title='bbox 649 1697 658 1707; x_wconf 91' lang='grc'><strong>.</strong></span> <span class='ocrx_word' id='word_1_171' title='bbox 682 1698 691 1707; x_wconf 92' lang='grc'><strong>.</strong></span> <span class='ocrx_word' id='word_1_172' title='bbox 717 1699 726 1707; x_wconf 93' lang='grc'><strong>.</strong></span> <span class='ocrx_word' id='word_1_173' title='bbox 751 1665 795 1706; x_wconf 79' lang='grc' dir='ltr'><em>ἕν</em></span> <span class='ocrx_word' id='word_1_174' title='bbox 832 1665 877 1707; x_wconf 81' lang='grc' dir='ltr'><em>δὲ</em></span> <span class='ocrx_word' id='word_1_175' title='bbox 915 1664 1164 1720; x_wconf 85' lang='grc' dir='ltr'><em>Συντρόφοις</em></span> <span class='ocrx_word' id='word_1_176' title='bbox 1202 1672 1282 1709; x_wconf 88' lang='grc' dir='ltr'><em>κτλ.</em></span> <span class='ocrx_word' id='word_1_177' title='bbox 1331 1685 1369 1710; x_wconf 86' lang='lat' dir='ltr'><em>v.</em></span> <span class='ocrx_word' id='word_1_178' title='bbox 1404 1673 1510 1711; x_wconf 89' lang='lat'><em>1—3</em></span> <span class='ocrx_word' id='word_1_179' title='bbox 1548 1669 1757 1723; x_wconf 77' lang='grc' dir='ltr'><em>(ἐμαυτοῦ)</em></span> 
     </span>
     <span class='ocr_line' id='line_1_24' title="bbox 202 1723 1755 1779; baseline 0.005 -18"><span class='ocrx_word' id='word_1_180' title='bbox 202 1723 436 1762; x_wconf 81' lang='lat' dir='ltr'><strong>Eustathius</strong></span> <span class='ocrx_word' id='word_1_181' title='bbox 468 1725 592 1772; x_wconf 89' lang='lat'>1413,</span> <span class='ocrx_word' id='word_1_182' title='bbox 613 1725 666 1763; x_wconf 90' lang='grc'><em>48</em></span> <span class='ocrx_word' id='word_1_183' title='bbox 696 1725 808 1764; x_wconf 90' lang='lat' dir='ltr'><strong>nullo</strong></span> <span class='ocrx_word' id='word_1_184' title='bbox 838 1726 997 1764; x_wconf 91' lang='lat' dir='ltr'><strong>nomine</strong></span> <span class='ocrx_word' id='word_1_185' title='bbox 1027 1726 1177 1768; x_wconf 87' lang='lat' dir='ltr'><strong>addito.</strong></span> <span class='ocrx_word' id='word_1_186' title='bbox 1258 1729 1293 1766; x_wconf 91' lang='lat'><em>1.</em></span> <span class='ocrx_word' id='word_1_187' title='bbox 1325 1723 1558 1779; x_wconf 81' lang='grc' dir='ltr'><em>ὖπεργεμων</em></span> <span class='ocrx_word' id='word_1_188' title='bbox 1587 1730 1636 1771; x_wconf 83' lang='grc' dir='ltr'><em>Α.</em></span> <span class='ocrx_word' id='word_1_189' title='bbox 1715 1731 1755 1769; x_wconf 88' lang='grc'><em>3.</em></span> 
     </span>
     <span class='ocr_line' id='line_1_25' title="bbox 203 1777 1758 1832; baseline 0.006 -15"><span class='ocrx_word' id='word_1_190' title='bbox 203 1778 269 1818; x_wconf 86' lang='grc' dir='ltr'><em>δεῖ</em></span> <span class='ocrx_word' id='word_1_191' title='bbox 293 1781 341 1818; x_wconf 91' lang='grc' dir='ltr'><em>Α.</em></span> <span class='ocrx_word' id='word_1_192' title='bbox 432 1781 470 1819; x_wconf 90' lang='lat'><em>4.</em></span> <span class='ocrx_word' id='word_1_193' title='bbox 503 1779 583 1819; x_wconf 87' lang='grc' dir='ltr'><em>αἰεί</em></span> <span class='ocrx_word' id='word_1_194' title='bbox 610 1782 658 1820; x_wconf 93' lang='lat' dir='ltr'><em>A.</em></span> <span class='ocrx_word' id='word_1_195' title='bbox 691 1804 740 1808; x_wconf 97' lang='lat'><strong>—</strong></span> <span class='ocrx_word' id='word_1_196' title='bbox 777 1783 814 1820; x_wconf 84' lang='lat'><em>2.</em></span> <span class='ocrx_word' id='word_1_197' title='bbox 845 1777 1076 1832; x_wconf 74' lang='grc' dir='ltr'><em>ἀπέρχομαι,</em></span> <span class='ocrx_word' id='word_1_198' title='bbox 1107 1796 1130 1821; x_wconf 85' lang='lat' dir='ltr'>a</span> <span class='ocrx_word' id='word_1_199' title='bbox 1159 1785 1357 1823; x_wconf 88' lang='lat' dir='ltr'><strong>convivio.</strong></span> <span class='ocrx_word' id='word_1_200' title='bbox 1446 1786 1485 1824; x_wconf 88' lang='lat'><em>3.</em></span> <span class='ocrx_word' id='word_1_201' title='bbox 1515 1786 1758 1826; x_wconf 77' lang='lat' dir='ltr'><em>Mnesitheus</em></span> 
     </span>
     <span class='ocr_line' id='line_1_26' title="bbox 202 1835 1758 1894; baseline 0.005 -20"><span class='ocrx_word' id='word_1_202' title='bbox 202 1835 479 1885; x_wconf 76' lang='lat' dir='ltr'><strong>Atheniensis,</strong></span> <span class='ocrx_word' id='word_1_203' title='bbox 523 1837 696 1876; x_wconf 85' lang='lat' dir='ltr'><strong>medicus</strong></span> <span class='ocrx_word' id='word_1_204' title='bbox 735 1838 805 1876; x_wconf 92' lang='lat' dir='ltr'><strong>illo</strong></span> <span class='ocrx_word' id='word_1_205' title='bbox 844 1841 1024 1888; x_wconf 88' lang='lat' dir='ltr'><strong>tempore</strong></span> <span class='ocrx_word' id='word_1_206' title='bbox 1061 1840 1359 1891; x_wconf 82' lang='lat' dir='ltr'><strong>celeberrimus3</strong></span> <span class='ocrx_word' id='word_1_207' title='bbox 1412 1843 1626 1892; x_wconf 83' lang='lat' dir='ltr'><strong>scripserat</strong></span> <span class='ocrx_word' id='word_1_208' title='bbox 1668 1840 1758 1894; x_wconf 83' lang='grc' dir='ltr'><em>περὶ</em></span> 
     </span>
    </p>
   </div>
   <div class='ocr_carea' id='block_1_9' title="bbox 203 1890 1754 2005">
    <p class='ocr_par' dir='ltr' id='par_1_10' title="bbox 203 1890 1754 2005">
     <span class='ocr_line' id='line_1_27' title="bbox 204 1890 1754 1948; baseline 0.005 -18"><span class='ocrx_word' id='word_1_209' title='bbox 204 1890 381 1932; x_wconf 80' lang='grc' dir='ltr'><em>ἐδεστῶν.</em></span> <span class='ocrx_word' id='word_1_210' title='bbox 430 1894 575 1936; x_wconf 85' lang='lat' dir='ltr'><strong>Athen.</strong></span> <span class='ocrx_word' id='word_1_211' title='bbox 608 1895 651 1944; x_wconf 85' lang='lat'><em>2,</em></span> <span class='ocrx_word' id='word_1_212' title='bbox 674 1895 776 1933; x_wconf 75' lang='lat'><em>5410.</em></span> <span class='ocrx_word' id='word_1_213' title='bbox 811 1895 862 1934; x_wconf 91' lang='lat'><em>57</em></span> <span class='ocrx_word' id='word_1_214' title='bbox 877 1896 914 1934; x_wconf 96' lang='lat' dir='ltr'><em>b.</em></span> <span class='ocrx_word' id='word_1_215' title='bbox 947 1897 983 1944; x_wconf 92' lang='lat'><em>3,</em></span> <span class='ocrx_word' id='word_1_216' title='bbox 1007 1896 1126 1935; x_wconf 83' lang='lat' dir='ltr'>800d</span> <span class='ocrx_word' id='word_1_217' title='bbox 1155 1899 1229 1936; x_wconf 86' lang='lat' dir='ltr'><strong>cet.</strong></span> <span class='ocrx_word' id='word_1_218' title='bbox 1280 1898 1503 1948; x_wconf 80' lang='lat' dir='ltr'><strong>sepulcrum</strong></span> <span class='ocrx_word' id='word_1_219' title='bbox 1533 1899 1618 1938; x_wconf 83' lang='lat' dir='ltr'><strong>eius</strong></span> <span class='ocrx_word' id='word_1_220' title='bbox 1649 1911 1754 1939; x_wconf 89' lang='lat' dir='ltr'><strong>com-</strong></span> 
     </span>
     <span class='ocr_line' id='line_1_28' title="bbox 203 1949 1005 2005; baseline 0.002 -17"><span class='ocrx_word' id='word_1_221' title='bbox 203 1952 396 1989; x_wconf 85' lang='lat' dir='ltr'><strong>memorat</strong></span> <span class='ocrx_word' id='word_1_222' title='bbox 425 1950 594 1990; x_wconf 82' lang='lat' dir='ltr'><strong>Pausan.</strong></span> <span class='ocrx_word' id='word_1_223' title='bbox 629 1953 664 1999; x_wconf 92' lang='lat'><em>1,</em></span> <span class='ocrx_word' id='word_1_224' title='bbox 689 1952 754 1999; x_wconf 88' lang='grc'><em>37,</em></span> <span class='ocrx_word' id='word_1_225' title='bbox 778 1953 802 1990; x_wconf 89' lang='grc'><strong>3</strong></span> <span class='ocrx_word' id='word_1_226' title='bbox 834 1949 1005 2005; x_wconf 69' lang='lat' dir='ltr'><strong>(Mein).</strong></span> 
     </span>
    </p>
   </div>
   <div class='ocr_carea' id='block_1_10' title="bbox 817 2074 1136 2108">
    <p class='ocr_par' dir='ltr' id='par_1_11' title="bbox 817 2074 1136 2108">
     <span class='ocr_line' id='line_1_29' title="bbox 817 2074 1136 2108; baseline 0.009 -3"><span class='ocrx_word' id='word_1_227' title='bbox 817 2074 1136 2108; x_wconf 83' lang='grc' dir='ltr'><strong>ΣΤΡΑΚΟΣΙΟΣ</strong></span> 
     </span>
    </p>
   </div>
   <div class='ocr_carea' id='block_1_11' title="bbox 203 2152 1754 2259">
    <p class='ocr_par' dir='ltr' id='par_1_12' title="bbox 203 2152 1754 2259">
     <span class='ocr_line' id='line_1_30' title="bbox 315 2152 1754 2202; baseline 0.005 -12"><span class='ocrx_word' id='word_1_228' title='bbox 315 2152 518 2202; x_wconf 68' lang='lat' dir='ltr'><strong>Syracusic&#39;</strong></span> <span class='ocrx_word' id='word_1_229' title='bbox 548 2153 683 2192; x_wconf 82' lang='lat' dir='ltr'><strong>fabula</strong></span> <span class='ocrx_word' id='word_1_230' title='bbox 715 2153 790 2192; x_wconf 86' lang='lat' dir='ltr'><strong>fuit</strong></span> <span class='ocrx_word' id='word_1_231' title='bbox 821 2152 982 2193; x_wconf 83' lang='lat' dir='ltr'><strong>Caecilii</strong></span> <span class='ocrx_word' id='word_1_232' title='bbox 1014 2154 1148 2194; x_wconf 85' lang='lat' dir='ltr'><strong>Statii.</strong></span> <span class='ocrx_word' id='word_1_233' title='bbox 1201 2155 1248 2195; x_wconf 89' lang='lat' dir='ltr'><em>O.</em></span> <span class='ocrx_word' id='word_1_234' title='bbox 1278 2156 1468 2196; x_wconf 86' lang='lat' dir='ltr'><strong>Ribbeck.</strong></span> <span class='ocrx_word' id='word_1_235' title='bbox 1501 2156 1610 2197; x_wconf 88' lang='lat' dir='ltr'><strong>Com.</strong></span> <span class='ocrx_word' id='word_1_236' title='bbox 1639 2159 1754 2198; x_wconf 89' lang='lat' dir='ltr'><strong>Rom.</strong></span> 
     </span>
     <span class='ocr_line' id='line_1_31' title="bbox 203 2205 1725 2259; baseline 0.005 -13"><span class='ocrx_word' id='word_1_237' title='bbox 203 2205 270 2248; x_wconf 80' lang='lat' dir='ltr'><strong>fr.²</strong></span> <span class='ocrx_word' id='word_1_238' title='bbox 288 2210 352 2247; x_wconf 91' lang='lat'><em>71.</em></span> <span class='ocrx_word' id='word_1_239' title='bbox 400 2210 683 2259; x_wconf 88' lang='lat' dir='ltr'><strong>voluptuosum</strong></span> <span class='ocrx_word' id='word_1_240' title='bbox 715 2210 914 2249; x_wconf 89' lang='lat' dir='ltr'><strong>hominem</strong></span> <span class='ocrx_word' id='word_1_241' title='bbox 944 2212 1075 2251; x_wconf 83' lang='lat' dir='ltr'><strong>notari</strong></span> <span class='ocrx_word' id='word_1_242' title='bbox 1105 2212 1303 2252; x_wconf 83' lang='lat' dir='ltr'><strong>existimat</strong></span> <span class='ocrx_word' id='word_1_243' title='bbox 1331 2213 1552 2253; x_wconf 83' lang='lat' dir='ltr'><strong>Meinekius</strong></span> <span class='ocrx_word' id='word_1_244' title='bbox 1581 2214 1602 2253; x_wconf 95' lang='lat' dir='ltr'>I</span> <span class='ocrx_word' id='word_1_245' title='bbox 1630 2215 1725 2254; x_wconf 85' lang='lat'><em>402.</em></span> 
     </span>
    </p>
   </div>
   <div class='ocr_carea' id='block_1_12' title="bbox 940 2321 1021 2362">
    <p class='ocr_par' dir='ltr' id='par_1_13' title="bbox 940 2321 1021 2362">
     <span class='ocr_line' id='line_1_32' title="bbox 940 2321 1021 2362; baseline 0 0"><span class='ocrx_word' id='word_1_246' title='bbox 940 2321 1021 2362; x_wconf 91' lang='grc'><strong>217</strong></span> 
     </span>
    </p>
   </div>
   <div class='ocr_carea' id='block_1_13' title="bbox 432 2398 1522 2523">
    <p class='ocr_par' dir='ltr' id='par_1_14' title="bbox 432 2398 1522 2523">
     <span class='ocr_line' id='line_1_33' title="bbox 1012 2398 1403 2455; baseline 0.005 -14"><span class='ocrx_word' id='word_1_247' title='bbox 1012 2406 1105 2449; x_wconf 81' lang='grc' dir='ltr'><em>τοῖς</em></span> <span class='ocrx_word' id='word_1_248' title='bbox 1131 2398 1219 2455; x_wconf 72' lang='grc' dir='ltr'><em>γὰρ</em></span> <span class='ocrx_word' id='word_1_249' title='bbox 1249 2407 1403 2451; x_wconf 80' lang='grc' dir='ltr'><em>κακοῖς</em></span> 
     </span>
     <span class='ocr_line' id='line_1_34' title="bbox 432 2462 1522 2523; baseline 0.004 -16"><span class='ocrx_word' id='word_1_250' title='bbox 432 2464 537 2515; x_wconf 83' lang='grc' dir='ltr'><em>τούς</em></span> <span class='ocrx_word' id='word_1_251' title='bbox 565 2462 624 2521; x_wconf 84' lang='grc' dir='ltr'><em>μὴ</em></span> <span class='ocrx_word' id='word_1_252' title='bbox 654 2467 933 2521; x_wconf 83' lang='grc' dir='ltr'><em>μαχομένους</em></span> <span class='ocrx_word' id='word_1_253' title='bbox 962 2466 1102 2523; x_wconf 79' lang='grc' dir='ltr'><em>ῥᾷστα</em></span> <span class='ocrx_word' id='word_1_254' title='bbox 1131 2468 1389 2523; x_wconf 81' lang='grc' dir='ltr'><em>χρωμένους</em></span> <span class='ocrx_word' id='word_1_255' title='bbox 1417 2467 1522 2523; x_wconf 73' lang='grc' dir='ltr'><em>ὁρῶ.</em></span> 
     </span>
    </p>
   </div>
   <div class='ocr_carea' id='block_1_14' title="bbox 316 2556 1563 2612">
    <p class='ocr_par' dir='ltr' id='par_1_15' title="bbox 316 2556 1563 2612">
     <span class='ocr_line' id='line_1_35' title="bbox 316 2556 1563 2612; baseline 0.002 -14"><span class='ocrx_word' id='word_1_256' title='bbox 316 2559 510 2598; x_wconf 85' lang='lat' dir='ltr'><strong>Stobaeus</strong></span> <span class='ocrx_word' id='word_1_257' title='bbox 541 2560 680 2599; x_wconf 85' lang='lat' dir='ltr'><strong>Floril.</strong></span> <span class='ocrx_word' id='word_1_258' title='bbox 715 2561 807 2608; x_wconf 89' lang='lat'>108,</span> <span class='ocrx_word' id='word_1_259' title='bbox 830 2560 883 2598; x_wconf 92' lang='lat'><em>47</em></span> <span class='ocrx_word' id='word_1_260' title='bbox 911 2556 1100 2607; x_wconf 77' lang='grc' dir='ltr'><em>Ἀλέξιδος</em></span> <span class='ocrx_word' id='word_1_261' title='bbox 1130 2558 1173 2599; x_wconf 84' lang='grc' dir='ltr'><em>ἐκ</em></span> <span class='ocrx_word' id='word_1_262' title='bbox 1203 2560 1482 2612; x_wconf 85' lang='grc' dir='ltr'><em>Συρακουσίου</em></span> <span class='ocrx_word' id='word_1_263' title='bbox 1512 2563 1563 2601; x_wconf 90' lang='lat' dir='ltr'><em>A.</em></span> 
     </span>
    </p>
   </div>
   <div class='ocr_carea' id='block_1_15' title="bbox 870 2682 1084 2716">
    <p class='ocr_par' dir='ltr' id='par_1_16' title="bbox 870 2682 1084 2716">
     <span class='ocr_line' id='line_1_36' title="bbox 870 2682 1084 2716; baseline 0.009 -2"><span class='ocrx_word' id='word_1_264' title='bbox 870 2682 1084 2716; x_wconf 79' lang='grc' dir='ltr'><strong>ΣΩΡΑΚΟΙ</strong></span> 
     </span>
    </p>
   </div>
   <div class='ocr_carea' id='block_1_16' title="bbox 202 2758 1749 2873">
    <p class='ocr_par' dir='ltr' id='par_1_17' title="bbox 202 2758 1749 2873">
     <span class='ocr_line' id='line_1_37' title="bbox 314 2758 1749 2816; baseline 0.003 -17"><span class='ocrx_word' id='word_1_265' title='bbox 314 2762 455 2800; x_wconf 86' lang='lat' dir='ltr'>Pollux</span> <span class='ocrx_word' id='word_1_266' title='bbox 488 2764 560 2812; x_wconf 91' lang='lat'><em>10,</em></span> <span class='ocrx_word' id='word_1_267' title='bbox 587 2764 678 2803; x_wconf 90' lang='grc'><strong>129.</strong></span> <span class='ocrx_word' id='word_1_268' title='bbox 701 2764 755 2802; x_wconf 92' lang='grc'><em>30</em></span> <span class='ocrx_word' id='word_1_269' title='bbox 794 2761 890 2812; x_wconf 82' lang='grc' dir='ltr'><em>τοῖχα</em></span> <span class='ocrx_word' id='word_1_270' title='bbox 929 2760 972 2801; x_wconf 82' lang='grc' dir='ltr'><em>δὲ</em></span> <span class='ocrx_word' id='word_1_271' title='bbox 1008 2761 1075 2802; x_wconf 83' lang='grc' dir='ltr'><em>καὶ</em></span> <span class='ocrx_word' id='word_1_272' title='bbox 1104 2760 1278 2815; x_wconf 81' lang='grc' dir='ltr'><em>σώρακος</em></span> <span class='ocrx_word' id='word_1_273' title='bbox 1311 2758 1487 2816; x_wconf 76' lang='grc' dir='ltr'><em>(ἀγγεῖόν</em></span> <span class='ocrx_word' id='word_1_274' title='bbox 1517 2762 1623 2805; x_wconf 81' lang='grc' dir='ltr'><em>ἐστιν</em></span> <span class='ocrx_word' id='word_1_275' title='bbox 1650 2762 1749 2804; x_wconf 82' lang='grc' dir='ltr'><em>ὑπο-</em></span> 
     </span>
     <span class='ocr_line' id='line_1_38' title="bbox 202 2814 1749 2873; baseline 0.003 -18"><span class='ocrx_word' id='word_1_276' title='bbox 202 2816 415 2868; x_wconf 87' lang='grc' dir='ltr'><em>δεχόμενον</em></span> <span class='ocrx_word' id='word_1_277' title='bbox 445 2814 519 2867; x_wconf 83' lang='grc' dir='ltr'><em>τὴν</em></span> <span class='ocrx_word' id='word_1_278' title='bbox 549 2815 742 2872; x_wconf 80' lang='grc' dir='ltr'><em>ὀπώραν),</em></span> <span class='ocrx_word' id='word_1_279' title='bbox 774 2818 810 2858; x_wconf 86' lang='grc' dir='ltr'><em>εἰ</em></span> <span class='ocrx_word' id='word_1_280' title='bbox 837 2817 901 2858; x_wconf 84' lang='grc' dir='ltr'><em>καὶ</em></span> <span class='ocrx_word' id='word_1_281' title='bbox 931 2818 1037 2871; x_wconf 83' lang='grc' dir='ltr'><em>παρὰ</em></span> <span class='ocrx_word' id='word_1_282' title='bbox 1067 2823 1148 2867; x_wconf 86' lang='grc' dir='ltr'><em>τοῖς</em></span> <span class='ocrx_word' id='word_1_283' title='bbox 1177 2820 1483 2873; x_wconf 81' lang='grc' dir='ltr'><em>κωμῳδιοποιοῖς</em></span> <span class='ocrx_word' id='word_1_284' title='bbox 1514 2818 1641 2868; x_wconf 74' lang='grc' dir='ltr'><em>οὕτως</em></span> <span class='ocrx_word' id='word_1_285' title='bbox 1661 2818 1749 2860; x_wconf 88' lang='grc' dir='ltr'><em>ὀνο-</em></span> 
     </span>
    </p>
   </div>
  </div>
 </body>
</html>
