1806 3216
175 160 258 202 546
852 155 1065 191 ΔΙΦΙΛΟΤ

176 261 383 313 βόρβορον,
416 259 516 299 ἰλύν.
549 257 660 297 ἄλλοι
691 256 760 296 τὸν
791 256 854 296 ἐπὶ
885 263 930 311 τῇ
960 255 1064 311 ἅλμῃ
1086 253 1348 308 ἐφιστάμενον
1367 257 1432 298 καὶ
1455 261 1538 306 ταῖς
1559 258 1725 311 λίμναις.

176 318 216 356 οἱ
241 315 284 355 δὲ
315 314 382 355 τὸν
413 314 475 354 ἐπὶ
505 320 576 354 τοῦ
605 311 795 366 γάλακτος
827 311 1015 364 ὑμενώδη
1044 309 1182 364 πηλόν.
1220 314 1334 354 Phot.
1359 311 1564 370 λά[μ]πη·
1597 314 1727 368 παχὺς

174 369 303 424 ἀφρὸς
335 371 524 422 ἐπιπολῆς
556 377 626 410 τοῦ
647 370 773 410 οἴνου.
813 371 921 410 Plut.
939 371 1038 409 Mor.
1056 372 1197 410 1073a
1225 367 1284 422 (οἱ
1309 367 1516 426 κώνωπες)
1548 372 1728 424 χαίρουσι
1804 392 1806 394 ·

173 427 351 482 λά[μ]πῃ
380 426 446 467 καὶ
476 426 575 478 ὄξει,
606 426 674 467 τὸν
705 425 748 466 δὲ
777 423 961 477 πότιμον.
981 421 1109 466 .οἷνον
1139 426 1344 478 φεύγουσι.
1390 429 1453 468 hie
1484 431 1543 468 est
1568 432 1725 479 pituita.

923 526 973 568 18

809 595 932 636 ἔστιν
962 593 1097 635 ἔνδον
1127 590 1227 644 ὄξος
1257 592 1335 644 ὀξύ
1365 605 1456 645 σοι;

378 667 427 705 Β.
463 661 792 717 ὑπολαμβάνω,
825 659 1088 715 παιδάριον,
1122 658 1236 703 ὀπὸν
1266 661 1523 716 εἰλήφαμεν.

377 730 535 785 ἄριστα
566 730 742 778 τούτοις
772 729 917 770 πάντα
947 728 1085 771 πιέσω
1117 729 1192 770 καὶ
1222 728 1385 771 πυκνά.

374 798 401 853 ἡ
433 797 608 852 φυλλὰς
637 793 662 851 ἡ
696 797 873 852 δριμεῖα
905 795 1289 851 περιοισθήσεται·

324 876 343 906 5
373 869 465 907 τῶν
496 865 817 920 πρεσβυτέρων
846 864 934 918 γάρ
965 866 1103 906 ταῦτα
1135 866 1226 906 τῶν
1255 863 1526 919 ἡδυσμάτων

376 931 623 988 ἀναστομοῖ
650 932 830 987 τάχιστα
861 930 1164 988 τᾴσθητήρια,

376 1001 426 1044 τό
458 1017 503 1043 τε
534 1001 802 1054 νωκαρῶδες
833 998 907 1041 καὶ
937 1001 1346 1054 κατημβλυωμένον

377 1069 588 1111 ἐσκέδασε
618 1064 866 1122 κάποίησεν
895 1065 1036 1122 ἡδέως
1066 1074 1242 1122 φαγεῖν.

293 1152 520 1191 Athenaeus
564 1153 615 1199 4,
658 1151 775 1189 133f
816 1149 986 1198 Δίφιλος
1033 1145 1061 1200 ἢ
1101 1148 1316 1195 Σώσιππος
1363 1147 1406 1187 ἐν
1458 1145 1726 1204 Ἀπολιπούσῃ

171 1203 457 1261 (ἀπολειπούσῃ
489 1205 543 1261 Α)
576 1210 657 1246 κτλ.
763 1210 797 1247 1.
836 1204 953 1244 ἔνδον
982 1203 1069 1253 ὅξος
1099 1204 1282 1257 Porson.]
1324 1203 1415 1244 ε’νδο
1444 1206 1508 1253 ξος
1539 1208 1586 1245 Α.
1690 1208 1726 1246 2.

172 1263 387 1312 παιδάριον
419 1266 577 1303 admitti
607 1277 687 1304 non
718 1266 861 1313 potest,
893 1264 985 1313 quia
1015 1264 1100 1302 sine
1132 1263 1251 1301 dubio
1272 1274 1362 1302 erus
1381 1275 1470 1302 eum
1490 1275 1615 1313 coquo
1636 1276 1727 1302 con-

170 1322 361 1371 loquitur.
402 1335 475 1360 ser.
507 1318 587 1358 καὶ
620 1320 839 1370 σίσαρον,
869 1315 971 1358 ὀπὸν
1001 1319 1068 1358 εἰλ.
1102 1319 1234 1358 ‘etiam
1261 1321 1369 1364 siser,
1400 1321 1501 1358 laser
1529 1321 1722 1359 emimus?

170 1379 368 1416 Heraelid.
400 1379 561 1416 Tarent.
592 1377 737 1416 Athen.
769 1378 815 1424 3,
842 1378 950 1415 1200
980 1373 1106 1414 πολλὰ
1137 1380 1215 1413 τῶν
1245 1373 1313 1422 τὰς
1346 1373 1537 1425 ἐκκρίσεις
1566 1375 1725 1415 ποιούν-

170 1449 250 1472 των
279 1431 487 1481 εὐλύτους.
507 1464 515 1473 .
535 1429 771 1484 ,εὐστόμαχα
802 1432 1061 1483 καθέστηκεν,
1094 1431 1136 1470 έν
1166 1426 1224 1477 οἷς
1254 1430 1334 1470 ἔστι
1363 1430 1428 1470 καὶ
1449 1425 1492 1470 τὸ
1523 1432 1727 1483 σίσαρον

170 1486 428 1541 καλούμενον,
460 1484 510 1529 οὗ
537 1488 776 1541 μνημονεύει
803 1485 1052 1540 Ἐπίχαρμος.
1084 1490 1130 1528 cf.
1162 1489 1267 1527 Plin.
1288 1489 1338 1527 N.
1360 1489 1398 1526 h.
1424 1490 1489 1539 20,
1509 1490 1563 1527 34
1592 1485 1726 1543 (siser)

168 1549 406 1587 stomachum
427 1550 575 1593 eoeoitat,
605 1547 809 1594 fastidium
829 1547 1027 1596 absteryet,
1057 1558 1102 1585 ex
1120 1549 1251 1585 aceto
1283 1547 1591 1594 laserpitiato
1619 1558 1725 1585 swm-

162 1609 290 1653 ptum.
393 1606 432 1643 3.
471 1601 613 1655 πιέσω]
653 1599 810 1642 δεύσω
848 1603 897 1642 Κ.
1001 1603 1039 1642 4.
1080 1604 1208 1651 φυλας
1238 1616 1263 1652 η
1294 1601 1448 1652 δριμεια
1477 1602 1527 1640 A.
1570 1603 1724 1642 emend.

170 1661 314 1712 Scalig.
918 1713 970 1754 19

611 1777 691 1823 εἶτ’
713 1779 769 1822 οὐ
799 1778 980 1836 μαλάκ’,
1012 1772 1050 1821 οἷ
1081 1777 1286 1835 δύστην’,
1318 1781 1451 1834 ἔχεις,

441 1849 700 1903 σκευάριον,
733 1847 1030 1903 ἐκπωμάτων,
1063 1846 1349 1903 ἀργυρι’διον;

441 1916 524 1960 οὐκ
556 1917 772 1970 ε’κδραμεῖ
800 1913 952 1970 λαβών
982 1916 1082 1958 ταδὶ
1112 1914 1271 1964 δώσεις
1299 1912 1338 1956 τ’
1366 1912 1464 1969 ἐμοὶ

439 1983 825 2039 παρακαταθήκην
838 2001 848 2034 ;

282 2068 424 2106 Pollux
449 2068 574 2117 10,12
606 2065 781 2105 ἐκαλεῖτο
811 2062 853 2103 δὲ
883 2069 1007 2103 ταῦτα
1037 2061 1235 2119 (supellex
1267 2060 1501 2116 domestica)
1531 2059 1611 2102 ὑπὸ
1640 2067 1721 2102 τῶν

169 2122 369 2176 νεωτέρων
405 2122 471 2161 καὶ
501 2118 677 2172 μαλακά,
716 2117 801 2160 οἷον
831 2118 1165 2173 εὐμεταχείριστα,
1205 2117 1257 2167 ὥς
1288 2114 1371 2159 εἶπε
1392 2150 1401 2159 .
1421 2150 1430 2159 .
1449 2150 1458 2159 .
1482 2118 1648 2169 ΔίφιλοςΙ
1679 2117 1722 2158 ἒν

166 2177 434 2232 Ἀπολιπούσῃ
464 2181 544 2218 κτλ.
645 2182 679 2217 1.
721 2173 791 2218 εἶτ’
815 2175 862 2216 οὗ
896 2179 1046 2220 Hanov.
1075 2178 1212 2216 Exere.
1244 2178 1330 2216 erit.
1366 2176 1463 2228 140]
1497 2170 1591 2219 εἶτα,
1679 2178 1719 2215 3.

168 2233 243 2276 οὐκ
273 2238 361 2276 add.
393 2237 525 2275 Bentl.
613 2234 701 2274 ταδὶ
729 2231 905 2288 Hanov.]
938 2232 1038 2273 τόδε.
1126 2229 1159 2271 τ’
1193 2234 1282 2272 add.
1313 2233 1470 2272 Hanov.
1514 2233 1626 2272 iubet
1654 2246 1722 2272 ne-

169 2295 249 2334 scio
280 2294 367 2344 quis
398 2294 565 2332 alterum
598 2293 883 2343 supellectilem
913 2294 1041 2330 totam
1073 2291 1188 2330 domo
1219 2290 1357 2329 efferre
1387 2291 1427 2328 et
1457 2289 1533 2328 sibi
1561 2302 1634 2339 pro
1655 2289 1720 2327 de-

168 2352 298 2401 posito
327 2351 496 2389 tradere.

804 2403 1083 2436 BAAANEION

913 2469 970 2510 20

311 2541 467 2594 ἔγχεον
497 2537 682 2593 μεστήν·
714 2535 764 2580 τό
795 2535 968 2592 θνητὸν
997 2534 1302 2590 περικάλυπτε
1331 2537 1392 2591 τῷ
1422 2537 1534 2591 θεῷ·

311 2610 427 2648 πῖθι.
478 2607 619 2648 ταῦτα
648 2604 734 2660 γὰρ
766 2603 872 2659 παρ’
894 2603 1022 2659 ἡμῶν
1042 2600 1152 2652 Διὸς
1182 2601 1417 2658 ἑταιρείου,
1450 2600 1604 2655 πάτερ.

280 2690 509 2728 Athenaeus
543 2689 612 2736 10,
635 2688 751 2726 446d
793 2685 958 2737 Δίφιλος
999 2683 1041 2724 ἐν
1078 2683 1278 2738 Βαλανείῳ
1316 2686 1395 2722 κτλ.
1502 2685 1538 2722 1.
1583 2680 1716 2734 ἔγχεον

169 2745 333 2785 Grotius
363 2745 547 2795 Excerpt.
572 2741 671 2796 785]
702 2742 838 2794 ἔκχεον
867 2744 916 2782 A.
1006 2743 1044 2783 2.
1076 2734 1168 2793 παρ’
1203 2741 1293 2780 add.
1325 2740 1475 2780 Iaeobs.
1497 2739 1601 2779 Add.
1623 2739 1716 2781 Ath.

169 2803 263 2841 239.
294 2798 391 2852 «ἡμῖν
421 2802 540 2840 Mein.
