1864 3204
231 218 314 260 318
893 218 1145 257 ΑΛΕΞΙΔΟΣ

504 377 831 431 παραγοράζειν
988 321 1040 362 61

339 455 493 505 ’Ἄλεξις
524 455 569 496 ἐν
601 457 805 512 Δρωπίδῃ.
837 459 1065 498 Athenaeus
1096 460 1285 508 4,1711).
1337 460 1387 499 cf.
1421 460 1570 499 Cratin.
1593 460 1660 499 92.

796 581 1157 615 ΕΙΣΟΙΚΙΖΟΜΕΝ
1161 582 1225 614 ΟΣ

348 660 582 711 Opportune
611 662 774 701 titulum
805 662 995 701 inlustrat
1023 661 1238 701 Aeschines
1272 665 1314 714 1,
1344 664 1423 701 124
1454 660 1527 702 εὀὶν
1556 662 1610 709 εἰς
1634 662 1684 702 ’ἓν
1712 661 1785 714 δή-

230 731 308 756 που
339 716 488 756 τούτων
517 722 597 756 τῶν
627 715 689 757 ἐπὶ
709 721 803 764 ταῖς
833 711 941 764 ὁδοῖς
973 716 1236 770 ἐργαστηρίων
1266 717 1397 770 ἰατρὸς
1428 718 1786 771 εἰσοικίσηται,

230 774 405 840 ἰατρεῖον
433 776 625 813 καλεῖται’
659 769 729 813 ἐὰν
758 772 800 813 δ’
816 770 837 812 ὁ
857 771 930 825 μὲν
961 772 1290 824 ἐξοικίσηται,
1321 775 1376 822 εἰς
1407 772 1451 814 δὲ
1479 773 1522 814 τὸ
1551 772 1649 815 αὐτὰ
1672 780 1788 815 τοῦτο

231 827 488 883 ἐργαστήριον
517 828 685 882 χαλκεὺς
717 830 984 882 εἰσοικίσηται,
1015 833 1198 881 χαλκεῖον
1227 828 1427 883 ε’κλήθη..
1446 830 1539 872 ,ἕαν
1567 829 1612 871 δὲ
1642 846 1785 886 πορνο-

230 885 379 938 βοσκὰς
416 884 483 925 καὶ
513 886 683 940 πόρναι,
714 884 792 926 ἀπὸ
822 893 891 938 τῆς
923 885 1103 939 ἐργασίας
1134 882 1262 934 εὐθὺς
1293 886 1444 939 ἐκλήθη
1474 891 1672 939 πορνεῖον.
1730 890 1787 929 sic

230 943 494 997 εἰσῳκίσμεθα
523 945 648 984 Arist.
680 945 770 984 Pac.
792 945 885 991 260,
921 941 1167 998 ἅνῳκίσαντο
1197 945 1285 984 Pac.
1310 946 1403 995 207,
1434 940 1682 992 α’νοικισθείς
1708 946 1784 986 Av-

236 1002 356 1051 1351,
387 998 694 1052 μετοικιζόμενος
723 1001 830 1040 Ecel.
855 1002 950 1041 754.
1000 1014 1073 1041 nos
1103 1002 1170 1041 der
1197 1013 1296 1041 neue
1323 1003 1500 1045 Mz’ether.

479 1177 534 1221 οὐ
563 1177 652 1233 γάρ
685 1175 903 1233 ἐμυρίζετ’
928 1178 973 1229 ἐξ
1005 1176 1284 1234 ἀλαβάστου,
1318 1179 1501 1235 πρᾶγμά
1529 1195 1570 1222 τι

477 1247 718 1300 γινόμενον
750 1244 839 1296 οέεί,
871 1244 1103 1301 κρονικόν,
1135 1245 1248 1288 ἀλλὰ
1278 1248 1487 1301 τέτταρας

478 1311 741 1369 περιστερὰς
770 1310 945 1368 ἀφῆκεν
975 1313 1344 1369 ἀποβεβαμμένας

477 1382 539 1431 εἰς
569 1379 668 1436 οὐχὶ
697 1378 864 1423 ταύτὸν
893 1381 954 1436 μὰ
982 1383 1073 1423 Διά
1103 1380 1185 1437 τὴν
1215 1381 1358 1437 αὐτὴν
1388 1383 1549 1438 μύρον,

434 1457 455 1489 5
478 1450 577 1505 ἰδίῳ
608 1447 651 1490 δ’
675 1448 880 1504 ἑκάστην.
931 1448 1170 1504 πετόμεναι
1201 1449 1246 1491 δ’
1267 1442 1397 1492 αὗται
1428 1449 1582 1506 κύκλῳ

477 1518 690 1571 ἔρραινον
719 1514 847 1571 ἡμῶν
876 1515 1090 1572 θαίμάτια
1120 1515 1195 1559 καὶ
1225 1516 1475 1573 στρώματα.

476 1583 535 1639 μή
565 1599 640 1638 μοι
671 1582 943 1665 φθονησητ’,
975 1581 1136 1639 ἄνδρες
1160 1582 1385 1640 Ἑλλήνων
1415 1584 1568 1643 ἄκροι,

475 1649 729 1707 ἠλειφόμην
759 1649 950 1707 ὑόμενος
980 1653 1108 1709 ἰρίνῳ
1137 1651 1279 1709 μύρῳ.

342 1735 572 1774 Athenaeus
606 1734 677 1784 15,
701 1736 778 1773 691
798 1747 818 1772 e
855 1748 908 1779 ως
946 1736 1068 1786 λῆρον
1106 1728 1207 1773 εἶναι
1242 1749 1288 1772 τα
1319 1732 1363 1773 ἐν
1391 1749 1442 1802 τῳ
1479 1733 1780 1790 Εἰσοικιζομένῳ

227 1786 418 1838 Ἀλέξιδος
448 1789 562 1829 ταυτί
587 1791 670 1828 κτλ.
719 1804 756 1830 v.
779 1793 800 1828 1
833 1790 1064 1830 Eustathius
1089 1792 1208 1841 1161,
1226 1792 1280 1831 30
1308 1787 1406 1843 παρ’
1418 1775 1629 1845 Ἀθηναίῳ
1658 1794 1782 1831 κεῖται

226 1844 417 1895 Ἀλέξιδος
447 1845 490 1885 τὸ
521 1843 583 1885 οὐ
613 1861 686 1898 γαρ
708 1844 905 1898 ε’μυρίζετο
926 1844 965 1894 ἐξ
985 1843 1238 1898 αλαβάστουὶ
1310 1850 1346 1886 1.
1378 1850 1543 1898 propter
1572 1863 1609 1889 v.
1633 1851 1657 1888 6
1689 1849 1783 1888 scri-

230 1905 400 1943 bendum
437 1904 596 1944 videtur
633 1905 703 1942 aut
739 1900 970 1955 ἕμύριζεν
1005 1910 1076 1943 aut
1113 1900 1451 1956 ἐμυριζόμεθῖ
1556 1900 1783 1956 αλαβοέστου

229 1962 348 2000 etiam
386 1960 436 2000 A
543 1973 740 2012 πραγματι
776 1960 827 1999 A.
934 1961 974 1999 2.
1011 1957 1208 2012 τέτταρας]
1250 1970 1286 1997 Δ
1315 1961 1397 2000 Α.
1481 1962 1519 2000 3.
1558 1957 1782 2013 ἆποβεβαν-

228 2031 349 2067 μενας
379 2017 430 2056 Α.
538 2018 576 2056 4.
606 2014 681 2066 τὴν
710 2012 856 2083 αὐτην]
887 2013 957 2062 τὰς
987 2014 1116 2063 πασας
1147 2016 1194 2056 G.
1225 2016 1274 2058 A.
1307 2017 1508 2068 Hirschig.
1552 2017 1658 2056 Ann.
1690 2019 1779 2057 crit.

232 2075 294 2112 10.
340 2087 411 2124 την
440 2067 567 2123 ὀσμὴν
597 2073 720 2112 Dobr.
766 2070 835 2111 τὸν
862 2069 987 2124 μέγαν
1016 2069 1136 2126 (Δία)
1167 2073 1373 2114 Herwerd.
1406 2073 1502 2112 Obs.
1535 2075 1620 2113 crit.
1654 2076 1721 2113 68.
1754 2076 1778 2113 9

229 2131 331 2169 conl.
369 2130 494 2168 Arist.
533 2129 640 2168 Nub.
682 2129 802 2167 1239.
859 2127 1058 2179 ληκύθιον
1094 2130 1211 2168 Mein.
1244 2129 1488 2170 Ana1.Ath.
1521 2130 1616 2169 338.
1679 2131 1778 2169 mihi

229 2187 480 2226 smibendum
509 2185 667 2224 videtur
697 2183 721 2222 δ
730 2183 886 2235 ηλαδ
860 2199 899 2235 η.
930 2186 1013 2224 cf.
1002 2185 1184 2236 inprimis
1205 2186 1330 2225 Arist.
1346 2186 1451 2226 Eccl.
1472 2187 1590 2225 1157.
1630 2187 1782 2226 dictan-

227 2243 280 2282 tis
312 2243 462 2282 scilicet
490 2255 627 2282 vocem
647 2254 727 2280 non
747 2243 853 2281 recte
873 2242 1158 2292 interpretatus
1179 2245 1240 2282 est
1260 2242 1458 2290 librarius,
1488 2255 1569 2281 non
1589 2243 1623 2282 is
1644 2245 1778 2282 tamen

227 2300 295 2349 qui
333 2299 507 2338 codicem
546 2300 581 2337 A
612 2298 778 2348 scripsit.
871 2300 910 2337 5.
954 2297 1040 2338 ἰδίω
1079 2299 1128 2337 Α.
1178 2299 1428 2338 scribendum
1458 2299 1596 2349 utique
1626 2297 1777 2342 ἴδιον.

228 2356 370 2395 deinde
400 2369 516 2393 αυται
548 2356 598 2394 A.
718 2357 755 2393 6.
788 2352 940 2406 ἔρρινον
970 2351 1015 2408 (α
1044 2355 1087 2394 111
1116 2368 1193 2394 ras.
1224 2352 1316 2408 m.¹)
1348 2356 1396 2394 A.
1504 2356 1697 2406 θαιματια
1727 2356 1776 2395 A.

227 2410 294 2450 καὶ
322 2409 478 2464 Dindf.]
511 2404 568 2449 τοὶ.
658 2413 695 2450 8.
729 2409 838 2464 ἰρίνῳ
869 2409 1032 2463 Cantor]
1064 2425 1188 2464 ηρινῳ
1218 2412 1267 2450 A.

342 2470 379 2507 2.
410 2466 619 2519 γινόμενον
647 2468 865 2507 rectissime
896 2468 1017 2506 dixit:
1063 2468 1190 2518 ‘quod
1218 2467 1405 2517 quoniam
1435 2480 1590 2518 semper
1618 2467 1776 2516 11110111

225 2526 303 2563 iam
333 2525 554 2563 obsoletum
584 2526 675 2563 est.'
726 2521 926 2574 κρονικόν,
956 2526 1002 2563 ut
1032 2524 1155 2564 Arist.
1176 2524 1282 2562 Plut.
1310 2524 1405 2565 581.
1444 2524 1495 2562 cf.
1527 2537 1626 2573 quae
1655 2524 1775 2564 adno-

226 2582 397 2621 tavimus
434 2582 482 2619 ad
513 2581 619 2620 Nub.
647 2581 741 2619 398.
802 2593 839 2621 v.
871 2582 893 2618 7
926 2580 1127 2631 Euripidis
1165 2593 1251 2620 esse
1289 2593 1336 2619 ex
1373 2580 1549 2630 Telepho
1580 2577 1678 2633 (701
1701 2580 1771 2633 N.)

226 2638 508 2676 Valckenarius
546 2637 754 2676 adnotavit
785 2636 946 2675 Theocr.
977 2637 1110 2676 Adon.
1141 2637 1238 2676 414.
1280 2658 1332 2664 -—-
1370 2649 1509 2675 scaena
1540 2637 1682 2676 similis
1713 2639 1775 2675 est

228 2694 350 2733 Arist.
375 2694 474 2732 Ach.
507 2695 559 2733 86
581 2706 638 2744 sq.
692 2693 869 2743 loquitur
897 2694 1010 2732 miles
1040 2694 1104 2734 vel
1133 2694 1289 2744 legatus
1319 2705 1365 2731 ex
1396 2692 1494 2732 Asia
1523 2693 1691 2732 rediens.

974 2803 1028 2844 63

498 2859 665 2909 ἔξοινος
696 2857 836 2901 ἐποίει
866 2861 1005 2900 ταῦτα
