1864 3204
171 222 254 265 252
827 226 1062 259 ΕΦΙΠΠΟΤ

403 323 458 367 οὐ
488 331 620 367 κνῖσα
652 323 806 380 κρούει
837 321 961 380 ῥινὸς
990 323 1214 381 ὑπεροχάς
1244 323 1406 380 ἄκρας,

400 391 731 448 Ἀμφιδρομίων
762 390 926 446 ὄντων,
960 393 1010 435 ἐν
1041 387 1116 442 οἷς
1137 394 1359 447 νομίζεται

351 470 371 500 5
404 458 546 502 ὀπτᾶν
575 476 630 503 τε·
652 463 795 515 τυροῦ
828 449 1159 516 Χερρονησίτου
1189 461 1375 514 τόμους,

401 527 526 579 ἕψειν
555 525 594 570 τ’
620 527 754 585 ἐλαίῳ
785 527 992 582 ῥάφανον
1021 523 1341 583 ἠγλαισμένην,

383 598 581 650 ,πνίγειν
610 611 656 638 τε
686 596 865 651 παχέων
896 594 1068 651 ἀρνίων
1098 595 1346 651 στηθύνια,

404 665 571 705 τίλλειν
600 679 648 706 τε
678 663 849 718 φάττας
879 664 954 706 καὶ
984 665 1136 717 κίχλας
1167 662 1279 717 ὁμοῦ
1311 666 1509 716 σπίνοις,

403 733 534 786 κοινῇ
563 746 610 773 τε
640 730 824 786 χναύειν
854 734 1059 774 τευθίσιν
1090 732 1296 785 σηπίδια,

328 808 370 839 10
401 802 550 841 πιλεῖν
580 815 627 842 τε
657 799 827 848 πολλὰς
857 798 1107 848 πλεκτάνας
1139 796 1440 853 ἑπιστρόφως,

401 869 550 909 πίνειν
580 883 627 909 τε
658 867 824 916 πολλὰς
855 867 1040 916 κύλικας
1074 864 1405 922 εὐζωρεστέρας.

282 960 511 1000 Athenaeus
551 963 596 1009 9,
619 962 731 1000 3700
763 957 963 1010 Ἀθήνησι
1001 957 1044 998 δὲ
1083 955 1152 998 καὶ
1192 963 1276 1006 ταῖς
1315 959 1530 1006 τετοκυίαις
1567 957 1722 1011 κράμβη

172 1015 502 1067 παρεσκευάζετο,
533 1014 588 1063 ὥς
619 1030 655 1054 τι
684 1014 986 1067 ἀντιφάρμακον
1015 1016 1070 1062 εἰς
1101 1015 1262 1068 τροφήν.
1311 1015 1520 1065 ’Ἔφιππος
1550 1020 1650 1068 γοῦν
1681 1014 1724 1055 ἐν

172 1071 357 1126 Γηρυόνῃ
388 1073 512 1124 φησίν
541 1076 623 1112 κτλ.
714 1075 750 1113 2.
781 1069 910 1118 οὐδεὶς
939 1070 1099 1125 Dindf.]
1131 1067 1220 1111 οὐδ’
1244 1067 1300 1119 εἷς
1330 1074 1379 1112 Α.
1426 1073 1473 1112 de
1502 1074 1642 1119 ceteris
1671 1073 1721 1112 cf.

170 1129 316 1168 Eubul.
353 1131 445 1172 150.

1031 1249 1106 1292 καὶ
1136 1248 1453 1304 συναγώγιμον

441 1319 692 1374 συμπόσιον
725 1318 1066 1374 ἐπιπληροῦσιν.

283 1400 508 1440 Athenaeus
540 1403 583 1450 8,
607 1402 721 1440 3650
759 1403 924 1439 καλοῦσι
961 1398 1003 1438 δέ
1040 1391 1231 1438 τινα-καὶ
1275 1395 1528 1450 συναγώγιμα
1565 1400 1721 1448 δεῖπνα,

171 1451 224 1502 ὡς
244 1486 252 1495 .
272 1487 280 1495 .
301 1454 525 1506 .’Έφιππος
558 1455 601 1495 ἐν
632 1455 816 1511 Γηρυόνῃ
846 1459 926 1505 κτλ.
1031 1459 1067 1495 2.
1101 1454 1383 1507 ἐπιπληροῦσιν
1413 1456 1602 1507 Casaub.]
1637 1454 1720 1494 ἐπι-

171 1514 386 1564 κληροῦσιν
414 1514 463 1555 Α.
926 1567 954 1609 5

466 1647 609 1702 τούτῳ
641 1644 684 1688 δ’
709 1644 878 1688 ὁπόταν
908 1644 1061 1688 ναέται
1091 1645 1236 1700 χώρας

467 1713 603 1768 ἰχθύν
632 1711 718 1756 τιν’
743 1712 873 1755 ἕλωσ’
897 1713 980 1768 οὐχ
1010 1711 1210 1768 ἡμέριον,

467 1785 544 1836 τῆς
574 1781 876 1836 περικλύστου
907 1780 950 1822 δ’
974 1779 1100 1830 ἁλίας
1130 1779 1307 1835 Κρήτης

466 1851 595 1904 μείζω
626 1849 831 1904 μεγέθει,
864 1848 1003 1898 λοπάς
1035 1846 1124 1890 ἐστ’
1150 1846 1270 1904 αὐτῷ

413 1926 433 1956 5
465 1914 634 1971 δυνατὴ
665 1915 853 1965 τούτους
882 1923 1044 1971 χωρεῖν
1075 1915 1245 1958 ἑκατόν.

465 2052 539 2093 καὶ
569 2053 826 2105 περιοίκους
857 2048 972 2094 εἶναι
1001 2050 1140 2106 ταύτῃ

466 2119 684 2173 Σίνδους,
717 2121 936 2172 Λυκίους,
969 2118 1324 2172 Μυγδονιώτας,

464 2187 726 2240 Κραναούς,
757 2187 979 2240 Παφίους.
1030 2184 1218 2234 τούτους
1248 2183 1289 2226 δ’
1315 2184 1432 2239 ὕλην

466 2254 664 2308 κόπτειν,
696 2252 867 2296 ὁπόταν
897 2249 1109 2308 βασιλεὺς
1141 2251 1224 2307 ἕψῃ

395 2330 437 2361 10
466 2321 548 2363 τὸν
577 2323 718 2376 μέγαν
750 2322 903 2376 ἰχθύν,
935 2321 1008 2362 καὶ
1040 2319 1372 2376 προσάγοντας,

466 2388 669 2432 καθόσον
699 2390 871 2439 πόλεως
900 2389 1087 2444 ἕστηκεν
1105 2386 1243 2442 ὅρος,

464 2455 570 2507 τοὺς
600 2454 641 2498 δ’
665 2455 897 2510 ὑποκάειν,
931 2457 1094 2511 λίμνην
1124 2453 1164 2497 δ’
1191 2454 1375 2509 ἐπάγειν

467 2522 632 2573 ὕδατος
661 2523 827 2578 μεστήν
859 2524 922 2573 είς
952 2523 1036 2578 τὴν
1065 2521 1226 2578 ἅλμην,
1313 2571 1315 2573 ,

465 2589 569 2641 τούς
600 2589 642 2632 δ’
665 2590 774 2640 ἅλας
804 2589 922 2646 αὐτῷ
954 2590 1083 2645 ζεύγη
1114 2590 1361 2646 προσάγειν

395 2668 436 2699 15
466 2661 623 2713 μηνῶν
654 2657 767 2701 ὀκτώ
799 2660 999 2712 συνεχῶς
1030 2656 1209 2699 ἑκατόν·

464 2728 698 2778 περιπλεῖν
729 2724 771 2767 δ’
795 2722 869 2767 ἐπὶ
898 2731 990 2773 τοῖς
1020 2723 1224 2779 ἄμβωσιν
1254 2722 1347 2766 ἅνω

465 2793 597 2836 πέντε
627 2794 811 2847 κέλητας
841 2790 1223 2847 πεντεσκάλμους,

466 2862 804 2915 περιαγγέλλειν
833 2874 881 2902 τε
911 2857 1021 2913 κούχ
1050 2857 1284 2901 ὑποκαίειν
