1890 3190
578 223 786 260 ΑΔΗΔΩΝ
809 224 1080 261 Amnum&
1529 226 1610 270 113

253 321 364 382 ὁρᾷς
391 322 514 380 παρὰ
545 323 768 382 ῥείθροισι
798 327 1059 383 χειμάρροις
1085 324 1170 371 ὅσα

249 391 455 448 δένδρων
485 390 554 437 ἀεὶ
583 392 668 449 τήν
698 394 844 437 νύκτα
873 394 949 438 καὶ
978 392 1062 451 τήν
1091 392 1263 452 ἡμέραν

192 469 215 501 ὁ
243 461 452 516 βρέχεται
481 460 671 517 μέγεθος
700 462 776 505 καὶ
805 461 970 513 κάλλος
1000 457 1071 506 οἷα
1101 467 1298 519 γίνεται,

242 526 297 572 τὰ
329 526 373 572 δ’
404 527 707 572 ἀντιτείνονθ’
742 530 883 573 οἱονεὶ
913 531 1054 582 δίψαν
1082 530 1186 574 τινὰ

245 591 274 649 ἢ
304 595 524 653 ξηρασίαν
555 595 709 652 σχόντ’
740 592 1017 654 αυτόπρεμν’
1051 596 1314 644 ἀπόλλυται.

152 689 382 731 Athenaeus
423 693 467 742 1,
490 691 580 732 22f
610 686 855 743 Ἀντιφάνης
892 690 994 745 λέγει
1029 695 1110 735 κτλ.
1171 693 1606 765 Eustath.1612,15

61 743 107 786 ³2
133 742 400 798 Ἀντιφάνους
430 722 643 798 ἀπορίαν(
652 746 694 789 τὸ
727 746 772 789 δὲ
802 749 881 800 ζῆν
909 747 995 789 εἰπέ
1022 764 1111 802 μοι,
1152 749 1190 788 τί
1220 747 1342 789 ἐστιν’
1356 766 1366 799 ;
1411 744 1462 803 ἧς
1491 750 1607 800 λύσις

56 813 100 858 §a
137 802 272 844 πίνειν
300 800 405 857 φήμ’
429 802 541 859 ἕγωῆ
607 805 678 846 καὶ
715 806 925 862 παρωὸίαν
962 803 1126 859 ἐκείνην
1163 804 1206 846 ἐκ
1244 812 1325 846 τῶν
1361 812 1433 847 τοῦ
1473 810 1606 859 Σοφο-

59 861 71 882 “’
105 871 198 909 ους·
241 857 338 916 ὁρᾷς
369 863 450 905 κτλ
509 863 716 916 (Sophool.
749 864 890 916 Anssig.
923 866 1005 904 712
1027 864 1110 916 sq.)
1200 866 1236 907 2.
1279 857 1323 903 τὸ
1350 867 1444 905 ante
1473 865 1608 906 πίνειν

102 937 121 952 ιι
161 918 363 959 Meinekio
394 920 621 960 delendum.
712 923 750 961 7.
784 912 918 973 σχόντ’
944 919 1127 974 Grotius]
1161 917 1303 973 ἔχοντ’.
1351 916 1605 974 αὕτόπρεπον

84 975 222 1015 ·stath.
281 977 388 1016 recte
418 976 623 1018 Iacobsius
643 978 783 1018 Addit.
815 979 912 1018 Ath.
947 979 998 1017 14
1029 978 1164 1018 omnia
1193 980 1264 1018 uni
1293 992 1485 1029 personae
1515 993 1605 1020 con-

62 1033 189 1082 fluat:
227 1032 295 1072 alii
326 1033 373 1071 Β.
405 1030 448 1072 τὸ
476 1033 610 1073 πίνειν
639 1036 722 1074 κτλ.
783 1036 1041 1086 participium
1080 1033 1189 1086 σχών
1217 1036 1345 1075 rarius
1375 1037 1604 1077 invenitur:

54 1089 161 1139 ‘ph.
192 1089 256 1128 El.
290 1090 386 1129 551.
436 1091 576 1143 Eurip.
608 1092 700 1132 Hel.
731 1093 826 1131 469.
878 1093 1121 1143 Antiphont.
1155 1094 1194 1141 5,
1217 1094 1284 1132 67.

243 1295 319 1356 ἆρ’
351 1303 444 1346 ἔστι
475 1305 613 1360 λῆρος
642 1303 790 1347 πάντα
821 1302 933 1362 πρὸς
962 1304 1013 1347 τὸ
1044 1307 1254 1362 χρυσίον·

244 1368 391 1426 μόνου
420 1369 507 1426 γὰρ
538 1371 679 1416 αὐτοῦ
710 1373 940 1428 διαμένειν
970 1371 1098 1416 εἴωθ’
1131 1371 1200 1416 ἀεὶ

237 1435 288 1480 τὸ
316 1441 470 1495 χρῶμα
500 1439 658 1483 ταύτό·
703 1443 796 1484 τῶν
826 1443 975 1495 φίλων
1005 1441 1055 1483 δὲ
1085 1440 1191 1493 τούς
1221 1442 1419 1498 τρόπους

239 1503 459 1550 οὐδέποθ’
491 1506 655 1563 ὁμοίως
684 1511 1002 1565 ζωγραφοῦσιν
1032 1509 1083 1552 αἰ
1107 1509 1254 1566 τύχαι.

183 1582 204 1614 5
235 1576 430 1627 πλοῦτος
459 1575 509 1619 δὲ
538 1576 737 1632 βασανός
768 1578 892 1620 ἐστιν
922 1575 1174 1633 ἀνθρώπου
1203 1578 1400 1635 τρόπων.

236 1641 347 1686 ὅταν
377 1642 590 1700 ευπορῶν
619 1643 707 1702 γὰρ
737 1644 896 1718 αἰσχροὶ
926 1646 1100 1703 πράττη
1131 1645 1396 1704 πράγματα,

235 1712 285 1753 τί
307 1713 472 1755 τοῦτον
504 1702 786 1769 απορήσαντ’
817 1730 875 1757 αν
905 1712 991 1757 οὐκ
1023 1717 1106 1758 οἱει
1137 1722 1305 1766 ποιεῖνς

147 1803 342 1845 Stobaeus
371 1806 662 1855 Flori1.91,14
680 1802 946 1858 Ἀντιφάνους
966 1809 1014 1848 Α.
1078 1823 1118 1848 v.
1137 1811 1174 1849 6.
1198 1810 1221 1848 7
1244 1809 1442 1850 Stobaeus
1461 1812 1600 1852 Floril.

62 1866 82 1917 ’,
103 1861 128 1900 3
158 1860 400 1912 Antiphanis
428 1862 594 1903 Gesner.
625 1865 807 1914 Apostol.
843 1867 914 1916 13,
938 1866 1031 1904 1311
1071 1862 1286 1920 (Leutseh)
1314 1862 1600 1917 Ἀντιφάνους.

47 1945 53 1970 -.·
82 1918 232 1958 tonius
267 1919 363 1958 Mel.
395 1932 428 1959 11
461 1934 510 1971 p.
520 1922 559 1971 7,
577 1922 629 1960 27
666 1922 730 1961 ed.
765 1921 886 1962 Gesn.
921 1922 1059 1962 addito
1090 1923 1332 1973 Antiphanis
1363 1926 1540 1965 nomine.

0 1990 1 2006 ι
105 1970 234 2014 αὐτοῦ
261 1973 317 2028 A]
347 1972 420 2016 ἀεὶ.
489 1973 609 2016 εἴωθ’
632 1974 713 2031 ἀεὶ]
744 1976 867 2018 εἴωθε
897 1977 948 2031 δὴ
978 1979 1168 2022 Valcken.
1259 1982 1297 2020 3.
1329 1977 1450 2020 ταύτό
1451 1981 1523 2049 Β]
1557 1977 1597 2020 δ’

73 2024 142 2070 ’τό.
268 2034 309 2072 4.
348 2028 511 2084 ὁμοίους
541 2033 681 2075 Cobet.
712 2035 765 2076 N.
795 2036 822 2075 l.
857 2038 949 2076 137.
1075 2038 1115 2075 5.
1154 2032 1397 2106 ἀνθρώπου]
1435 2033 1599 2090 ανθρώ-

44 2101 124 2137 ηις
143 2088 189 2128 Β.
238 2084 446 2144 ἀνθρώπῳ
475 2091 682 2132 Herwerd.
715 2091 809 2133 obs.
831 2094 920 2136 orit.
941 2095 1009 2133 53.
1099 2095 1137 2133 6.
1168 2089 1214 2141 ὃς
1244 2090 1298 2133 ἂν
1328 2094 1468 2135 Cobet.
1499 2094 1594 2149 γὰρ]

70 2163 84 2185 ·,
123 2144 235 2188 Stob.
266 2147 304 2197 2,
327 2148 351 2186 3
373 2149 414 2187 et
434 2149 573 2199 Apost.
622 2146 792 2204 πράττῃ]
825 2164 883 2198 τις
912 2148 1064 2204 πράττῃ
1084 2151 1134 2190 A.
1197 2164 1294 2190 οταν
1313 2148 1501 2204 εὐπορων
1514 2151 1595 2219 γὰρ

60 2200 176 2253 χροὶ
207 2216 264 2250 τις
293 2200 466 2271 πράττῃ,
496 2202 583 2257 λέγε
612 2206 733 2246 Mein.
824 2209 864 2246 7.
895 2212 1038 2246 τοῦτον
1068 2206 1119 2260 A]
1152 2206 1304 2247 τούτων
1334 2208 1452 2249 Voss.
1502 2205 1598 2248 ἀπο-

57 2253 212 2300 ἰαντα
240 2257 403 2312 πραξειν
432 2261 658 2316 προσδοκᾷς
689 2263 801 2303 Stob.
833 2265 881 2313 2,
911 2265 935 2304 3
973 2266 1013 2303 et
1042 2265 1364 2314 Apost01.,nisi
1394 2267 1501 2317 quod
1531 2268 1595 2306 hic

52 2325 78 2357 ,ν’
111 2314 322 2369 ορήσαντα.
410 2332 446 2358 v.
485 2319 510 2358 5
540 2324 632 2370 post
663 2322 685 2359 7
731 2320 911 2360 conlocat
954 2321 1001 2361 Ο.
1032 2321 1164 2360 Hense
1208 2295 1320 2362 L‘eot.
1367 2322 1480 2363 Stob.
1522 2325 1591 2372 45,

61 2403 72 2415 .
102 2373 142 2413 6.
174 2375 198 2413 7
229 2387 278 2439 ¹²⁰.
304 2374 472 2415 fortasse
502 2377 623 2415 etiam
655 2390 691 2416 v.
724 2378 749 2442 5
787 2390 810 2416 a
849 2378 1013 2429 reliquis
1044 2379 1284 2428 separandos
1323 2381 1364 2418 et
1403 2381 1481 2419 tria
1520 2381 1595 2419 fra-

51 2547 71 2575 !
90 2556 191 2594 uper
219 2545 387 2584 eundem
417 2547 593 2586 colorem
623 2549 769 2587 servat.
828 2560 872 2587 ac
901 2550 1106 2599 praeterea
1136 2550 1249 2599 quasi
1279 2550 1448 2590 obrussa
1479 2564 1595 2600 quae·

97 2619 115 2633 ..
155 2603 219 2640 est
247 2614 402 2642 morum
430 2603 620 2643 hominis:
652 2617 744 2642 nam
774 2604 843 2643 ubi
873 2607 950 2644 cet.

236 2811 260 2856 ὀ
290 2811 447 2865 διδοὺς
475 2812 556 2857 τὸν
587 2812 728 2868 ὅρκον
757 2818 821 2873 τῷ
849 2820 1033 2874 πονηρῷ
1064 2809 1291 2872 μαίνεται·

12 2934 13 2939 ¹
236 2879 504 2924 τούναντίον
532 2883 620 2938 γοξρ
651 2885 740 2926 νῦν
769 2886 983 2927 ποιοῦσιν
1014 2885 1062 2926 οἶ
1086 2887 1199 2928 θεοί.

12 2942 13 2945 ’
55 2952 58 2954 ·
101 2954 352 2989 manaim-001.
374 2956 637 2985 maranch.
675 2958 717 2985 11.
1300 2956 1322 2988 8
