1890 3190
498 193 844 229 ΦΙΛΟΘΗΒΔῙΟΣ
891 191 1219 227 ΦΙΛΟΚΤΗΤΗΣ
1548 189 1625 232 107

0 289 1 352 1
59 301 334 342 orm-slawata.
439 301 503 339 15.
534 301 697 339 ‘servus
726 310 794 338 ero
825 298 924 338 dicit
953 310 995 336 so
1025 296 1209 338 alicunde
1239 308 1401 347 parasse
1432 295 1538 336 unde
1568 309 1628 335 ce-

3 1366 7 1372 ,
63 1325 253 1377 attingat.

61 358 162 399 nont
189 356 231 396 ot
255 359 359 409 τρεῖς
389 353 497 411 (16),
526 356 771 404 adulescens,
802 356 929 395 amica
958 357 1000 394 et
1027 354 1113 404 ipse
1143 366 1294 394 servus.
1334 353 1502 392 miratus
1531 352 1626 392 adu-

44 413 214 455 'leecens
245 426 336 454 eum
366 414 596 464 adloquitur
626 416 672 453 ut
702 425 862 463 magum
884 414 925 451 et
946 410 1266 451 incantatorem!
1299 410 1424 450 Dobr.
1456 411 1515 450 ‘et
1534 412 1629 450 sunt

65 472 135 523 qui
163 470 266 511 nihil
294 483 410 522 posse
441 470 709 509 incantatores
738 469 915 519 putent?
948 468 1177 518 Dalecamp.
1237 467 1410 507 Cobetus
1441 469 1488 506 ut
1517 479 1627 507 suam

64 528 331 568 coniecturam
362 522 558 594 (ἐπῳδάς)
588 526 728 577 probet
758 525 913 565 confert
941 524 1044 566 Plat.
1066 523 1266 564 Charmid.
1285 525 1396 563 155ο
1425 517 1541 563 εἷπον
1569 517 1630 562 ὅτι

36 623 37 626 ,
64 581 107 625 τὸ
138 581 355 636 φάρμακον
383 582 446 633 εἴη
476 580 629 634 φύλλον
657 596 708 633 τι,
740 578 872 635 ἐπῳδὴ
903 578 947 620 δέ
977 594 1034 627 τις
1065 578 1129 619 ἐπὶ
1158 585 1212 646 τῷ
1241 578 1439 648 φαρμάκῳ
1469 578 1547 630 εἴη,
1576 577 1629 632 ἣν

65 641 102 683 εἰ
133 637 208 693 μέν
243 654 301 688 τις
340 637 480 697 ἐπᾳδοι
516 653 599 691 αμα
628 638 696 679 καὶ
725 642 848 693 χρῷτο
877 632 1006 692 αὐτῷ,
1036 621 1296 677 παντάπασιν
1326 633 1420 689 ὑγιᾶ
1450 639 1563 676 ποιοῖ
1586 634 1630 676 τὸ

63 696 297 750 φάρμακον·
333 682 432 738 ἄνευ
463 693 508 736 δὲ
538 700 609 747 τῆς
640 679 795 751 ἐπῳδῆς
825 690 946 734 οὐδὲν
958 677 1118 743 ὄφελος
1149 692 1212 745 εἴη
1243 697 1314 733 τοῦ
1342 692 1512 743 φύλλου.
1573 695 1631 734 ita

40 767 214 807 ·coquus
254 755 353 796 cibis
391 753 513 807 ῥῆσιν
539 767 662 797 suam
700 753 812 804 quasi
842 753 1040 803 quandam
1070 751 1383 791 incantationem
1414 750 1543 799 addit,
1586 754 1631 791 ut

64 811 241 853 officiant
278 811 395 878 quod.
415 812 537 852 vult.
637 811 701 851 17.
733 810 797 848 ‘in
828 809 949 849 verbo
981 806 1271 873 συστρέφοντος
1300 808 1375 847 ioci
1406 807 1525 848 cardo
1556 810 1627 848 est.

64 872 111 909 ut
147 867 253 909 enim
290 869 398 920 magi
436 870 543 908 torto
580 867 749 907 rhombo
779 859 958 906 ¹homines
987 866 1191 915 vinciunt,
1231 865 1287 904 sic
1318 865 1488 916 coquus'
1523 867 1629 904 torto

64 925 191 967 obelo.
230 924 385 966 Iacobs.
417 925 554 964 Addit.
588 925 682 964 334.
775 925 839 963 19.
872 923 1014 974 ξιφηφ.
1046 935 1080 973 χ.
1112 922 1211 963 dicit
1239 922 1458 962 anteriores
1489 935 1630 961 manus

64 983 106 1023 in
135 981 298 1022 modum
328 983 479 1022 ensium
512 982 795 1032 prominentes.
839 980 1059 1031 Schweigh.
1179 979 1246 1019 22.
1285 978 1507 1019 Meinekius
1539 991 1627 1018 con-

63 1040 144 1079 fert
173 1038 293 1091 Verg.
324 1039 423 1081 Aen
458 1040 496 1089 6,
520 1039 601 1078 204
631 1039 793 1078 discolor
821 1039 913 1077 auri
941 1049 1045 1077 aura
1073 1036 1238 1085 refulsit.

177 1097 216 1135 4.
252 1097 391 1147 utique
434 1095 688 1135 scribendum
730 1094 890 1134 videtur
931 1089 1131 1132 az‘oeff:
1173 1106 1270 1134 nam
1300 1094 1407 1134 inter
1436 1090 1480 1133 τὸ
1509 1092 1629 1144 χλιαί-

67 1154 209 1192 νεσθαι
244 1156 287 1194 et
325 1150 501 1202 ἕψεσθαι
536 1152 715 1203 anguilla
753 1164 834 1191 non
870 1151 1044 1201 tollitur,
1085 1151 1152 1189 sed
1181 1150 1413 1199 infervescit.
1474 1151 1630 1190 elatiori

65 1212 200 1250 autem
231 1211 405 1250 orationi
435 1210 476 1248 id
507 1209 674 1248 verbum
704 1208 863 1260 egregie
894 1207 1238 1247 accommodatum*
1274 1210 1349 1247 est.
1474 1209 1539 1247 11.
1570 1209 1630 1258 pi-

64 1280 170 1308 scem
207 1269 411 1318 comparat
446 1279 535 1306 cum
577 1278 756 1316 cursore,
794 1265 863 1315 qui
894 1277 976 1305 non
1005 1264 1177 1304 multum
1208 1264 1322 1304 abest
1353 1265 1451 1315 quin
1481 1266 1628 1304 metam

801 1387 884 1430 218

271 1467 327 1512 οὐ
358 1466 512 1512 δεινόν
544 1468 638 1512 ἐστι
669 1466 963 1524 προσφάτους
991 1465 1075 1522 μὲν
1105 1464 1164 1508 ἄν
1192 1464 1305 1522 τύχῃ

271 1538 438 1581 πωλῶν
467 1551 534 1587 τις
562 1536 716 1592 ἰχθῦς,
748 1534 1066 1590 συναγαγόντα
1096 1532 1174 1584 τὰς
1206 1530 1352 1589 ὀφρῦς

271 1607 434 1649 τοῦτον
464 1603 852 1659 σκυθρωπάζοντα
882 1601 933 1646 θ’
953 1599 1063 1658 ἡμῖν
1094 1603 1384 1656 προσλαλεῖν,

272 1673 354 1718 ἐὰν
386 1670 589 1726 σαπροὺς
619 1673 784 1729 κομιδῇ
814 1673 883 1725 δέ,
917 1672 1090 1724 παίζειν
1120 1667 1195 1712 καὶ
1223 1671 1382 1724 γελᾶν;

219 1751 240 1783 5
270 1740 541 1784 τούναντίον
570 1738 658 1799 γὰρ
690 1742 782 1782 πᾶν
813 1740 904 1783 ἔδει
934 1740 1125 1789 τούτους
1154 1744 1320 1780 ποιεῖν·

269 1808 349 1852 τόν
379 1809 462 1864 μὲν
491 1811 646 1865 γελᾶν,
677 1807 758 1851 τὸν
788 1806 832 1850 δ’
856 1806 1012 1863 ἕτερον
1042 1806 1250 1863 οἰμώζειν
1278 1807 1443 1861 μακρά.

182 1905 411 1944 Athenaeus
442 1905 481 1954 6,
505 1904 622 1943 225f
644 1899 938 1953 Ἀντιφάνης..
958 1899 1022 1941 ,ἐν
1050 1899 1314 1954 Φιλοθηβαίῳ
1344 1899 1472 1951 φησίν
1499 1903 1583 1940 κτλ.

2 1974 3 1977 ’
70 1964 110 2003 2.
142 1956 418 2013 συναγαγόντα
448 1960 611 2000 Grotius
641 1961 825 2011 Exeerpt.
860 1956 961 2011 631]
994 1955 1220 2009 συνάγοντα
1254 1958 1300 1997 Α.
1419 1958 1458 1999 4.
1490 1957 1634 2010 κομιδῆ

2 2018 3 2062 J
68 2015 111 2058 δὲ
141 2014 385 2071 Schweigh.]
417 2014 461 2056 δὲ
490 2016 651 2068 κομιδῆι
680 2019 730 2057 A.

180 2075 367 2115 Fortasse
398 2087 445 2114 ex
475 2074 760 2115 Philothebaeo
792 2074 911 2114 etiam
942 2073 991 2115 fr.
1027 2074 1108 2112 276
1141 2074 1369 2123 excerptum
1401 2074 1500 2111 erat.

680 2196 1010 2232 ΦΙΛΟΚΤΗΤΗΣ

183 2281 278 2319 Fuit
314 2280 435 2320 ctiam
474 2279 680 2320 Sti-attidis
717 2280 943 2319 Philocteta.
1012 2278 1062 2318 cf.
1099 2277 1217 2317 huius
1253 2277 1440 2316 editionis
1479 2278 1497 2316 I
1538 2278 1632 2317 724.

70 2337 332 2388 Antiphontis
363 2336 496 2387 potius
525 2336 770 2387 tragoediam
792 2335 1006 2387 significari
1026 2335 1141 2385 putat
1161 2334 1385 2373 Meinekius
1405 2334 1424 2372 I
1445 2335 1544 2374 314.
1565 2336 1630 2374 16.

71 2394 122 2435 cf.
151 2394 304 2434 Nauck.
335 2393 402 2433 Tr.
432 2406 491 2444 gr.
525 2394 619 2433 615.
644 2395 710 2433 16.
777 2406 824 2431 ex
858 2393 1050 2432 Philotide
1089 2403 1235 2430 nomen
1273 2393 1504 2440 corruptum
1548 2404 1634 2430 esse

72 2452 178 2491 idem
228 2450 450 2490 Meinekius
500 2450 724 2500 suspicatur
773 2449 961 2488 111129.
1032 2447 1221 2498 Sophocli
1271 2447 1442 2498 denique
1491 2448 1635 2488 tribuit

72 2508 269 2560 Bergkius
300 2507 450 2550 Ztschr.
480 2507 509 2546 f.
541 2507 626 2547 Alt.
660 2507 768 2546 1855
798 2519 839 2556 p.
867 2507 958 2544 110.

806 2615 891 2658 219

301 2695 447 2751 σοφόν
477 2697 531 2751 γέ
557 2697 631 2738 τοί
655 2710 697 2738 τι
726 2694 838 2750 πρὸς
865 2693 916 2738 τὸ
946 2694 1190 2750 βουλεύειν
1218 2695 1308 2749 ἔχει

301 2761 352 2806 τὸ
381 2766 544 2819 γῆρας,
575 2760 635 2814 ὥς
664 2761 719 2820 δὴ
750 2760 880 2807 πόλλ’
906 2761 1006 2805 ίδόν
1035 2777 1083 2806 τε
1114 2760 1188 2805 καὶ
1219 2760 1385 2803 παθόν.

191 2858 386 2899 Stobaeus
416 2858 552 2900 Floril.
587 2858 687 2907 115,
712 2859 763 2897 15
792 2853 1057 2908 Ἀντιφάνους
1088 2853 1131 2896 ἐκ
1160 2850 1420 2908 Φιλοκτήτου.
1505 2852 1629 2896 'Avu-
