1890 3190
267 159 321 201 26
885 162 1206 196 ΑΝΤΙΦΑΝΟΤΣ

762 263 1014 297 ΑΡΓΤΡΙΟΤ
1039 264 1327 298 ΑΦΑΝῙΣΜΟΣ

380 344 511 382 Etiam
550 344 722 394 Epigoni
763 344 1027 382 tribuebatur.
1091 345 1237 384 Athen.
1275 347 1319 393 9,
1343 346 1423 385 409
1437 346 1476 384 d.
1527 347 1647 385 Mein.
1678 347 1697 385 I
1727 348 1821 386 321.

266 401 541 450 cognominem
585 400 760 438 fabulam
803 401 1015 450 scripserat
1059 401 1305 451 Philippides
1351 399 1493 454 (Mein.
1532 403 1675 442 1324.
1707 402 1821 454 354),

267 457 435 495 fortasse
474 457 596 494 etiam
627 455 805 496 Strattis.
848 457 896 498 cf.
926 458 1042 497 huius
1074 458 1133 496 ed.
1164 458 1185 496 I
1218 459 1310 497 172.
1361 459 1471 499 tituli
1501 460 1604 498 ratio
1633 471 1714 499 non
1743 471 1822 499 uno

268 513 385 551 modo
416 513 605 563 explicari
635 515 780 565 potest.
831 513 879 552 cf.
911 514 1030 555 Mein.
1061 514 1082 553 I
1111 514 1207 555 473.

1019 636 1074 679 39

1134 734 1136 737 .
1213 693 1289 736 καὶ
1317 693 1417 737 τότε

569 762 884 817 περιπατήσεις
914 759 1156 813 κάπονίψει
1186 759 1298 803 κατὰ
1326 761 1496 816 τρόπον

564 827 641 879 τὰς
670 835 842 884 χεῖρας,
875 827 1023 885 εὐώδη
1054 827 1206 883 λαβών
1235 826 1318 883 τήν
1346 832 1447 885 γῆν.

380 923 611 962 Athenaeus
642 925 678 970 9,
702 923 827 962 409d
865 921 953 972 περὶ
992 920 1034 961 δὲ
1071 927 1140 961 τοῦ
1177 918 1343 962 εὐωδεσι
1379 923 1562 975 χρίεσθαι
1590 938 1660 971 τας
1682 927 1822 976 χεῖρας

259 975 469 1030 Ἐπιγένης
514 976 542 1029 ἢ
566 973 805 1029 Ἀντιφάνης
851 977 975 1030 φησὶν
1012 977 1054 1018 ἐν
1087 975 1296 1031 Ἀργυρίου
1334 977 1548 1035 ἀφανισμῷ
1584 977 1710 1028 οὕτως
1738 982 1820 1021 κτλ.

265 1036 493 1075 Dindorfius
525 1032 609 1074 τότε
636 1039 641 1084 Ι
669 1034 735 1074 καὶ
764 1035 1058 1087 περιπατήσεις.
1109 1037 1177 1075 sed
1203 1036 1299 1086 quid
1329 1038 1392 1076 hic
1422 1038 1498 1076 sibi
1529 1038 1627 1077 velit
1655 1050 1821 1088 περιπα-

265 1091 419 1143 τήσεις,
462 1092 621 1131 difficile
654 1094 713 1132 est
744 1093 889 1132 dicere.
949 1093 1151 1132 Iacobsius
1185 1093 1320 1134 Addit.
1352 1095 1431 1132 219
1469 1091 1604 1144 πτέριν
1638 1090 1821 1144 πατήσεις

266 1150 368 1188 conl.
401 1149 561 1190 Theocr.
593 1150 635 1195 5,
661 1151 712 1188 51
754 1145 915 1187 ἁπαλὰν
949 1147 1086 1200 πτέριν
1115 1143 1192 1187 (ὁδε
1221 1153 1410 1200 πατησεΐς
1450 1152 1491 1188 et
1528 1146 1657 1201 εὕωὸη
1687 1147 1823 1202 λαβὼν

264 1202 402 1257 πηγὴν
433 1203 526 1244 ἐκεῖ.
575 1206 779 1247 Herwerd.
802 1206 948 1246 Mnem.
971 1219 1063 1245 nov.
1083 1206 1142 1244 VI
1163 1207 1215 1245 62
1246 1205 1382 1255 πάτερ,
1414 1205 1652 1257 σπαθήσεις.
1686 1207 1822 1246 talem

265 1264 369 1301 enim
402 1263 526 1301 vitam
555 1263 670 1301 finxit
699 1265 836 1312 poeta,
875 1263 944 1301 ubi
982 1263 1159 1302 homines
1191 1264 1352 1301 mollem
1383 1263 1525 1302 filicem
1556 1265 1753 1303 calcarent
1781 1267 1821 1303 et

263 1321 372 1358 terra
417 1319 517 1357 bene
561 1320 693 1358 olente
733 1321 935 1369 tamquam
975 1321 1177 1370 unguento
1221 1320 1283 1358 usi
1325 1320 1600 1370 abstergerent
1642 1320 1818 1360 manus.’

262 1376 407 1426 Bergk.
438 1375 484 1415 R.
516 1389 548 1414 c.
578 1376 665 1414 Att.
700 1376 792 1415 288.
844 1389 963 1426 quam
993 1377 1189 1415 rationem
1217 1377 1248 1414 si
1279 1377 1469 1427 sequaris,
1499 1377 1641 1416 titulus
1672 1389 1821 1417 comoe-

263 1432 349 1471 diae
388 1433 445 1471 ita
483 1433 738 1483 explicandus
775 1433 852 1471 erit
888 1435 934 1471 ut
964 1434 1119 1483 poetam
1152 1433 1405 1483 descripsisse
1436 1435 1678 1484 statuamus,
1719 1446 1820 1484 quae

239 1489 442 1529 >condicio
480 1489 687 1528 hominum
724 1489 860 1528 futura
888 1492 1009 1537 esset,
1042 1489 1076 1528 si
1105 1490 1292 1539 pecuniae
1322 1502 1416 1529 usus
1446 1490 1721 1541 abrogaretur.
1779 1492 1821 1530 at

261 1546 353 1584 huic
393 1546 709 1595 interpretationi
747 1546 946 1585 adversari
985 1546 1145 1585 videtur
1181 1543 1280 1584 κατὰ
1319 1545 1477 1598 τρόπον,
1516 1550 1619 1586 recta
1654 1548 1818 1587 ratione.

264 1603 401 1652 itaque
433 1615 614 1641 scaenam
644 1602 812 1641 similem
843 1615 928 1642 esse
960 1603 1142 1641 existimo
1173 1603 1391 1653 Vesparum
1421 1604 1586 1642 ultimae
1617 1605 1657 1642 et
1686 1604 1820 1643 admo·

263 1660 349 1697 neri
388 1659 522 1698 nescio
561 1672 696 1709 quem,
740 1661 784 1697 ut
821 1660 929 1698 victu
966 1660 1117 1698 inculto
1154 1673 1199 1699 ac
1238 1661 1396 1699 sordido
1427 1661 1572 1699 omisso
1605 1661 1819 1699 urbanitati

265 1716 485 1766 indulgeat.
531 1716 664 1765 itaque
695 1729 766 1766 pro
795 1714 983 1766 πατήσεις
1013 1717 1179 1755 fortasse
1209 1717 1460 1755 scribendum
1488 1713 1658 1765 μασήσει
1687 1718 1728 1755 et
1746 1729 1818 1766 pro

265 1784 354 1823 περι
398 1785 543 1811 nomen
588 1773 749 1822 plantae
794 1773 1084 1811 restituendum
1122 1773 1224 1812 bene
1262 1773 1425 1823 olentis,
1470 1774 1588 1812 sicuti
1627 1771 1818 1823 μαστίχην

263 1829 560 1867 manducabant
596 1832 636 1867 et
674 1830 787 1868 betae
826 1830 999 1868 radicem
1039 1830 1179 1869 odoris
1202 1842 1328 1869 causa.
1360 1851 1414 1858 —-—
1458 1824 1579 1867 κατὰ
1623 1827 1816 1881 τρόπον.

263 1886 458 1936 Hyperid.
481 1886 667 1936 Epitaph.
693 1887 730 1936 9,
756 1887 780 1924 3
813 1886 867 1936 (p.
891 1887 944 1924 57
974 1885 1119 1936 Blass.)
1151 1884 1190 1924 τί
1215 1883 1268 1924 ἂν
1296 1886 1498 1949 συμβῆναι
1527 1885 1734 1937 νομίζομεν
1762 1884 1816 1937 μὴ

262 1939 364 1979 κατὰ
396 1940 542 1993 τρόποι
573 1937 723 1980 τούτων
745 1937 1044 2007 (Λεωσθένους
1075 1956 1142 1981 και
1171 1948 1251 1981 τῶν
1279 1955 1369 1993 περι
1400 1935 1540 1995 αὐτὸν)
1571 1939 1816 1994 ἀγωνισαμέ-

262 2012 357 2038 νων.
404 2012 449 2038 ac
480 2000 712 2049 saepissime
742 2000 786 2037 in
814 2012 918 2039 nova
939 1999 1151 2038 comoedia.
1197 2013 1233 2039 v.
1257 2001 1281 2038 3
1313 2000 1474 2038 omnino
1503 2000 1726 2038 tollendum
1756 2001 1818 2039 est

262 2053 350 2103 τήν.
415 2050 546 2106 εὐώδη
576 2061 666 2107 γῆν,
705 2058 750 2094 ut
782 2055 990 2095 Cimoliam
1020 2056 1145 2095 Arist.
1176 2056 1274 2095 Rau.
1306 2058 1400 2095 712.
1464 2056 1514 2095 cf.
1546 2056 1752 2098 Nicochar.
1775 2056 1814 2098 4.

954 2214 1116 2246 ΑΡΚΑΣ

378 2295 546 2333 Prorsus
576 2295 770 2333 incertum
807 2296 867 2333 est
904 2296 1038 2333 utrum
1076 2294 1182 2333 Iovis
1212 2308 1259 2333 ex
1289 2293 1453 2333 Callisto
1483 2293 1588 2333 filius
1617 2307 1668 2332 an
1697 2294 1814 2333 homo

261 2351 407 2401 aliquis
438 2351 561 2391 Arcas
593 2352 645 2390 sit
675 2351 984 2402 intellegendus.
1035 2351 1152 2391 Mein.
1184 2351 1204 2389 I
1234 2351 1328 2390 323.

1009 2461 1066 2502 40

992 2537 1096 2581 οὔτε
1124 2537 1211 2595 γὰρ
1241 2538 1446 2594 νήφοντα
1475 2539 1548 2581 δεῖ

346 2606 570 2662 οὐδαμοῦ,
602 2607 766 2661 πάτερ,
799 2614 1051 2665 παροινεῖν,
1079 2605 1180 2649 οὔθ’
1204 2605 1312 2648 ὅταν
1341 2608 1490 2649 πίνειν
1521 2607 1600 2663 δέῃ

345 2677 461 2717 νοῦν
492 2676 623 2730 ἔχειν.
675 2673 795 2724 ὅστις
825 2675 874 2716 ὁὲ
905 2677 1056 2729 μεῖζον
1085 2671 1114 2730 ἢ
1143 2672 1240 2717 κατ’
1264 2672 1511 2728 ἄνθρωπον
1541 2682 1705 2730 φρονεῖ

525 2777 532 2785 .
599 2745 744 2798 μικρῷ
775 2740 1004 2793 πεποιθώς
1033 2741 1179 2798 ἀθλίῳ
1207 2743 1466 2797 νομίσματι,

296 2819 316 2850 5
349 2810 411 2859 εἰς
441 2807 617 2864 ἄφοδον
650 2808 801 2855 ἐλθών
831 2808 986 2866 ὅμοιον
1016 2813 1155 2852 πᾶσιν
1185 2807 1325 2852 αὑτὸν
1354 2809 1532 2865 ὄψεται,
