1864 3204
200 220 285 261 470
839 212 1105 250 ΞΕΝΑΡΧΟΤ

203 335 323 374 paene
353 323 396 359 ut
416 318 642 358 Falstasfius
671 318 776 367 apud
810 316 1150 366 Shakespearium.
1229 316 1293 354 14.
1325 313 1511 366 γέροντας
1543 315 1676 365 ὄντας.
1707 319 1758 358 ef.

206 380 253 417 de
282 377 428 416 talibus
458 374 735 425 parechesibus
757 373 929 412 Lobeek.
953 372 1074 422 Soph.
1099 372 1161 410 Ai.
1183 385 1222 421 p.
1244 373 1336 412 108.
1368 372 1537 424 paralip.
1559 375 1626 415 53.
1688 375 1756 415 20.

204 433 397 472 ‘formula¹
427 427 564 480 ψυχὴν
594 427 636 468 ἐν
666 427 766 480 χειρὶ
797 427 900 479 ἔχειν
930 430 977 468 de
1007 429 1234 468 hominibus
1253 430 1360 468 vitae
1381 429 1592 469 discrimen
1613 431 1759 470 adeun-

204 492 308 529 tibus
339 488 496 526 infimae
527 487 779 537 graecitatis’
813 488 887 525 esf„
921 486 1040 524 Mein.
1131 487 1197 523 21.
1240 485 1379 535 Eurip.
1408 485 1573 536 Hippoi.
1603 488 1685 526 415
1715 487 1760 526 αἳ

202 546 284 590 πῶς
322 540 427 592 ποτ’,
473 537 506 582 ὦ
544 541 733 580 δέσποινα
768 541 908 580 ποντία
940 539 1100 590 Κύπρι,
1143 538 1360 592 βλέπουσιν
1390 539 1429 588 ἐς
1460 540 1652 592 πρόσωπα
1681 547 1760 583 τῶν

204 604 466 650 ξυνευνετῶν;
543 600 609 638 22.
643 600 690 638 de
719 600 918 638 Draconis
947 599 1113 649 legibus·
1134 598 1176 636 in
1207 598 1410 638 adulteros
1441 600 1545 639 datis
1575 599 1626 639 ef.
1657 601 1757 652 Tay·

203 660 272 699 lor.
304 658 413 696 Leot.
444 658 539 707 Lys.
571 670 608 705 p.
632 656 712 695 303
744 656 877 694 Reisk.

675 831 770 886 ἐμοὶ
799 832 974 886 γένοιτο
1006 833 1090 874 σοῦ
1119 832 1281 886 ζώσης,
1313 832 1488 887 τέκνον,

479 899 741 954 ἐλευθέριον
771 902 969 942 πιοῦσαν
998 895 1126 942 οἶνον
1155 896 1422 942 ἀποθανεῖν.

322 995 549 1033 Athenaeus
582 995 653 1042 10,
676 993 795 1031 440e
831 989 895 1031 ὅτι
932 990 976 1031 δὲ
1013 991 1195 1042 φίλοινον
1231 990 1274 1031 τὸ
1305 997 1385 1031 τῶν
1413 998 1621 1044 γυναικῶν
1648 992 1762 1046 γένος
1809 1028 1817 1033 .

210 1050 357 1091 κοινόν.
397 1046 471 1089 οὐκ
501 1046 720 1102 ἀχαρίστως
754 1046 794 1087 δὲ
823 1047 888 1087 καὶ
919 1046 939 1087 ὅ
962 1046 1163 1099 Ξέναρχος
1194 1047 1238 1087 ἐν
1267 1054 1319 1103 τῷ
1341 1049 1564 1104 Πεντάθλῳ
1591 1047 1763 1102 γυναῖκά

210 1123 298 1147 τινα
327 1103 555 1158 παρεισάγει
586 1104 843 1157 φρικτότατον
874 1103 995 1157 ὅρκον
1024 1102 1257 1156 ὀμνύουσαν
1286 1104 1400 1145 τόνδε
1429 1109 1509 1146 κτλ.
1586 1109 1624 1147 2.
1655 1105 1760 1147 {lew

208 1164 347 1214 θέριον
383 1162 518 1215 Mein]
553 1158 765 1215 ἐλεύθερον
793 1163 842 1204 A.
893 1163 941 1204 cf.
975 1163 1114 1202 Cobet.
1146 1163 1195 1202 N.
1226 1164 1253 1201 1.
1286 1164 1378 1202 104.
1409 1185 1466 1192 —-
1495 1164 1606 1214 eupit
1635 1176 1760 1213 serva,

209 1224 440 1273 priusquam
471 1220 677 1268 moriatur,
709 1220 802 1259 viva
830 1221 961 1269 puella
991 1233 1110 1269 quam
1131 1219 1276 1270 diligit,
1307 1220 1533 1259 libertatem
1555 1221 1760 1271 consequi:

210 1279 278 1319 sed
307 1291 378 1329 pro
410 1274 637 1328 ἐλευθέριον
665 1273 775 1328 ὕδωρ
804 1279 850 1316 ut
879 1277 1033 1315 ebriosa
1063 1269 1173 1314 οἶνον
1203 1276 1316 1314 dixit.
1368 1277 1417 1316 cf.
1446 1276 1661 1327 Antiphan.
1692 1277 1760 1316 25.
1795 1301 1798 1303 Δ
1861 1262 1864 1268 ¹

481 1475 618 1531 ὅρκον
647 1473 691 1518 δ’
716 1472 802 1530 ἐγώ
833 1473 1050 1530 γυναικὸς
1079 1476 1140 1525 εἰς
1169 1471 1297 1517 οἶνον
1326 1474 1501 1531 γράφω.

323 1572 549 1611 Athenaeus
573 1571 637 1620 10,
648 1570 761 1608 441e
794 1566 991 1620 Ξέναρχος
1014 1566 1237 1623 Πεντάθλῳ
1266 1569 1349 1608 κτλ.
1396 1570 1604 1610 Helladius
1632 1571 1765 1610 Photii

210 1630 312 1669 Bibl.
337 1629 438 1678 530,
460 1628 510 1666 15
542 1622 562 1665 ὁ
594 1625 721 1676 στίχος
752 1620 772 1664 ὁ
802 1623 867 1664 καὶ
897 1622 1248 1678 παροιμιαζόμενος
1279 1622 1442 1677 ’ὅρκους
1473 1623 1545 1678 ἐγώ
1575 1625 1766 1677 γυναικὸς

209 1685 265 1733 εἰς
296 1683 403 1736 ὕδωρ
432 1679 595 1735 γράφω’
635 1680 715 1721 ἐστὶ
750 1679 824 1733 μὲν
854 1679 1126 1732 Σοφοκλέους.
1147 1712 1156 1721 .
1176 1712 1185 1721 .
1203 1682 1243 1721 οἷ
1269 1680 1313 1721 δὲ
1343 1679 1411 1730 τὰς
1440 1686 1631 1734 γυναῖκας
1660 1681 1764 1722 σκώ-

211 1739 371 1788 πτοντές
409 1750 533 1789 φασιν
571 1736 736 1790 εὅρκους
767 1736 838 1791 ἐγὼ
877 1738 1079 1790 γυναικῶν
1114 1738 1169 1785 εἰς
1208 1733 1338 1777 οἶκτον
1368 1738 1543 1791 γράφω’,
1574 1740 1642 1780 ubi
1674 1740 1764 1780 Sca-

212 1800 312 1849 liger
340 1794 532 1849 γυναικὸς
563 1798 604 1834 et
634 1789 756 1834 οἶνον.
808 1795 978 1835 Bekker.
1001 1796 1149 1835 Aneed.
1173 1796 1240 1845 55,
1261 1797 1310 1835 17
1341 1791 1463 1848 ὅρκον
1490 1793 1678 1848 γυναικὸς
1708 1796 1764 1844 εἰς

211 1853 320 1905 ὕδωρ
351 1852 422 1906 χρὴ
454 1851 643 1904 γράφειν·
675 1850 735 1910 ’ὅτι
763 1848 941 1891 ἀπιστεῖν
970 1850 1130 1904 γυναικὶ
1159 1851 1225 1891 δεῖ
1250 1848 1468 1907 ὀμνυούσῃ.
1507 1856 1551 1893 ut
1580 1854 1623 1892 in
1652 1854 1700 1893 fr.
1724 1854 1764 1902 5,

211 1913 273 1951 hic
305 1924 459 1962 quoque
490 1910 655 1948 ridicule
685 1910 795 1947 οἰνον
824 1922 895 1959 pro
925 1906 1047 1958 ὕδωρ.

871 2043 1109 2077 ΠΟΡΦΤΡΑ

325 2128 434 2166 Inter
463 2125 649 2164 Timoelis
686 2125 840 2163 fabulas
869 2124 992 2163 refert
1021 2123 1175 2163 Suidas.
1233 2125 1283 2164 ef.
1314 2125 1363 2163 fr.
1396 2125 1435 2164 8.
1468 2125 1491 2164 9
1522 2126 1563 2164 et
1593 2125 1761 2164 Meinek-

210 2186 230 2223 I
260 2186 357 2223 433.

974 2234 998 2275 7

482 2314 529 2356 οἱ
554 2315 637 2368 μὲν
667 2311 844 2367 ποιηταὶ
874 2310 1012 2367 λῆρός
1042 2313 1174 2354 εἰσιν·
1207 2310 1313 2354 οὐδὲ
1343 2313 1392 2355 ἓν

484 2379 644 2424 καινὸν
672 2381 760 2435 γὰρ
792 2378 1100 2436 εὑρίσκουσιν,
1131 2374 1245 2422 ἄλλα
1275 2380 1515 2436 μεταφέρει

483 2450 667 2498 ἕκαστος
696 2446 845 2491 αὐτῶν
876 2445 1002 2490 ταῦτ’
1025 2445 1120 2490 ἄνω
1150 2463 1198 2490 τε
1228 2448 1303 2490 καὶ
1332 2447 1466 2490 κάτω.

483 2519 574 2559 τῶν
606 2514 646 2557 δ’
672 2517 971 2571 ἰχθυοπωλῶν
1002 2515 1376 2570 φιλοσοφώτερον
1403 2515 1532 2569 γένος

435 2594 455 2625 5
487 2582 570 2626 οὐκ
601 2586 722 2626 ἔστιν
753 2582 890 2626 οὐδὲν
922 2581 1029 2625 οὐδὲ
1058 2585 1231 2638 μᾶλλον
1261 2581 1458 2628 ἀνόσιον.

486 2651 582 2694 ἐπεὶ
613 2649 699 2706 γὰρ
730 2651 882 2700 αὐτοῖς
913 2648 1062 2694 οὐκέτ’
1085 2649 1178 2693 ἔστ’
1202 2650 1384 2702 ἐξουσία

485 2720 659 2776 ῥαίνειν
690 2717 945 2775 (ἀπείρηται
976 2718 1025 2760 δὲ
1055 2720 1187 2760 τοῦτο
1217 2720 1278 2775 τῷ
1307 2717 1467 2776 νόμῳ),

489 2781 552 2837 εἷς
581 2802 646 2837 τις
674 2790 852 2830 θεοῖσιν
883 2784 1045 2842 ἐχθρὸς
1074 2784 1319 2841 ἄνθρωπος’
1347 2786 1469 2828 πάνυ

486 2854 833 2911 ξηραινομένους
861 2852 921 2904 ὠς
950 2850 1040 2896 εἶδε
1069 2854 1175 2903 τοὺς
1203 2854 1352 2908 ἰχθῦς,
1383 2853 1530 2909 μα’χην
