1806 3216
218 211 302 252 514
850 205 1150 239 ΦΙΛΗΜΟΝΟΣ

449 306 506 357 ὣς
536 308 756 361 σπληνίον
785 302 896 361 πρὸς
925 306 1054 354 ἕλκος
1084 306 1258 354 οἰκείως
1286 305 1421 347 τεθὲν

449 373 532 429 τὴν
562 370 824 429 φλεγμονὴν
854 374 1067 428 ἔπαυσεν,
1099 371 1217 415 οὕτω
1248 371 1323 415 καὶ
1354 373 1486 427 λόγος

450 440 658 495 εὔκαιρος
690 441 752 491 εἰς
781 439 834 482 τὰ
866 440 1098 496 σπλάγχνα
1128 440 1367 496 κολληθεὶς
1396 443 1545 496 φίλων

397 520 417 550 5
450 508 672 564 εὐψυχίαν
700 508 894 564 παρέσχε
923 511 984 564 τῷ
1015 511 1298 565 λυπουμένῳ.

335 604 518 654 Compar.
539 604 644 642 Mon.
676 606 716 641 et
746 603 851 641 Phil.
873 616 913 652 p.
939 604 1034 641 362.
1080 617 1128 642 v.
1154 604 1232 640 1—
1238 604 1262 641 3
1294 602 1489 643 Stobaeus
1518 603 1602 643 Ecl.
1625 603 1662 653 2,
1684 603 1723 653 4,
1745 603 1771 642 3

220 662 418 700 Wachsm.
447 655 631 717 (φ)ιλήτα
664 661 711 697 A.
753 662 870 709 φιλητ
901 659 941 698 S.
983 657 1206 709 Φιλήμονος
1239 655 1708 710 Τ11110.1.ἆ’ρ’ἕστι
1730 659 1772 709 S,

219 714 254 769 ρ’
289 716 370 756 ἐστι
400 714 576 766 Α1,ἀρα
608 714 689 754 ἐστι
720 713 785 755 A2.
883 718 964 761 τοῖς
994 730 1027 754 ν.
1050 730 1107 766 χρ.
1130 717 1163 753 λ.
1185 713 1283 754 A2B
1314 714 1446 768 Stob.]
1478 717 1512 754 λ.
1543 718 1625 762 τοῖς
1648 730 1692 758 ν.
1711 729 1773 766 χρ.

219 797 272 802 ——
302 772 490 824 πάρεστιν
521 769 541 812 ὁ
569 771 682 823 λόγος
707 772 890 837 Compar.
922 768 990 823 α”ρ
1014 769 1120 811 ἐστὶν
1147 768 1168 810 ὁ
1196 771 1307 824 λόγος
1329 772 1506 812 Grotius.
1593 773 1634 811 4.
1655 771 1775 822 φίλου

219 831 340 869 Dobr.
372 831 477 869 Adv.
509 830 549 868 II
581 831 674 870 287.
724 830 895 878 primum
926 841 1086 868 versum
1117 842 1140 867 a
1168 829 1336 879 reliquis
1368 830 1567 880 separavit
1595 828 1772 868 Grotius.

220 888 287 925 sed
304 887 462 926 videtur
485 887 616 936 potius
637 887 863 936 argumenti
884 886 1074 924 indicium
1097 898 1193 926 esse.
1225 886 1267 924 in
1281 884 1584 936 Comparatione
1605 886 1775 924 adicitur

219 944 268 982 fr.
292 945 393 991 207,
425 943 531 992 quod
562 942 784 981 Meinekius
814 955 836 980 a
866 943 1029 992 reliquis
1059 943 1246 981 seiunxit.
1295 943 1510 981 Herodian.
1540 943 1560 981 I
1593 943 1695 994 360,
1719 942 1773 981 33

196 995 483 1049 ’παροξύνεται
512 996 642 1050 ἡνίον,
673 997 878 1047 σπληνίον.
919 999 973 1037 cf.
1004 999 1045 1036 II
1077 999 1170 1047 583,
1195 1000 1260 1044 16.

955 1097 1035 1139 114

423 1164 482 1216 ὠς
513 1163 678 1220 εὐφυὲς
707 1167 819 1222 ζῷον
849 1166 1054 1219 κοχλίας,
1086 1163 1142 1219 νὴ
1171 1162 1251 1206 τὸν
1280 1164 1404 1209 θεόν.

425 1233 533 1276 ὅταν
563 1234 748 1288 πονηρῷ
779 1231 997 1288 περιπέσῃ
1027 1234 1089 1288 τῷ
1118 1234 1310 1287 γείτονι,

421 1302 502 1344 τὸν
532 1298 660 1343 οἶκον
690 1299 803 1355 ἄρας
832 1301 894 1351 εἰς
923 1300 1079 1354 ἕτερον
1109 1299 1370 1355 πορεύεται,
1607 1360 1609 1364 ι

421 1370 598 1425 νέμεται
629 1366 671 1410 δ’
695 1366 936 1423 α’μέριμνος
965 1367 1070 1417 τοὺς
1100 1365 1268 1419 κακοὺς
1298 1367 1483 1424 φεύγων
1513 1365 1611 1411 ἀεί.

331 1464 514 1514 Compar.
538 1464 640 1502 Men.
674 1465 713 1502 et
741 1463 842 1502 Phil.
863 1476 902 1512 p.
921 1463 1016 1501 361.
1109 1463 1144 1499 1.
1177 1460 1332 1513 κοχλίας
1363 1462 1514 1514 Bent1.]
1547 1458 1568 1500 ὁ
1599 1461 1770 1513 κοχλίας.

218 1523 255 1560 2.
288 1519 359 1575 τῷ]
393 1534 444 1574 τῳ
476 1519 522 1559 G.
544 1520 592 1559 A.
616 1520 816 1569 Hirschig.
850 1521 955 1558 Anu.
987 1518 1072 1558 crit.
1099 1519 1166 1558 20.
1197 1532 1291 1557 που
1321 1519 1371 1561 Κ.
1460 1521 1499 1559 3.
1530 1517 1604 1572 εἰς]
1635 1516 1696 1566 ὥς
1722 1519 1774 1559 Κ.

222 1600 276 1605 -—
308 1578 466 1616 Anaxil.
492 1577 545 1616 34
576 1576 747 1616 contulit
777 1576 1011 1617 Meinekius.

959 1675 1040 1717 115

490 1741 515 1785 ὅ
545 1744 616 1785 δεῖ
643 1747 810 1785 παθεῖν
841 1753 891 1785 σε
921 1743 1131 1797 μηδαμοῦ
1162 1742 1306 1798 σκέψῃ
1338 1749 1523 1797 φυγεῖν·

490 1809 546 1853 οὐ
575 1809 663 1865 γὰρ
695 1810 870 1866 δυνήσῃ
901 1809 1089 1864 φεύγειν
1120 1808 1146 1852 ὅ
1176 1821 1226 1852 σε
1255 1810 1328 1852 δεῖ
1353 1814 1541 1853 παθεῖν·

489 1877 539 1920 τὸ
569 1878 864 1933 πεπρωμένον
893 1877 981 1933 γάρ
1013 1875 1067 1919 οὐ
1096 1879 1241 1933 μόνον
1269 1879 1450 1933 βροτοῖς

493 1945 727 2002 ἄφευκτόν
760 1948 897 2002 ἐστιν,
929 1943 1041 1988 ἀλλὰ
1073 1945 1148 1988 καὶ
1177 1944 1256 1988 τόν
1287 1944 1502 1999 οὐρανόν.

338 2041 521 2091 Compar.
554 2042 661 2080 Men.
701 2043 743 2079 et
779 2041 881 2079 Phil.
922 2053 961 2089 p.
994 2042 1089 2079 361.
1178 2041 1216 2078 2.
1257 2035 1393 2078 δύναι’
1422 2035 1477 2078 ἄν
1511 2040 1576 2079 vel
1613 2037 1779 2090 δυνήσει

220 2099 343 2137 Mein.
434 2097 647 2149 διαφυγεῖν
675 2094 809 2147 Mein,
842 2094 1031 2148 ἐκφυγεῖν
1060 2096 1258 2135 Duebner.
1307 2097 1476 2136 fortasse
1505 2099 1614 2135 totus
1643 2109 1780 2136 versus

222 2155 423 2194 eiciendus
456 2159 526 2193 est.
587 2156 624 2193 3.
657 2156 782 2192 τοῖσιν
810 2154 965 2205 βροτοῖς
995 2153 1116 2191 Mein.
1186 2154 1224 2192 4.
1256 2150 1323 2191 καὶ
1351 2148 1438 2191 κατ’
1459 2147 1634 2204 οὐρανόν
1663 2153 1776 2192 Grot-

217 2209 286 2249 καὶ
324 2214 404 2258 τοῖς
443 2207 617 2262 ουρανὸν
642 2207 648 2263 Ι
675 2208 806 2261 ἔχουσι
845 2209 929 2273 (vel
967 2206 1164 2278 οἰκοῦσι)
1175 2210 1295 2248 Mein.
1365 2210 1530 2250 fortasse
1566 2206 1614 2248 οὕ
1650 2207 1775 2260 μόνον

217 2268 375 2319 βροτοῖς
403 2264 482 2306 ἆεὶ
509 2265 514 2320 Ι
540 2265 756 2318 ὀίφευκτον,
787 2258 883 2305 ἄλλα
915 2263 979 2304 καὶ
1009 2259 1095 2304 κατ’
1119 2261 1293 2318 οὐρανὸν
1322 2268 1475 2313 θεοῖς.

953 2376 1031 2418 116

423 2448 467 2487 εἴ
491 2445 601 2487 ποτέ
627 2461 694 2494 τις
722 2443 852 2500 ἡμῶν
882 2444 945 2494 εἰς
974 2441 1054 2486 τὸν
1083 2441 1226 2497 ἀγρὸν
1257 2441 1387 2494 ἐξιών

419 2511 626 2567 μνήματα
656 2507 901 2567 παρελθών
930 2510 1005 2554 καὶ
1034 2510 1206 2566 τάφους
1235 2509 1573 2566 ἅνθρωπίνους”

419 2579 595 2622 τούτων
624 2580 808 2629 ἕκαστος
839 2580 993 2633 ἔλεγεν
1024 2579 1111 2628 ἐἰς
1140 2577 1258 2632 ὥρας
1290 2579 1376 2633 ἐγώ

419 2646 622 2701 πλεύσω,
655 2646 887 2701 φυτεύσω,
917 2654 1069 2701 τοῖχον
1099 2643 1209 2702 ἄρας
1238 2645 1457 2701 κτήσομαι
1486 2651 1556 2677 —’

330 2742 512 2791 Compar.
546 2742 651 2780 Men.
683 2743 724 2779 et
752 2740 853 2779 Phil.
884 2754 923 2790 p.
947 2741 1040 2779 362.
1131 2741 1168 2778 2.
1200 2736 1394 2790 παρέλθοι
1423 2739 1630 2790 Heinsius,
1663 2739 1768 2789 quod

215 2799 360 2849 probata
379 2797 611 2847 Meinekius,
644 2798 676 2836 si
706 2810 863 2837 versum
895 2796 1082 2836 excidisse
1113 2798 1262 2835 statuas
1286 2796 1364 2835 hac
1393 2796 1606 2835 sententia.
1637 2807 1769 2835 rerwm

215 2857 482 2895 humanarum
510 2854 737 2910 frayilitatis
765 2855 989 2893 admonitus
1017 2854 1126 2893 dicet.
1219 2854 1257 2890 4.
1292 2855 1422 2903 τοῖχον
1449 2847 1549 2904 ἄρας
1581 2849 1768 2902 κτήσομαι
