1890 3190
535 200 816 236 οΜΦΔΛΗ-
841 198 1126 235 ΠΑΡΑΣιιὉΣ
1556 198 1612 241 85

85 299 100 318 '
168 317 254 346 τον
283 302 404 358 ἔχειν·
437 302 538 356 φησι
566 301 643 373 γάρ
619 305 752 355 ρ.κτλ
812 317 850 345 v.
874 303 984 342 1-4
1012 302 1119 343 idem
1150 305 1189 355 3,
1212 302 1301 343 ud
1327 298 1509 342 Ἀττικὸν
1535 298 1612 354 μὲν

71 358 75 366 ’
154 382 158 394 ι
195 358 214 418 )
242 355 294 404 οὔ
320 359 564 413 μνημονεύει
589 357 834 412 Ἀντιφάνης
863 356 908 400 ἐν
923 333 1190 427 Ὁμωνύμοις·
1223 356 1402 399 ἐπαινῶν
1430 356 1506 412 γὰρ
1535 373 1584 411 τη
1587 374 1612 399 ν

154 415 283 472 ντὴν
306 414 490 471 Ἀττικὴν
518 415 612 457 τάδε
640 414 682 456 λέ
708 428 761 457 ει·
793 411 918 456 οἷα-
873 411 1043 456 -πάνυ
1072 413 1195 470 φέρει.
1284 417 1323 456 2.
1346 413 1608 486 διαφέροντα]
1666 419 1669 422 ’

43 478 71 527 ᾗ,
120 498 137 508 ..
162 485 288 528 ρουσα
319 476 439 516 Mein.
534 472 667 525 πάσης
718 478 843 513 πᾶσιν
871 474 994 514 Mein.
1089 473 1157 524 τῆς
1186 469 1362 524 ἁπάσης,
1386 470 1575 513 Ἱππόνικ
1595 501 1608 524 ,

39 528 59 582 ‘f
154 529 277 585 μένης
306 533 471 574 Poreon.
559 532 600 574 4.
632 532 744 582 θυμα
776 530 899 571 Dobr.
922 530 1091 570 Adv.11
1111 527 1211 583 296]
1242 528 1422 580 θύματα.
1453 527 1604 580 θυμιά-

38 624 44 632 .
84 614 87 619 ν
132 611 136 620 =
169 589 335 631 Porsen.
423 584 602 698 monog}
628 585 773 640 τυρούς
796 587 889 628 VL.
967 583 1077 638 υδωρ
1098 586 1243 638 Dobr.]
1266 584 1379 639 ὕδωρ
1399 584 1606 640 διαφέρον.
1617 614 1619 618 .

39 633 87 688 ²3,
113 645 246 686 πίνων
273 640 383 698 ὕδωρ
412 646 565 686 Porson
632 641 744 697 ὕδωρ
763 642 910 684 πίνων.

79 726 82 733 ·
156 716 195 745 v.
217 705 255 744 3.
277 704 304 743 4
333 703 461 743 alteru.
488 704 658 754 porsena.
686 702 910 770 plurimos
898 714 943 741 ιιι
962 699 1099 740 Attica
1119 701 1172 740 ali
1192 702 1458 763 sycophantas
1479 702 1605 753 signi-

265 760 302 801 5.
331 760 425 800 fort.
458 759 714 800 scribendum
742 752 838 797 ὥστ’
867 753 1150 810 ἆναγνοίην
1177 753 1232 796 ἀν
1261 751 1391 805 εὐθυς
1421 760 1520 809 mk„
1553 771 1609 798 sc.

86 839 89 847 ι
151 831 191 868 ν,
221 814 294 869 τὴν
323 814 470 869 χώραν.

158 872 222 915 cf.
254 875 463 926 praeterea
490 873 540 913 fr.
562 874 659 913 316.

723 972 925 1008 omnm

784 1051 865 1094 180

421 1131 630 1188 βύστραν
658 1128 744 1174 τιν’
773 1129 824 1173 ἐκ
854 1129 1044 1185 φύλλων
1074 1130 1228 1173 τινῶν.

157 1227 299 1267 Pollux
334 1228 501 1278 10,172
538 1230 653 1265 τοῦτο
688 1220 861 1279 (βύσμα)
899 1218 1077 1276 βύστραν
1106 1212 1239 1276 ἕτερον
1257 1223 1515 1274 κεκλήκασιν,
1554 1221 1609 1271 ὦς

35 1315 62 1326 ,.
80 1315 90 1325 .
109 1315 119 1325 .
136 1279 380 1334 Ἀντιφάνης
407 1279 546 1334 Ὀρφεῖ
570 1284 651 1322 κτλ.
711 1281 884 1333 Hesyoh.
915 1279 1105 1334 βύστραι·
1151 1280 1198 1320 αἰ
1223 1285 1304 1320 τῶν
1332 1280 1517 1332 λαχάνων
1547 1279 1609 1320 ἑν-

47 1338 196 1389 θέσεις.
240 1339 338 1380 ἔνιοι
368 1336 413 1379 δὲ
443 1338 535 1387 τοὺς
566 1337 610 1379 ἐκ
641 1344 720 1379 τῶν
749 1336 935 1389 λαχάνων
964 1336 1134 1390 ψωμούς
1165 1334 1242 1392 (P).
1633 1342 1640 1349 '

646 1462 999 1497 ΠΑῙΔΕΡΑΣΤΗΣ

785 1540 861 1584 181

140 1624 218 1678 τῆς
247 1637 295 1665 τε
325 1622 558 1677 βελτίστης
585 1627 775 1677 μεσαῖον
803 1619 1038 1670 θυννάδος
1067 1620 1315 1672 Βυζαντίας

141 1692 328 1746 τέμαχος
358 1689 410 1733 ἐν
440 1689 631 1732 τεύτλου
661 1691 889 1740 λακιστοῖς
917 1687 1163 1743 κρύπτεται
1193 1688 1510 1743 στεγάσμασιν.

159 1785 390 1824 Athenaeus
421 1786 459 1833 7,
482 1784 564 1824 303
581 1784 601 1822 f
621 1777 865 1832 Ἀντιφάνης
896 1779 940 1822 ἔν
970 1781 1227 1837 Παιδεραστῇ
1256 1783 1336 1822 κτλ.
1426 1784 1464 1822 2.
1495 1781 1607 1821 τλεύ-

48 1843 142 1882 τλου
172 1845 213 1881 et
240 1839 389 1892 κρύπτε
419 1842 487 1879 ταῐ
513 1841 563 1880 A.
613 1840 663 1881 cf.
694 1840 741 1879 fr.
766 1841 831 1882 72.

686 1962 966 1998 ΠΑΡΑΣῙΤΟΣ

158 2046 358 2086 Posterior
390 2045 566 2085 Alexidis
597 2045 790 2085 Parasito.
839 2044 960 2084 Mein.
992 2044 1012 2083 I
1043 2045 1137 2084 339.
1169 2044 1264 2083 377.
1297 2044 1393 2083 381.

755 2232 890 2284 ἄλλος
920 2232 994 2276 ἐπὶ
1025 2233 1170 2291 τούτῳ
1199 2233 1337 2289 μέγας

185 2302 280 2359 ἥξει
308 2319 375 2353 τις
404 2302 690 2359 ἰσοτράπεζος
720 2299 906 2358 εὐγενής
938 2327 987 2333 -
1019 2303 1202 2344 Β..τίνα

132 2416 134 2419 ,
187 2371 354 2427 λέγεις;
385 2375 439 2414 Α.
470 2370 716 2425 Καρύστου
740 2370 943 2425 θρέμμα,
973 2371 1189 2425 γηγενής,
1220 2367 1328 2422 ζέων
1348 2394 1403 2399 -

187 2443 238 2483 Β.
270 2436 349 2482 εἶτ’
373 2437 459 2482 οὐκ
490 2436 549 2480 ἄν
579 2441 742 2489 εἰποιςς
773 2436 932 2491 ὕπαγε.
975 2441 1046 2491 ΙΑ.
1080 2437 1314 2492 κάκκαβον
1343 2437 1473 2492 λέγω.

137 2517 158 2548 5
189 2506 247 2550 σύ
277 2506 320 2549 δ’
343 2510 449 2556 ἴσως
478 2503 536 2549 ἂν
568 2509 710 2556 εἴποις
739 2503 914 2548 λοπάδ’.
967 2507 1019 2547 Β.
1052 2505 1150 2561 ἐμοὶ
1181 2505 1231 2548 δὲ
1261 2502 1464 2560 τοῦνομα

189 2579 274 2619 οἴει
303 2575 553 2630 διαφέρειν,
586 2576 673 2616 εἴτε
704 2571 937 2628 κάκκαβόν
965 2587 1084 2623 τινες

187 2645 424 2699 χαίρουσιν
456 2639 747 2698 ὀνομάζοντες
777 2643 865 2684 εἴτε
895 2642 1129 2696 σίττυβον;
1192 2658 1211 2677 o

187 2712 308 2766 πλὴν
338 2708 410 2754 ὅτι
439 2710 583 2765 λέγεις
612 2707 794 2764 α’γγεῖον
823 2705 939 2753 οἶδα.

38 2851 39 2854 ¹
158 2805 387 2844 Athenaeus
408 2804 609 2852 4‚169ef
635 2800 678 2842 ἕν
707 2802 936 2872 Παρασίτῳ
954 2798 975 2842 ὃ
1001 2797 1244 2853 ’Λντιφάνης
1274 2816 1341 2840 και
1371 2800 1465 2841 τάδε
1496 2800 1604 2853 εἴρη-

31 2870 116 2902 κεν
143 2863 224 2903 κτλ.
284 2875 322 2901 v.
352 2862 462 2900 4—7
493 2860 635 2901 Pollux
667 2861 835 2910 10,106
872 2857 939 2899 καὶ
979 2857 1184 2912 κάκκαβον
1219 2855 1263 2897 δὲ
1292 2856 1367 2909 τὴν
1394 2856 1607 2913 κακκάβην
