1864 3204
657 225 1013 263 ΠΡΩΤΕΣῙΛΑΟΣ
1542 219 1621 263 153

351 379 354 384 Ι
381 327 676 382 συνόδοντες,
708 326 830 383 ὄνοι,
861 329 1063 385 βατίδες,
1095 330 1280 384 ψῆτται,

380 394 563 453 γαλεός,
596 395 791 451 κόκκυξ,
822 399 1029 452 θρίτται,
1060 395 1246 452 νάρκαι,

382 464 510 521 ὀίνης
538 464 727 520 τεμάχη,
758 464 997 520 σχαδόνες,
1028 464 1240 521 βότρυες,

382 536 525 587 σῦκα,
557 535 861 588 πλακοῦντες,
892 535 1036 590 μῆλα,
1068 532 1300 588 κράνειαι,

312 611 356 644 55
386 599 512 658 ῥόαι,
542 600 791 656 ἕρπυλλος,
822 600 1003 658 μήκων,
1035 598 1249 657 ἀχράδες,

385 672 572 726 κνῆκος,
606 670 760 726 ἐλᾶαι,
791 668 1033 727 στέμφυλ’,
1066 668 1252 726 ἄμητες,

382 737 556 797 πράσα,
587 737 792 795 γήτειον,
824 738 1056 794 κρόμμυα,
1086 735 1264 793 φυστή,

381 809 563 865 βολβοί,
595 809 780 861 καυλοί,
813 808 1022 862 σίλφιον,
1054 804 1174 860 όξος,

384 873 573 934 μάραθ’,
605 867 692 934 ᾠά,
726 874 872 932 φακή,
905 875 1119 931 τέττιγες,
1153 873 1279 930 ὀποί,

313 956 358 988 60
387 945 618 1002 κάρδαμα,
650 943 851 1000 σήσαμα,
884 944 1101 1001 κήρυκες,
1132 941 1259 998 άλες,

383 1016 564 1069 πίνναι,
598 1010 810 1068 λεπάδες,
841 1014 975 1068 μύες,
1007 1010 1212 1069 ὄστρεια,

384 1083 558 1137 κτένες,
590 1079 803 1136 ὄρκυνες·
849 1082 924 1124 καὶ
954 1080 1072 1136 πρὸς
1101 1079 1279 1131 τούτοις

386 1151 669 1208 ὀρνιθαρίων
699 1148 886 1205 ἀφάτων
916 1151 1116 1206 πλῆθος,

385 1221 582 1276 νηττῶν,
615 1220 817 1274 φαττῶν·
862 1221 1018 1274 χῆνες,
1049 1208 1290 1273 στρουθοί,

318 1299 361 1331 65
392 1291 564 1344 κίχλαι,
596 1287 807 1342 κόρυδοι,
840 1288 1009 1342 κίτται,
1041 1285 1227 1342 κύκνοι,

384 1355 602 1411 πελεκάν,
633 1357 832 1410 κίγκλοι,
864 1356 1054 1412 γέρανος
1087 1381 1136 1387 -
1170 1358 1220 1398 Β.
1254 1353 1384 1397 τουδὶ

386 1427 468 1469 τοῦ
498 1425 745 1480 χάσκοντος
775 1424 1091 1480 διατειναμένη

387 1491 462 1537 διὰ
490 1495 573 1536 τοῦ
603 1495 821 1549 πρωκτοῦ
851 1494 926 1536 καὶ
957 1497 1050 1536 τῶν
1080 1494 1296 1548 πλευρῶν

387 1558 649 1614 διακόψειεν
679 1559 730 1604 τὸ
759 1559 981 1617 μέτωπον.

316 1641 359 1673 70
390 1629 507 1674 οἶνοι
537 1631 588 1673 δέ
616 1642 688 1673 σοι
719 1629 883 1681 λευκὸς
949 1665 958 1673 .
1034 1663 1044 1673 .
1120 1664 1129 1674 .

385 1697 559 1755 γλυκὺς
588 1694 838 1755 αὐθιγενὴς
869 1696 982 1755 ἡδὺς
1011 1699 1216 1748 καπνιᾞας

171 1818 402 1858 Athenaeus
424 1818 563 1868 4,131
584 1829 608 1855 a
627 1829 687 1867 sq.
715 1812 1030 1868 Ἀναξανδρίδης
1062 1813 1107 1854 ἐν
1105 1812 1394 1884 Πρωτεσιλάῳ
1424 1812 1628 1867 διασύρων

53 1868 102 1918 ,τὸ
139 1874 220 1913 τῶν
254 1871 505 1925 Ἰφικράτους
542 1870 680 1925 γάμων
719 1871 965 1924 συμπόσιον,
1002 1871 1066 1912 ότε
1100 1868 1216 1925 ἤγετο
1252 1886 1326 1924 την
1363 1870 1520 1918 Κότυος
1556 1877 1630 1910 τοῦ

63 1930 236 1985 Θρακῶν
263 1928 455 1984 βασιλέως
484 1928 712 1982 θυγατέρα,
743 1929 869 1982 φησίν
898 1931 980 1973 κτλ
1046 1944 1085 1971 v
1122 1931 1172 1969 13
1203 1932 1245 1969 et
1275 1932 1341 1970 26.
1365 1932 1388 1968 7
1419 1930 1629 1969 Philemon

40 2002 99 2040 sp.
130 1990 224 2029 204.
283 1989 518 2029 Eustathius
551 1989 673 2038 1835,
704 1989 758 2027 20
788 1992 977 2038 χοῦς..
1003 1981 1051 2026 οὗ
1087 1983 1212 2037 μόνον
1246 1981 1489 2040 άρσενικως,
1527 1982 1626 2025 άλλά

58 2043 126 2084 καὶ
164 2047 372 2096 θηλυκῶς,
414 2040 502 2084 οἷον
538 2043 694 2096 (ζωμόν
730 2058 770 2084 τε
803 2042 915 2093 φέρει
953 2042 996 2083 ἐν
1025 2042 1093 2095 χοῒ
1124 2044 1290 2098 χρυσῇῆ
1339 2058 1443 2095 αυτη
1480 2040 1524 2082 δὲ
1563 2057 1630 2082 και

59 2097 256 2155 πρόχους.
275 2101 474 2154 .λέγεται,
520 2096 607 2140 οἷον
645 2097 818 2152 ’φιάλην
856 2115 896 2142 τε
925 2100 1124 2152 λεπαστὴν
1159 2100 1291 2151 χιόνος
1323 2116 1363 2141 τε
1409 2095 1626 2152 πρόχουν’

63 2162 99 2201 1.
131 2156 304 2211 ποιῆθ’
337 2157 407 2212 Κ.]
439 2163 558 2213 ποιῇς
587 2159 638 2198 A.
697 2155 865 2208 ποιῆσθ’
897 2159 1047 2210 Bergk.
1081 2159 1304 2198 Zimmerm
1337 2160 1486 2198 Altert.
1520 2159 1628 2198 1837

33 2229 100 2267 2p.
140 2218 208 2256 42.
342 2218 381 2256 2.
427 2212 615 2267 δεξόμεθ’
657 2216 895 2256 Wakefield.
938 2216 1037 2256 Silv.
1077 2216 1167 2255 crit.
1210 2217 1254 2267 2,
1284 2214 1357 2268 89]
1400 2210 1534 2263 δεξεθ’
1578 2217 1628 2254 A.

62 2269 224 2322 δέξονθ’
257 2270 318 2327 (οἷ
342 2270 583 2313 δεσπόσυνοι
613 2269 687 2326 33)
716 2273 870 2312 Iacobs.
900 2273 1036 2312 Addit.
1066 2273 1161 2312 Ath.
1183 2274 1253 2312 89.
1343 2274 1381 2312 3.
1413 2267 1557 2323 ὁμοίως
1579 2274 1628 2314 Α.

19 2356 21 2358 v
54 2330 104 2370 4.
133 2328 200 2369 καὶ
229 2333 312 2378 τοῖς
334 2331 383 2370 A.
473 2333 512 2370 5.
543 2325 930 2382 βουβαυκαλόσαυλα
962 2330 1015 2369 Μ.
1037 2330 1188 2380 Haupt.
1211 2329 1360 2380 opusc.
1383 2329 1445 2368 III
1466 2331 1561 2369 561.
1585 2327 1628 2381 2]

62 2386 316 2457 βυβακαλους
361 2383 462 2426 αὐτὰ
501 2389 550 2427 A.
623 2384 887 2438 βουβαύκαλα
932 2391 1056 2424 ταῦτα
1103 2386 1223 2425 Mein.
1341 2388 1378 2454 7,.
1421 2382 1627 2438 στρωμαθ’

62 2439 236 2496 ἁλουργῆ
258 2442 500 2497 Wakefield]
531 2439 736 2495 στρώματα
756 2440 832 2493 μὲν
851 2439 1024 2495 ἁλουργὰ
1046 2445 1094 2485 Α.
1154 2440 1320 2510 ἄρκτου]
1352 2438 1542 2482 ἀκάτου
1563 2443 1627 2493 Κ.,

38 2513 184 2555 ‘usque
221 2502 274 2541 ad
310 2502 496 2551 scapham
532 2501 758 2551 Iphicratis.
818 2543 820 2546 f
877 2502 918 2540 8.
947 2496 1254 2552 βουτυροφάγας
1284 2501 1411 2540 Dobr.
1442 2501 1628 2551 Append.

42 2558 267 2610 gAristoph.
297 2571 336 2608 p.
361 2556 460 2611 130]
490 2555 690 2610 βούτυρον
719 2567 844 2607 φασιν
863 2559 914 2596 A.
973 2570 1020 2597 ao
1039 2558 1120 2597 iam
1141 2557 1441 2598 casaubonus‘
1457 2557 1630 2596 Thraces

53 2617 179 2667 Ῥοοίῑε.
207 2615 304 2654 facit
332 2615 653 2666 butyrophagos,
693 2627 782 2654 cum
819 2615 861 2654 in
892 2613 1056 2654 Graecia
1093 2615 1161 2654 vix
1197 2615 1335 2665 butyri
1364 2615 1495 2653 adhuc
1525 2616 1631 2652 esset

58 2684 158 2715 ,usus
189 2671 410 2721 cognitus'.
531 2672 598 2710 12.
630 2668 780 2709 κόττυν
812 2670 853 2710 C.
966 2673 1030 2711 16.
1059 2666 1354 2723 Ἀντιγενείδαν
1385 2668 1629 2723 Schweigh.]

49 2723 317 2780 4ιιιντνγενίδαν
348 2728 396 2766 Α.
515 2730 580 2767 17.
611 2723 740 2779 άργαν
770 2729 818 2767 A.
927 2729 992 2769 22.
1022 2725 1092 2775 τάς
1122 2724 1168 2766 θ’
1202 2728 1336 2777 Mein„
1368 2728 1410 2766 in
1440 2727 1501 2766 ed.
1533 2728 1627 2767 mai.

46 2785 170 2835 tidem
199 2782 541 2836 μεταβάλλοντας,
573 2785 681 2836 quod
710 2786 907 2835 praefero.
1015 2786 1082 2824 24.
1113 2781 1257 2836 άγέλας
1288 2758 1384 2837 V'L]
1414 2779 1563 2835 άγέλην
1593 2785 1630 2823 A

50 2838 206 2895 .r(bis).·
296 2842 363 2881 26.
410 2842 592 2882 laeunam
638 2841 831 2882 indicavit
873 2842 1119 2882 Dindorfius.
1194 2838 1363 2892 φιάλην]
1409 2839 1533 2890 φίλην
1580 2842 1627 2880 Α.

59 2898 133 2946 27.
155 2896 278 2937 Χίου
297 2895 366 2951 Κ.]
386 2893 516 2950 χιόνος
536 2899 587 2938 A.
632 2895 809 2951 κέγχρων
838 2912 876 2937 τε
905 2894 1039 2950 σιρόν,
1069 2896 1230 2950 βολβῶν
1259 2911 1298 2936 τε
1328 2895 1478 2950 χύτραν
1506 2898 1630 2938 Dobr.
