1864 3204
229 236 309 279 174
856 240 1130 275 E‘rsso‘err

923 363 990 408 26.
1022 364 1076 406 27

429 438 684 495 Εὐριπίδου
714 439 759 482 δ’
781 443 952 491 ἔσωσας
982 440 1042 492 ὥς
1073 441 1199 486 ἴσασί
1225 455 1297 486 σοι
1327 470 1377 475 -

436 530 1375 544 ............

436 666 1460 679 .............

429 710 504 753 καὶ
533 718 625 761 τοῖς
655 711 830 766 ἐμοῖσιν
862 710 1078 766 §mamm
1107 712 1306 768 πήμασιν

426 777 479 820 τὰ
508 786 642 833 σῖγμα
673 780 986 834 συλλέξαντες,
1017 778 1077 829 ὥς
1106 779 1234 823 αὐτοὶ
1264 784 1414 836 σοφοί.

337 873 464 913 Schol.
495 873 671 923 Euripid.
703 874 806 911 Med.
838 874 920 912 476
952 874 1087 912 Dindf.
1126 872 1249 913 ἔσωσοὶ
1289 872 1342 925 σ’,
1383 872 1438 922 ὥς
1470 875 1620 916 ἴσασιν·
1660 864 1773 916 πλεο-

225 928 332 976 νάζει
361 926 381 967 ὁ
412 928 540 978 στίχος
571 934 623 982 τῷ
653 940 688 968 σ.
719 927 837 968 όθεν.
886 927 1112 979 .Ε1’1’βουλος
1137 931 1334 985 Διονυσίῳ
1364 927 1588 998 Εὐριπίδου
1617 929 1660 972 δ’
1680 933 1775 974 ἔσω-

224 997 316 1035 σας,
347 983 401 1032 ὡς
434 984 549 1023 ι’σασί
573 996 656 1024 σοι·
695 984 762 1023 καὶ
791 984 1079 1037 παρθενεύσεις
1108 984 1206 1035 ἕξεις
1236 1002 1301 1038 μοι
1331 984 1447 1040 χάριν
1476 992 1558 1029 κτλ.
1673 993 1711 1030 2.
1741 1005 1771 1030 ω

222 1038 397 1093 παρθέν’
427 1041 463 1080 εἰ
497 1040 667 1092 σώσαιμί
701 1038 739 1079 σ’
771 1039 867 1089 ἕξεις
906 1042 1186 1083 Andromedae
1224 1045 1274 1083 fr.
1311 1047 1386 1084 126
1417 1046 1490 1096 N.,
1537 1047 1607 1085 ubi
1642 1049 1775 1086 tamen

223 1098 321 1137 εἴσει
349 1112 419 1149 pro
451 1095 566 1151 ἕξεις]
598 1097 878 1148 παρθενεύσης
909 1096 983 1146 ἔξει
1012 1099 1044 1138 Ι.
1076 1099 1340 1152 παρθενεύεις
1371 1099 1469 1150 ἕξεις
1499 1101 1544 1144 Β.
1568 1104 1687 1144 F1.6.
1708 1105 1771 1143 15.

225 1157 263 1194 3.
297 1153 479 1206 ἐγγελῶσι
508 1153 691 1207 Person]
722 1149 942 1206 ἆγγελοῦσι.

335 1213 440 1250 f1.l
479 1212 581 1250 conl.
612 1211 716 1250 Plat.
746 1224 847 1250 com.
880 1213 934 1250 30
972 1211 1040 1262 (ex
1077 1215 1191 1262 parte
1229 1227 1316 1252 cum
1346 1212 1566 1266 Meinekio)
1603 1216 1774 1284 {ortasse

221 1269 277 1306 ita
307 1269 661 1318 redintegrandum
691 1265 734 1305 ἐκ
763 1272 844 1305 τῶν
874 1270 994 1318 σῖγμα
1024 1267 1103 1306 τῶν
1132 1266 1356 1321 Εὐριπίδου
1382 1271 1388 1320 Ι
1415 1269 1562 1317 ἔσωσας
1599 1268 1654 1318 ὥς
1683 1270 1773 1310 ισα-

224 1335 289 1362 σιν
314 1321 516 1374 Ἑλλήνων
545 1322 630 1362 όσοι
660 1347 726 1363 —.
786 1338 824 1363 v.
848 1325 871 1361 2
902 1325 1104 1375 Euripidis
1135 1330 1207 1376 est,
1239 1340 1319 1366 non
1348 1328 1508 1375 Eubuli,
1541 1330 1609 1378 qui
1641 1331 1774 1368 tamen

223 1394 313 1419 eum
342 1382 508 1419 fortasse
537 1394 607 1430 per
636 1381 851 1419 ludibrium
881 1382 1136 1429 repetiverat.
1205 1397 1242 1422 v.
1265 1384 1290 1420 4
1321 1379 1375 1430 ὡς
1406 1380 1541 1434 αὐτός,
1572 1397 1624 1423 sc.
1646 1381 1772 1436 Εὐρι-

222 1435 341 1487 πίδης
371 1437 610 1475 Fritzschius
640 1436 763 1475 Arist.
799 1437 954 1475 Thesm.
987 1439 1080 1487 501,
1119 1440 1225 1488 quod
1261 1441 1467 1490 vulgatum
1497 1443 1558 1480 est
1593 1441 1774 1491 intellegi

223 1506 338 1543 posse
368 1506 530 1544 negans.
581 1506 662 1532 non
690 1495 807 1532 recte.
860 1493 1063 1532 inducitur
1092 1495 1302 1558 Euiipides
1331 1497 1428 1548 ipse,
1459 1497 1507 1535 de
1537 1497 1774 1536 comicorum

223 1551 472 1600 malignitate
502 1550 837 1600 indignabundus,
870 1550 904 1587 si
933 1550 1027 1599 quid
1058 1551 1189 1590 minus
1220 1552 1318 1590 bene
1349 1553 1488 1592 fecerit
1517 1553 1661 1592 acriter
1681 1567 1772 1593 con-

222 1607 444 1658 ligentium,
475 1608 675 1656 tamquam
705 1606 781 1656 ipsi
811 1607 885 1645 soli
915 1607 1111 1655 sapientes
1141 1608 1223 1646 sint
1253 1611 1293 1647 et
1323 1609 1430 1648 omni
1450 1622 1581 1649 errore
1601 1612 1770 1649 careant.

969 1717 1024 1759 28

349 1796 424 1850 χαί
452 1794 713 1849 Προκλέους
742 1795 870 1838 ἵπποι
900 1793 1080 1850 χλωρὰν
1111 1796 1413 1847 ψαλάκανθαν
1443 1798 1640 1842 ἔδουσιν.

335 1890 585 1928 Ptolemaeus
615 1890 746 1939 Heph.
776 1890 892 1928 Phot
924 1890 1026 1928 Bibl.
1061 1891 1142 1929 190
1170 1904 1208 1940 p.
1233 1891 1314 1930 150
1343 1888 1403 1928 ότι
1431 1889 1474 1929 τὸ
1503 1895 1584 1931 κτλ.
1588 1889 1770 1944 ,ἀγνοη-

221 1942 299 1984 θὲν
328 1943 585 1998 Καλλιμάχῳ,
617 1942 828 1997 Εὐβούλου
859 1943 939 1984 ἐστὶ
970 1947 1038 1984 τοῦ
1067 1945 1242 1996 κωμικοῦ
1262 1946 1316 1992 εἰς
1333 1946 1550 1986 Διονύσιον
1569 1949 1770 2001 κωμῳδία.

221 2001 287 2040 και
316 2000 405 2052 περὶ
435 2008 502 2052 τῆς
533 2001 799 2071 παρῳδήσεως
830 2007 899 2040 τοῦ
929 2002 1073 2052 στίχου.
1119 1999 1144 2053 ἡ
1167 1999 1210 2041 δὲ
1230 2002 1476 2051 ψαλοῖκανθα
1497 2002 1644 2054 βοτάνη
1666 2003 1772 2044 ἔστιν

222 2057 442 2110 Αἰγυπτία,
473 2056 559 2108 ἥτις
591 2058 725 2105 ἵπποις
755 2057 1041 2110 περιαπτομένη
1073 2058 1190 2109 νίκην
1219 2057 1376 2111 παρέχει
1404 2059 1471 2099 και
1499 2056 1768 2111 εὐδαιμονίαν.

223 2116 365 2154 Suidas
395 2115 455 2153 III
477 2116 557 2153 223
589 2116 830 2165 Πτολεμαῖος
861 2114 1084 2165 Κυθήριος,
1115 2113 1308 2163 ἐποποιός,
1358 2111 1473 2164 ουτος
1503 2114 1652 2168 ἔγραψε
1680 2131 1770 2170 περι

221 2169 505 2221 ψαλακοένθης.
565 2169 608 2209 ἐν
637 2170 760 2225 τούτῳ
796 2169 840 2209 δέ
870 2181 1008 2222 φησιν,
1038 2167 1099 2209 ὅτι
1128 2170 1275 2229 βοτάνη
1306 2169 1385 2211 ἐστὶ
1413 2172 1654 2223 θαυμαστήν
1682 2188 1771 2213 τινα

221 2224 396 2277 ὃύ1αμιν
426 2225 577 2278 ἔχουσα.
619 2229 661 2266 in
691 2229 835 2278 quibus
865 2230 956 2266 ante
986 2229 1106 2267 verba
1135 2229 1249 2275 οὑτος
1271 2227 1419 2281 ἔγραψε
1448 2231 1655 2270 inserenda
1684 2243 1770 2270 esse

223 2285 462 2334 Πτολεμαῖος
487 2280 777 2333 “Ηφαιστίωνος
813 2285 963 2323 indicat
993 2285 1231 2335 Meinekius,
1271 2288 1317 2324 ut
1346 2286 1595 2325 Ptolemaeus
1626 2285 1768 2337 Cythe-

219 2341 302 2379 rius
334 2341 580 2379 discernatur
609 2354 631 2378 a
658 2342 920 2391 ‘grammatico
950 2341 1190 2380 Ptolemaeo.
1225 2363 1281 2368 —
1324 2341 1472 2380 Eubuli
1502 2356 1638 2382 versus
1668 2356 1768 2392 quo-

221 2397 336 2435 modo
372 2397 423 2435 ad
453 2397 681 2436 inrisionem
711 2398 894 2447 Dionysii
924 2398 1120 2446 pertineat
1148 2410 1227 2436 non
1258 2398 1432 2448 adparet.
1489 2399 1661 2445 Procles,
1691 2399 1769 2438 Na-

219 2454 374 2491 xiorum
410 2453 453 2491 in
485 2453 619 2492 Sicilia
648 2454 881 2503 imperator,
918 2454 1086 2503 patriam
1118 2454 1308 2503 Dionysio
1338 2455 1513 2504 prodidit
1543 2455 1606 2494 Ol.
1640 2455 1706 2507 94,
1728 2456 1769 2494 2.

219 2509 379 2551 Diodor.
412 2510 475 2559 14,
501 2511 564 2548 15.
615 2510 733 2548 Mein.
765 2510 785 2548 I
816 2510 909 2548 361.

414 2665 416 2667 ¹
488 2675 747 2732 κωφότερος
776 2676 928 2730 κίχλης
965 2618 1021 2661 29

331 2765 428 2820 παρ’
459 2765 653 2822 Εὐβούλῳ
691 2766 734 2808 ἐν
775 2768 988 2822 Διονυσίῳ.
1039 2765 1187 2818 λέγεται
1226 2768 1293 2808 καὶ
1330 2766 1576 2821 ἀφωνότερος
1615 2769 1765 2822 κίχλης.

219 2825 402 2873 Photins,
436 2825 597 2874 suidas,
632 2826 802 2865 Cramer.
833 2809 981 2865 Anecd.
1014 2826 1101 2864 Par.
1133 2826 1152 2863 Ι
1183 2827 1276 2876 396,
1300 2828 1366 2866 33.
1418 2827 1612 2866 Zenobius
1642 2829 1689 2878 4,
1713 2829 1765 2866 66

219 2877 438 2932 κωφότερος
469 2881 625 2932 κίχλης·
671 2880 814 2932 ταύτης
843 2879 1051 2933 Εύβουλος
1082 2879 1125 2919 ἐν
1156 2882 1354 2934 Διονυσίῳ
1383 2880 1586 2933 μέμνηται.
