1864 3204
473 197 730 232 nANN‘rxm
757 198 790 232 Η
815 198 985 234 amc->01
1037 198 1314 235 ΠΑΡΑΣιΤοΣ
1464 196 1469 199 ’
1564 198 1648 242 363

356 298 439 356 οὐχ
469 297 666 354 ἱμονιάν,
697 297 754 342 ού
784 301 958 343 λάκκον
987 296 1128 355 εἶδον,
1160 298 1216 344 ού
1246 301 1414 358 φρέαρ·

285 378 327 410 10
357 366 413 411 οὐ
444 366 638 422 στάμνος
668 368 781 411 ἔστι·
813 368 1024 424 διακενῆς
1054 363 1096 410 δ’
1120 367 1273 426 ἕστηκ’
1297 368 1384 425 ε’γαί

356 438 471 491 ἔχων
499 434 740 491 μα’χαιραν,
771 436 956 491 προσέτι
985 438 1346 494 περιεζωσμένος.

199 532 425 571 Athenaeus
445 531 484 582 4,
506 530 620 570 1701>
651 527 695 568 ἕν
724 526 769 569 δὲ
791 529 1019 582 Παννυχίδι
1048 526 1078 580 ἢ
1100 526 1298 583 Ἐρίθοις,
1327 530 1567 584 μάγειρον
1595 529 1649 572 δὲ

82 590 221 627 ποιεῖ
256 582 448 657 (Ἄλεξις)
484 585 711 653 λέγοντα,
751 588 835 627 κτλ.
952 589 991 626 6.
1032 586 1194 639 γήθυον
1225 587 1367 641 Mein]
1406 588 1560 641 γήτειον
1591 591 1641 629 A.

82 639 170 694 οὐχὶ
199 644 362 696 βολβόν,
393 658 440 684 ου
467 643 474 696 Ι
499 657 654 696 γητειον
684 643 810 684 Dobr.
900 646 936 685 9.
967 642 1128 694 ἱμονιάν
1158 643 1207 698 Ρ]
1239 643 1400 696 ἶμονίαν
1430 648 1478 685 Α.
1521 647 1646 686 Hero-

82 702 187 741 dian.
219 702 238 740 I
269 702 364 750 298,
389 703 439 742 15
481 698 522 740 τὸ
553 698 685 752 [μονιά
724 698 766 740 τὸ
802 696 1064 754 ἆντλητήριον
1092 697 1189 756 παρ’
1215 698 1405 750 Ἀττικοῖς
1443 699 1644 752 ὀξύνεται.

83 758 133 798 cf.
164 758 205 798 11
236 759 332 808 452,
347 759 395 806 4.
1143 770 1146 774 ’

197 815 429 866 indignatur
469 828 618 866 coquus
648 816 754 866 quod
785 816 861 856 sibi
891 828 972 855 non
1002 816 1107 856 ultro
1137 816 1330 867 quidquid
1362 829 1463 867 opus
1494 818 1548 857 sit
1579 818 1646 856 ad-

83 873 253 923 feratur,
295 873 363 912 sed
402 885 475 923 per
510 874 638 912 totam
677 873 837 912 demum
877 873 1052 912 currenti
1082 874 1347 924 clamantique
1375 875 1647 924 quaerendum

82 930 159 968 sit.
250 931 289 968 3.
318 926 550 980 παρελθών,
590 930 615 968 i.
637 943 657 968 e
702 929 771 968 ubi
802 930 963 970 domum
994 931 1228 982 reverteris,
1268 932 1404 970 statim
1434 933 1554 971 etiam
1586 944 1647 971 ee-

83 999 174 1025 nam
206 986 419 1037 flagitabis.
523 988 559 1026 6.
590 986 738 1028 Herod.
767 987 808 1025 II
837 987 932 1034 486,
962 988 1013 1026 16
1044 981 1245 1038 γήτειον
1275 984 1316 1026 τὸ
1348 986 1498 1039 χλωρὸν
1529 987 1647 1039 κρόμ-

81 1056 186 1093 μυον
203 1074 212 1083 .
231 1073 240 1082 .
260 1073 269 1082 .
289 1045 466 1082 καλεῖται
494 1041 561 1082 καὶ
589 1038 798 1095 γήθυον.
890 1045 954 1083 11.
985 1041 1307 1096 περιεζωσμένος,
1338 1045 1385 1083 cf.
1419 1046 1645 1085 Anaxandr.

82 1100 150 1149 41,
175 1101 240 1139 12.
822 1154 903 1196 175

1030 1195 1227 1266 ἡμίοπτα
1257 1212 1342 1267 μὲν

343 1276 397 1320 τὰ
426 1275 596 1332 κρεάδι’
622 1278 742 1331 έστί,
773 1275 823 1320 τό
855 1276 1095 1336 περίκομμῗ
1119 1277 1391 1323 α’πόλλυται·

343 1345 367 1388 ὁ
397 1345 591 1401 γόγγρος
620 1345 782 1400 ἑφθός,
814 1343 867 1388 τὰ
899 1344 946 1388 δ’
966 1344 1211 1401 ἀκροκώλι’
1234 1346 1427 1390 οὐδέπω.

194 1440 423 1480 Athenaeus
453 1442 498 1491 3,
522 1442 610 1480 96a
631 1438 785 1487 ’Ἄλεξις
806 1470 816 1480 .
835 1471 844 1480 .
863 1471 871 1480 .
899 1435 974 1478 κάν
1006 1440 1236 1493 Παννυχίδι
1273 1438 1302 1493 ἢ
1330 1438 1427 1496 (om.
1461 1439 1515 1497 A)
1542 1439 1646 1495 Ἐρί-

81 1497 219 1535 θοισιν
247 1498 328 1537 κτλ.
414 1493 662 1548 Ἐρίθοισιν·
693 1493 886 1549 ἡμίοπτα]
914 1493 1116 1550 Ἐρίθοις·
1150 1495 1206 1537 ἵν’
1229 1494 1404 1550 ἡμίοπτα
1432 1500 1570 1539 Dindf.

821 1607 902 1650 176

345 1683 439 1729 εἶτα
469 1687 798 1741 τετρακότυλον
830 1685 1036 1742 ἐπεσόβει
1067 1686 1264 1731 κώθωνά
1293 1704 1393 1744 μοι,

344 1750 540 1797 παλαιὸν
569 1758 709 1798 οἴκων
739 1757 897 1809 κτῆμα.

151 1864 154 1867 ·
197 1848 425 1888 Athenaous
459 1851 522 1896 11,
544 1850 665 1888 483ο
700 1846 852 1897 ’Ἄλεξις
886 1845 1065 1900 Ἐρίθοις
1102 1853 1182 1889 κτλ.
1283 1854 1319 1890 1.
1359 1845 1441 1890 εἷτα
1477 1852 1645 1892 Porson.

87 1903 181 1944 Eur.
204 1905 306 1943 Med.
330 1903 403 1956 48]
436 1899 508 1944 εἰτ’
530 1903 574 1944 ἐν
604 1908 651 1945 A.
741 1907 779 1947 2.
810 1905 984 1945 παλαιὸν
1013 1908 1178 1947 Porson.
1212 1922 1258 1947 ex
1288 1909 1494 1959 Euripide,
1528 1922 1646 1959 quem

86 1961 219 2000 Alexis
249 1959 441 2013 traducit]
473 1961 592 2000 πλέον
621 1963 671 2001 A.

825 2017 902 2059 177

355 2094 447 2136 ἔσει
477 2097 739 2149 περιπατῶν
770 2097 1047 2152 σιτόκουρος.

196 2187 423 2227 Athenaeus
446 2190 483 2239 6,
498 2189 614 2228 248³
643 2187 877 2240 σιτοκούρου
900 2188 1051 2239 ’Ἀλεξις
1081 2190 1321 2242 μνημονεύει
1352 2189 1396 2231 ἐν
1417 2191 1645 2244 Παννυχίδι

84 2239 113 2293 ἢ
140 2239 321 2290 Ἐρίθοις
353 2245 432 2286 κτλ.
493 2242 581 2294 ἕσηι
601 2245 650 2285 A.
675 2268 723 2275 —
755 2246 942 2286 Menand.
964 2248 1045 2287 409
1070 2249 1120 2286 M.
1154 2244 1455 2300 σιτόκουρον
1483 2247 1645 2301 ἄθλιον,

84 2297 282 2351 ἄχρηστον
311 2298 367 2347 εἰς
398 2298 473 2352 τὴν
502 2300 634 2340 οἰκίαν
662 2298 893 2353 εἰλήφαμεν.
948 2304 997 2343 cf.
1029 2305 1215 2344 Monand.
1250 2306 1330 2345 235
1362 2306 1414 2347 M.
1471 2307 1645 2357 Hesych.

87 2354 339 2407 σιτόκουρος·
385 2353 407 2395 ὁ
445 2355 641 2409 ἄχρηστος
680 2356 746 2397 καὶ
782 2354 912 2410 μα’την
949 2358 1202 2411 τρεφόμενος.
1254 2362 1441 2401 Eustath.
1476 2365 1598 2413 1854,
1622 2365 1644 2402 7

85 2409 132 2460 ὃς
169 2408 307 2466 ἀεργὸς
338 2412 512 2464 χοίνικος
543 2411 674 2454 ἐθέλει
702 2412 926 2466 ἅπτεσθαι,
956 2414 1022 2455 καὶ
1051 2415 1217 2466 μάλιστα
1248 2416 1334 2465 νέος
1367 2416 1443 2469 div,
1474 2420 1644 2470 κληθείη

86 2466 141 2508 ἄν
169 2467 411 2522 σιτόκουρος.

723 2549 1007 2585 ΠΑΡΑΣΙΤΟΣ

201 2628 348 2668 Athen.
382 2630 420 2679 6,
441 2630 555 2668 235e
593 2625 662 2667 τὸν
698 2626 742 2667 δὲ
774 2628 1089 2683 νῦν·λεγόμενον
1118 2630 1396 2680 παράσιτον
1426 2629 1645 2680 Καρύστιος

90 2681 111 2723 ὁ
142 2682 404 2736 Περγαμηνὸς
442 2682 486 2724 ἐν
522 2686 573 2739 τῷ
603 2683 691 2735 περὶ
719 2684 992 2726 διδασκαλιῶν
1022 2684 1245 2739 εὑρεθῆναί
1271 2699 1397 2739 φησιν
1426 2684 1507 2727 ὑπὸ
1536 2688 1645 2740 πρώ-

89 2754 158 2779 του
184 2737 394 2791 Ἀλέξιδος,
425 2739 691 2791 ἐκλαθόμενος
721 2738 1061 2795 ὅτιἘπίχαρμος.
1081 2774 1090 2784 .
1109 2743 1235 2796 παρὰ
1266 2741 1390 2783 πότον
1418 2742 1543 2785 αὐτὸν
1572 2746 1645 2785 εἰσ-

88 2794 223 2849 ήγαγε.
276 2800 316 2837 ot
348 2799 465 2837 2372
504 2803 573 2836 τοῦ
611 2795 656 2836 δὲ
693 2792 885 2849 ὀνόματος
917 2805 988 2839 τοῦ
1017 2800 1234 2852 παρασίτου
1263 2800 1506 2852 μνημονεύει
1534 2798 1642 2853 Ἀρα-

90 2852 169 2904 ρώς
200 2851 270 2908 (fr.
296 2851 380 2909 16).
431 2855 581 2894 scilicet
601 2854 805 2906 Carystius
835 2857 875 2895 in
907 2858 1007 2897 libro
1038 2859 1083 2898 de
1102 2860 1434 2899 commisswnibus
1460 2862 1647 2901 scaenicis
