1864 3204
507 188 775 223 TTPPHNOZ
837 187 1208 224 ΦῙΛΕΤΡῙΠῙΔΗΣ
1548 186 1634 230 413

787 279 791 284 ’
836 291 866 333 4

882 367 1024 413 ἄλλον
1055 369 1100 411 δ’
1121 367 1260 425 ίχθύν

238 440 420 494 μεγέθει
450 437 646 482 πίσυνόν
675 453 777 481 τινα
805 438 958 481 τοῖσδε
988 438 1141 526 τόποις

238 505 336 563 ἥκει
366 508 552 563 κομίσας

238 575 438 630 γλαῦκός
466 592 532 627 τις
562 573 611 620 ἐν
641 574 792 633 πόντῳ
821 574 1015 630 γαλεούς

188 652 211 685 5
241 649 369 687 σῖτον
398 642 649 700 ὀψοφάγων
678 644 753 687 καὶ
783 645 952 700 λίχνων
981 642 1167 705 ἀνδρῶν

239 710 453 769 άγάπημα
482 712 638 769 φέρων
668 711 766 755 κατ’
788 709 936 768 ὤμων.

237 782 339 824 τίνα
367 778 474 838 τῷδ’
498 780 643 824 ἐνέπω
675 781 760 837 τὴν
791 781 1056 838 σκευασίαν,

238 848 432 904 πότερον
462 851 621 907 χλωρῷ
651 850 863 905 τρίμματι
890 849 1074 905 βρέξας,

235 915 267 972 ἦ
295 920 374 974 τῆς
402 916 560 974 α’γρίας
589 915 731 974 ἅλμης
759 916 960 974 πάσμασι

165 994 208 1026 10
237 988 364 1041 σῶμα
395 986 586 1037 λιπάνας

237 1054 350 1109 πυρὶ
379 1054 654 1112 παμφλέκτῳ
684 1054 960 1111 παραδώσω

238 1123 327 1179 ἔφα
355 1138 422 1173 τις
450 1119 511 1174 ὥς
541 1121 593 1166 ἐν
623 1121 742 1180 ἅλμῃ
771 1125 922 1180 θερμῇ

237 1192 372 1234 τοῦτο
401 1191 539 1246 φάγοι
568 1189 615 1247 γ’
635 1189 782 1247 ἑφθὸν
811 1189 927 1246 άνήρ
958 1192 1178 1247 Μοσχίων
1204 1192 1442 1246 φίλαυλος.

235 1260 323 1316 βοᾷ
353 1256 394 1301 δ’
418 1256 594 1310 ὄνειδος
624 1259 757 1314 ἴδιον,
789 1253 827 1302 03
856 1260 1082 1316 Καλαίδη·

166 1335 206 1368 16
237 1325 295 1370 σύ
322 1327 407 1382 μὲν
436 1325 551 1383 ἀμφὶ
581 1329 698 1374 σῦκα
728 1327 804 1371 καὶ
833 1326 949 1384 ἀμφὶ
969 1326 1122 1411 τάριχ’
1146 1326 1356 1386 ἀγάλλει,

237 1398 319 1439 τοῦ
349 1394 393 1438 δ’
416 1394 469 1439 ἐν
498 1394 616 1453 ἅλμῃ
647 1397 897 1453 παρεόντος
925 1394 981 1440 οὐ
1010 1396 1134 1452 γεύει
1163 1399 1396 1454 χαρίεντος
1426 1395 1556 1450 ὄψου.

178 1490 406 1531 Athenaeus
437 1492 476 1541 8,
499 1491 615 1530 342b
645 1488 871 1543 Φιλέταιρος
904 1486 941 1528 δ’
967 1488 1011 1530 ἐν
1035 1487 1261 1560 Ἀσκληπιῷ
1292 1490 1362 1531 τὸν
1387 1489 1631 1544 ιὙπερείδην

66 1540 165 1598 πρὸς
195 1551 249 1613 τῶ
279 1542 505 1613 ὀψοφαγεῖν
534 1545 602 1587 καὶ
630 1546 822 1600 κυβεύειν
851 1543 974 1587 αὐτόν
1003 1558 1117 1599 φησι,
1147 1547 1336 1603 καθάπερ
1365 1547 1433 1589 καὶ
1453 1548 1632 1589 Καλλίαν

66 1599 139 1642 τὸν
174 1586 342 1673 ρητορα
345 1599 563 1653 Ἀξιόνικος
599 1601 834 1659 (ἄξιόνεικος
864 1602 920 1660 A)
958 1602 1002 1644 ἐν
1033 1604 1300 1660 Φιλευριπίδῃ
1337 1609 1419 1648 κτλ.
1480 1603 1528 1645 τὰ
1557 1602 1632 1658 μὲν

67 1663 173 1699 σῦκα
215 1656 270 1708 ὥς
313 1675 367 1700 αν
410 1659 673 1713 συκοφάντην
715 1660 922 1715 λοιδορῶν,
965 1659 1010 1700 τὰ
1051 1659 1095 1701 δὲ
1131 1662 1269 1729 ταρίχη
1298 1658 1447 1715 μήποτε
1476 1661 1543 1702 καὶ
1574 1659 1629 1711 ὥς

65 1716 423 1782 αἰσχροποιοῦντος,
507 1715 619 1757 1.δὲ
648 1719 698 1758 A.
779 1720 816 1757 4.
849 1721 1020 1772 γλαῦκος
1050 1715 1148 1773 (οιιι.
1179 1721 1221 1759 in
1251 1720 1325 1760 ult.
1359 1717 1480 1789 σορκ),
1490 1723 1530 1760 et
1558 1733 1629 1773 γα-

66 1767 159 1821 2013«,-
189 1775 239 1814 A.
328 1777 363 1814 6.
396 1772 531 1826 φέρων
559 1773 728 1828 Iacobs.]
745 1773 869 1842 φέρω
900 1777 949 1815 Α.
1039 1778 1076 1816 9.
1108 1781 1178 1827 της
1207 1773 1368 1830 ἀργίας]
1401 1780 1501 1824 τοῖς
1533 1777 1629 1816 Θα-

67 1829 179 1878 σίας
209 1831 257 1871 Κ.
308 1832 356 1871 cf.
387 1831 539 1872 Oratin.
571 1833 609 1872 6.
698 1828 878 1883 πάσμασι
907 1833 1089 1873 Erfurdt.
1111 1833 1204 1874 Obs.
1227 1832 1330 1886 464]
1360 1833 1549 1885 λιάσμασι
1578 1835 1627 1874 Α.

67 1885 215 1939 νάμασι
244 1889 364 1929 Mein.
395 1888 438 1927 in
467 1889 562 1929 Ath.
673 1891 738 1932 12.
779 1903 917 1940 εφατις
947 1890 997 1930 A.
1047 1887 1166 1941 φάτις
1195 1891 1347 1934 Iacobs.
1434 1889 1478 1930 ἐν
1507 1889 1627 1945 αλμῃ,

65 1945 123 1985 sio
151 1946 201 1985 A.
293 1946 357 1986 14.
387 1944 557 1997 καλαϊδη
587 1946 636 1986 A.
687 1946 860 1998 Καλλία,
886 1946 893 1999 Ι
919 1947 955 1987 εἰ
982 1948 1103 1988 Mein.
1193 1949 1259 1989 15.
1289 1945 1440 2000 άγάλλη
1443 1962 1457 1986 ι
1484 1952 1527 1988 et
1560 1951 1625 1989 16.

64 1999 181 2053 γεύηι
209 2002 258 2045 A.
349 2004 413 2042 15.
443 1998 552 2053 ἀμφί
577 2016 617 2042 τε
647 2008 752 2042 σῦκα
782 2005 823 2044 et
852 1999 979 2056 τάριχ’
1012 2001 1068 2058 A]
1109 2002 1252 2057 ταρίχι’
1272 2005 1391 2045 Mein.
1483 2007 1549 2045 16.
1582 2003 1627 2045 ἕν

65 2054 172 2112 αλμῃ
201 2055 405 2111 ῥέοντος
434 2059 484 2099 K.

178 2116 455 2156 insanabiliter
491 2117 663 2167 plurima
703 2119 890 2169 corrupta
927 2131 1013 2159 esse
1052 2119 1241 2159 videntur
1276 2119 1488 2159 Meinekio.
1585 2121 1625 2159 4.

66 2172 243 2237 γλαῦκον
271 2175 352 2220 τοῖς
382 2170 428 2212 ἐν
455 2172 590 2228 πόντῳ
617 2176 770 2226 γαλεοῖς
796 2172 803 2229 Ι
830 2172 924 2226 σῖτ’,
954 2172 1180 2228 ὀψοφάγων
1207 2175 1355 2227 λίχνων
1383 2172 1420 2215 τ’
1441 2172 1623 2229 άνδρῶνΙ

67 2223 256 2282 ἀγάπημα
299 2227 432 2281 φέρων
475 2229 574 2270 κατὰ
617 2236 700 2271 τῶν
743 2228 862 2283 ὤμων
904 2234 1052 2273 amicus
1096 2234 1294 2273 Erfurdtii
1339 2230 1488 2288 (Dind.
1537 2234 1627 2273 add.

67 2300 107 2337 p.
132 2285 272 2337 1897).
359 2288 397 2327 8.
427 2285 619 2339 τρίμματι.
651 2289 700 2328 cf.
722 2289 877 2328 Alexid.
902 2290 995 2329 188.
1027 2290 1190 2330 Timocl.
1209 2291 1248 2330 3.
1281 2289 1419 2330 Sotad.
1439 2292 1534 2338 1,4.
1558 2293 1622 2330 17.

69 2342 216 2393 Diphil.
248 2343 324 2393 42,
345 2345 370 2383 5
402 2343 456 2384 M.
554 2346 620 2383 12.
651 2342 728 2395 ἔφα
759 2359 835 2395 τις,
880 2347 926 2384 ut
955 2345 1098 2385 Aesch.
1130 2346 1208 2397 Ag.
1243 2347 1323 2386 369
1355 2342 1430 2385 οὐκ
1459 2345 1535 2397 ἔφα
1567 2362 1625 2394 τις

67 2396 192 2446 θεοὺς
235 2399 389 2451 βροτῶν
430 2396 644 2448 ἀξιοῦσθαι
687 2399 819 2452 μέλειν
862 2397 1036 2457 (Mein.)
1128 2403 1193 2443 13.
1239 2402 1288 2441 de
1319 2404 1543 2444 Moschione
1573 2405 1623 2444 cf.

68 2455 222 2495 Alexid.
256 2457 351 2496 236.

185 2514 359 2552 ceterum
396 2514 611 2564 permirum
651 2516 713 2554 est
751 2515 952 2565 quomodo
982 2516 1213 2556 Athenaeus
1250 2517 1312 2557 his
1342 2518 1524 2558 versibus
1563 2518 1626 2558 de

71 2570 285 2608 monstrari
314 2582 431 2619 posse
460 2571 674 2610 crediderit
703 2570 871 2611 Calliam
900 2572 1024 2612 fuisse
1054 2575 1272 2614 aleatorem.
1313 2587 1406 2613 nam
1437 2575 1626 2615 Meinekii

71 2625 231 2676 quidem
260 2627 362 2665 ratio
392 2627 512 2667 verbo
542 2625 731 2678 κυβεύειν
758 2629 1003 2670 luxuriosam
1031 2632 1152 2670 vitam
1182 2630 1397 2694 significari
1429 2633 1625 2671 censentis

70 2682 229 2721 admitti
265 2682 375 2721 nullo
416 2683 531 2722 modo
568 2687 721 2734 potest,
761 2697 850 2725 cum
879 2685 1107 2726 Athenaeus
1137 2699 1227 2727 eum
1257 2679 1380 2739 πρὸς
1411 2692 1468 2742 τῷ
1498 2683 1625 2737 ὀψο-

71 2740 252 2790 φαγεῖν
281 2735 347 2777 xa)
375 2736 563 2791 κυβεύειν
592 2740 712 2780 dicat.
760 2742 828 2781 sed
858 2755 994 2783 omnes
1017 2744 1057 2782 in
1077 2743 1149 2782 hac
1170 2744 1307 2795 ecloga
1328 2746 1368 2783 et
1388 2745 1626 2786 emendandi

71 2797 112 2834 et
140 2795 427 2846 interpretandi
456 2798 632 2847 conatus,
664 2810 751 2837 cum
781 2800 1014 2849 praesertim
1044 2813 1095 2839 ne
1125 2800 1172 2839 de
1199 2804 1327 2840 metro
1353 2802 1513 2852 quidem
1535 2815 1624 2843 con-

71 2853 162 2903 stet,
193 2852 293 2891 nihil
321 2852 427 2891 aliud
459 2856 553 2893 sunt
580 2866 698 2903 qnam
728 2855 1015 2906 desperationis
1045 2856 1203 2899 indicia.
