1864 3204
571 226 756 260 ΑΔῼΝῙΣ
781 244 823 250 -
850 226 1020 260 ΠΑΝΟΣ
1045 225 1196 260 ΓΟΝΑΙ
1584 225 1666 268 217

724 363 1030 398 ΚΑΜΠΤΛΙΩΝ

213 443 274 484 cf.
304 458 404 496 quae
433 445 482 484 ad
513 446 661 486 Eubuli
694 445 986 497 Campylionem
1014 446 1274 486 adnotantur.

370 635 425 679 τὰ
456 636 606 692 κομψὰ
635 637 720 692 μὲν
750 631 805 692 δὴ
835 638 977 679 ταῦτα
1007 635 1356 691 νωγαλεύματα,

372 704 537 759 κόγχαι·
560 719 608 747 τε
638 702 713 747 καὶ
744 707 971 760 σωλῆνες,
1003 704 1052 747 αἵ
1077 719 1127 747 τε
1156 703 1389 760 καμπύλαι

373 773 555 828 καρῖδες
586 772 829 828 ἐξήλλοντο
861 773 1093 829 δελφίνων
1124 773 1258 829 δίκην

372 842 435 892 εἰς
465 838 817 897 σχοινόπλεκτον
848 838 997 896 ἄγγος.

218 949 256 976 v.
282 938 302 974 1
337 936 565 975 Athenaeus
587 937 728 985 2,47d
757 932 1040 987 νωγαλεύματα
1072 934 1244 975 ἐκάλουν
1273 932 1320 976 τὰ
1340 933 1441 987 ἡδέα
1462 934 1664 989 βρώματα.

94 987 272 1044 Ἀραρώς
303 995 385 1032 κτλ.
475 1007 511 1032 ν.
543 995 651 1033 1-3
683 995 912 1034 Athenaeus
941 996 986 1043 3,
1015 994 1105 1034 86d
1131 988 1305 1046 Ἀραρώς
1335 993 1671 1043 Καμπυλίωνί

100 1059 226 1098 φησιν
254 1051 335 1088 κτλ.
395 1064 434 1091 v.
457 1051 567 1088 2-4
598 1051 828 1091 Athenaeus
861 1053 905 1102 3,
931 1052 1041 1090 105e
1074 1048 1338 1102 ἐκτεταμένως
1370 1046 1409 1089 δ’
1435 1050 1570 1103 εἴρηκε
1600 1065 1667 1090 κα-

99 1106 191 1159 ρῖδα
219 1103 395 1157 Ἀραρώς
428 1104 472 1146 ἕν
502 1107 767 1158 Καμπυλίωνι
797 1107 846 1146 αἴ
871 1123 910 1147 τε
940 1104 1145 1159 καμπύλαι
1177 1130 1231 1136 -
1266 1105 1403 1160 όίγγος.
1485 1123 1522 1148 v.
1560 1111 1667 1148 1—3

100 1160 296 1218 (καρῖδες)
318 1165 433 1204 Phot.
458 1160 736 1216 νωταλεύματα
758 1162 872 1220 (sic)·
901 1160 1077 1218 Ἀραρώς
1099 1165 1365 1216 Καμπυλίωνι
1394 1167 1475 1205 κτλ.
1527 1180 1562 1205 v.
1581 1168 1621 1205 3.
1642 1167 1667 1204 4

100 1221 186 1260 sine
216 1222 389 1261 auctoris
421 1222 629 1262 fabulaeve
659 1223 820 1262 nomine
851 1223 1087 1262 Eustathius
1111 1224 1234 1274 1220,
1259 1225 1323 1263 54.
1417 1225 1453 1262 1.
1484 1219 1559 1272 μὲν
1589 1236 1666 1262 om.

101 1277 138 1316 A
169 1279 221 1317 86
253 1281 293 1318 et
320 1278 451 1328 Phot„
486 1278 577 1318 add.
600 1278 644 1319 O.
719 1278 788 1332 δὴ]
822 1279 923 1331 δῆτα
953 1280 1116 1322 Porson.
1141 1281 1181 1319 in
1211 1281 1324 1320 Phot.
1386 1276 1669 1331 νενωγάλισται

99 1335 245 1374 Eubul.
280 1337 344 1386 15,
368 1336 405 1375 7.

371 1468 547 1525 βαυκά,
577 1469 778 1525 μαλακά,
810 1470 1004 1526 τερπνά,
1036 1469 1244 1527 τρυφερά

214 1552 408 1602 Aspasius
438 1553 609 1593 Arisizot.
641 1554 742 1593 Eth.
779 1554 935 1596 Nicom.
966 1556 1011 1605 4,
1044 1556 1097 1594 58
1129 1555 1222 1595 Ald.
1268 1549 1426 1606 βαυκόν
1463 1552 1596 1606 ἔλεγον
1634 1554 1674 1593 οἱ

100 1607 262 1648 παλαιοὶ
292 1606 363 1648 τὸν
393 1608 605 1662 τρυφερόν,
635 1606 690 1658 ὡς
722 1607 742 1650 ὁ
772 1609 936 1663 ποιητὴς
964 1608 1140 1664 Ἀραρὼς
1171 1609 1216 1651 ἐν
1246 1610 1511 1663 Καμπυλίωνι
1540 1614 1621 1651 κτλ.

860 1723 912 1765 10

372 1775 575 1820 ἀναλοῦν

215 1852 455 1899 ἀναλίσκειν.
494 1857 669 1914 Ἀραρώς
703 1861 977 1912 Καμπυλίωνι.
1024 1863 1193 1902 Bekker.
1226 1863 1377 1902 Anecd.
1410 1864 1477 1912 83,
1502 1865 1567 1902 16.
1618 1864 1669 1903 cf.

103 1916 309 1967 Aristoph‚
342 1917 391 1958 fr.
416 1918 511 1957 220.

863 1973 912 2014 11

375 2026 613 2084 ἀριστῆσαι

215 2102 391 2162 Ἀραρώς
420 2110 701 2163 Καμπυλίωνι.
741 2113 911 2153 Bekker.
944 2113 1094 2153 Anecd.
1126 2114 1223 2164 444,
1249 2114 1314 2152 14.

869 2225 921 2266 12

375 2301 570 2345 θειόσειν
600 2301 675 2345 καὶ
703 2305 878 2346 θεῶσαι

218 2381 308 2423 κατ’
333 2382 491 2424 ἔνδειαν
520 2383 589 2424 τοῦ
619 2399 656 2435 ι,
687 2382 730 2424 τὸ
755 2389 1023 2438 περιενεγκεῖν
1041 2388 1160 2426 θεῖον
1179 2385 1247 2425 καὶ
1267 2388 1467 2438 καθῆραι·
1496 2383 1670 2439 Ἀραρώς

105 2440 380 2493 Καμπυλίωνι.
426 2442 596 2482 Bekker.
628 2443 778 2483 Anecd.
811 2444 877 2495 99,
901 2444 969 2482 32.
1020 2444 1069 2483 ef.
1102 2443 1270 2495 Lysipp.
1302 2445 1342 2483 4.

218 2499 386 2550 Reliqua
416 2499 643 2550 fragmenta
673 2500 952 2550 exscripsimus
982 2500 1023 2539 in
1056 2500 1202 2540 Eubuli
1235 2498 1496 2551 Campylione.

711 2645 882 2679 nAuoz
911 2646 1063 2681 ΓοΝΑι

858 2747 911 2791 13

399 2821 603 2880 ἁρπάσας
631 2825 864 2880 μόναυλον
895 2824 1059 2882 εὐθύς,
1091 2828 1185 2876 πῶς
1215 2826 1382 2877 ὃοκετςς

399 2893 584 2948 κούφως
614 2890 845 2949 ἀνήλλετο.

220 2691 280 2733 Cf.
311 2691 432 2731 Mein.
464 2692 485 2731 Ι
516 2693 611 2732 282.
