1864 3204
576 216 803 252 ψιΛοΤΣΑ
828 235 869 240 -
895 215 1116 251 xopnru:
1535 194 1615 256 391

749 343 917 377 ΦΤΓΑΣ

164 422 325 463 Caecilii
356 423 474 464 Statii
504 425 693 464 Exszaem
729 438 778 463 ex
807 423 996 464 Alexidea
1035 424 1172 464 fabula
1211 424 1374 463 ductum
1416 395 1509 463 esse*
1532 435 1619 462 con-

46 481 112 520 set
141 479 394 535 Spengelius.
445 481 495 521 cf.
529 480 575 521 O.
598 481 789 521 Ribbeck.
821 480 930 520 Com.
962 481 1077 522 Rom.
1110 478 1180 520 fr.²
1211 481 1277 519 42.

324 669 400 715 ἀεί
422 668 468 727 γ’
491 668 515 714 ὁ
545 671 791 726 Χαιρεφῶν
820 668 908 714 τιν’
932 668 1133 727 εὑρίσκει
1163 670 1343 726 τέχνην·

322 737 398 783 καὶ
427 741 517 783 νῦν
547 739 779 794 πορίζεταί
803 754 853 794 γε
882 737 937 782 τὰ
967 737 1116 782 δεῖπν’
1138 737 1391 797 ἀσύμβολα.

321 806 438 851 ὅπου
467 808 556 863 γάρ
588 805 712 850 ἐστιν
743 805 767 850 ὁ
798 807 991 862 κέραμος
1019 806 1303 862 μισθώσιμος

321 875 343 920 ὁ
374 883 468 927 τοῖς
495 877 748 932 μαγείροις,
781 873 925 926 εὐθὺς
955 874 1001 927 ἐξ
1033 874 1230 919 ἑωθινοῦ

272 955 293 986 5
324 944 512 1000 ἕστηκεν
543 942 717 987 ἐλθών·
748 942 837 987 κᾶν
867 944 942 1000 ἴδῃ
972 944 1287 999 μισθούμενον

322 1013 384 1063 εἰς
413 1013 626 1066 ἑστίασιν,
657 1014 739 1054 τοῦ
769 1013 988 1068 μαγείρου
1018 1011 1282 1067 πυθόμενος

321 1078 402 1124 τὸν
434 1079 670 1133 ἑστιῶντα,
701 1082 780 1135 τῆς
808 1081 957 1134 θύρας
985 1079 1279 1136 χασμωμένης

321 1143 379 1190 ἂν
410 1147 696 1204 ἐπιλάβηται,
728 1151 904 1204 πρῶτος
935 1147 1246 1204 εἰσελήλυθεν.

160 1243 390 1283 Athenaeus
411 1243 579 1293 4,164f
604 1240 844 1295 περιέρχεται
874 1240 942 1288 τὰς
962 1242 1103 1293 οἰκίας,
1135 1238 1356 1290 έξετάζων”
1341 1240 1446 1281 ὅπου
1467 1242 1613 1282 δεῖπνα

46 1298 204 1352 λαμπρὰ
220 1295 594 1371 παρασκευάζεται,
633 1297 735 1351 ὑπὲρ
772 1296 842 1339 τὸν
875 1296 1098 1351 Ἀθηναῖον
1136 1300 1402 1351 Χαιρεφῶντα
1443 1297 1614 1345 ἐκεῖνον,

46 1354 137 1408 περὶ
185 1350 236 1396 οὗ
283 1366 410 1407 φησιν
445 1354 598 1405 ’Ἄλεξις
644 1354 688 1396 ἕν
730 1355 890 1409 Φυγάδι
939 1358 1022 1396 κτλ.
1130 1370 1168 1397 v.
1209 1358 1249 1396 3.
1291 1357 1317 1394 4
1356 1353 1617 1411 (μαγείροις)

46 1413 195 1453 Athen.
220 1417 256 1463 6,
271 1415 388 1454 229b
418 1411 461 1452 τὸ
491 1409 570 1453 ὑπὸ
596 1409 791 1462 Ἀλέξιδος
822 1412 867 1453 ἐν
896 1411 1054 1466 Φυγάδι
1084 1410 1291 1466 εἰρημένον
1321 1415 1402 1453 κτλ.
1476 1417 1514 1454 1.
1537 1413 1620 1454 αἰεί

46 1471 96 1510 Α.
185 1471 223 1511 2.
254 1471 475 1511 eiciendum
504 1471 664 1511 videtur
693 1485 735 1537 γε
766 1467 938 1525 (Μοίιιυ)
1027 1472 1063 1511 3.
1094 1468 1294 1523 κερασμὸς
1325 1470 1363 1510 A
1394 1472 1488 1510 229.
1571 1472 1609 1510 4.

46 1523 68 1566 ὁ
98 1525 198 1580 τοῖς]
230 1530 356 1567 τοῖσιν
386 1524 790 1574 Bothius.e1329i›‹;
820 1527 1004 1579 Porson.]
1038 1522 1191 1574 εὐθέως
1221 1529 1270 1569 A.
1371 1529 1408 1566 5.
1442 1528 1612 1568 fortasse

51 1581 131 1623 καν
160 1580 254 1623 τιν’
289 1583 371 1639 ἴδῃ.

162 1642 210 1681 de
241 1640 523 1691 Chaerephonte
551 1642 728 1692 parasito
759 1642 810 1681 cf.
833 1640 1052 1692 Antiphan.
1078 1643 1171 1681 199.
1252 1643 1290 1680 3.
1322 1637 1489 1692 κέραμος
1521 1644 1618 1681 sunt

46 1710 144 1738 vasa
170 1699 309 1749 fiylina
339 1699 483 1750 quibus
513 1699 564 1737 ad
593 1698 843 1750 coquendum
874 1700 1054 1738 utuntur.
1100 1696 1145 1736 ἐν
1174 1703 1233 1752 τῳ
1262 1695 1466 1795 κεράμῳ,8
1465 1699 1491 1737 i.
1514 1711 1549 1738 e.
1571 1700 1614 1738 in

48 1767 95 1794 ea
124 1755 200 1794 fori
230 1758 345 1805 parte
376 1755 445 1794 ubi
474 1756 545 1794 illa
573 1768 668 1795 vasa
697 1758 820 1804 erant,
853 1755 970 1806 coqui
1000 1755 1338 1796 conducebantur.
1441 1757 1479 1795 8.
1512 1754 1613 1796 εἰσε-

50 1810 240 1862 λήλυθεν.
292 1812 342 1852 of.
377 1812 591 1863 Antiphan.
626 1813 720 1852 204.

723 1935 943 1971 ΧΟΡΗΓΙΣ

163 2015 222 2055 Cf.
260 2016 484 2056 Meinek.1
512 2017 607 2056 403.
656 2015 803 2056 Athen.
838 2017 910 2065 13,
935 2017 1047 2056 5770
1087 2012 1367 2082 (Ἀριστοφῶν
1404 2013 1425 2054 ὁ
1465 2014 1614 2070 ῥήτωρ)

48 2067 318 2124 ἀπεδείχθη..
336 2069 400 2113 ,ἐκ
431 2071 715 2125 Χορηγίδος
745 2078 828 2125 τῆς
859 2070 1066 2126 ἑταίρας
1097 2069 1500 2126 παιδοποιησάμενος.

795 2184 879 2227 258

256 2259 307 2312 ὃς
336 2269 428 2312 τοῖς
456 2263 762 2317 τετραδισταῖς
790 2262 874 2317 μὲν
903 2264 1164 2318 παρέθηκεν
1196 2264 1371 2307 έσθίειν

255 2328 412 2386 πρῴην
442 2331 628 2373 λέκιθον
658 2331 730 2372 καὶ
762 2331 1023 2387 μεμβράδας
1051 2328 1127 2373 καὶ
1157 2330 1405 2387 στέμφυλα.

163 2423 391 2464 Athenaeus
423 2425 467 2475 7,
489 2424 644 2463 287Θί
676 2421 828 2471 ’Ἄλεξις
868 2420 912 2461 ἒν
937 2422 1131 2475 Χορηγίδι
1169 2421 1235 2462 διὰ
1273 2429 1343 2463 τοῦ
1383 2426 1418 2475 ἰῖ
1451 2424 1613 2477 εἴρηκεν

49 2477 314 2534 (μεμβράδας)
347 2481 428 2519 κτλ.
521 2482 556 2521 l.
588 2477 742 2519 ἐσθίειν
772 2478 1014 2533 Sohweigh]
1045 2478 1198 2519 ἐσθίων
1227 2482 1276 2520 Α.
1320 2478 1460 2521 ἑστιῶν
1491 2483 1614 2522 Ville-

50 2537 166 2575 brun.
198 2536 368 2588 Hesych.
400 2535 730 2588 τετραδισταί“
760 2534 927 2582 σύνοδος
959 2534 1060 2575 νέων
1090 2534 1289 2586 συνήθων
1317 2536 1416 2576 κατὰ
1449 2535 1613 2589 τετράδα

51 2590 251 2645 γινομένη.
311 2593 481 2633 Bekker.
512 2593 661 2633 Anecd.
695 2594 799 2644 309,
822 2595 875 2632 28
913 2592 1179 2645 τετραδισταί·
1220 2592 1262 2633 οἰ
1296 2592 1487 2633 ἐπίπονον
1523 2594 1615 2645 βίον
1679 2628 1684 2633 .

52 2648 270 2701 διάγοντες.
310 2650 461 2689 seilicet
479 2650 576 2689 haec
596 2650 874 2700 interpretatio
904 2652 1079 2701 pertinet
1109 2652 1159 2690 ad
1181 2651 1438 2701 proverbium
1459 2650 1615 2702 τετράδι

52 2703 220 2758 γέγονας
256 2702 326 2759 (cf.
356 2706 462 2745 Plat.
485 2718 584 2745 com.
610 2703 723 2759 100),
755 2707 942 2758 Hesychii
973 2708 1020 2745 ad
1055 2708 1236 2749 convivia
1266 2708 1305 2747 in
1337 2707 1518 2747 Herculis
1548 2708 1614 2747 ho·

51 2775 189 2802 norem
221 2767 266 2816 τῇ
296 2759 450 2812 τετράδι
480 2762 630 2801 habita.
675 2762 822 2803 Athen.
859 2765 922 2813 14,
945 2765 1026 2803 659
1040 2764 1078 2802 d.
1117 2767 1231 2803 erant
1259 2767 1391 2803 autem
1421 2766 1520 2804 talia
1550 2777 1609 2804 so·

52 2820 194 2858 delicia.
222 2818 416 2858 conviviis
446 2821 552 2858 certa
581 2818 644 2857 die
675 2819 929 2860 instituendis
959 2820 1173 2859 admodum
1203 2820 1363 2859 usitata.
1415 2821 1471 2860 sie
1501 2820 1607 2860 εἰκα-

55 2873 187 2914 δισταί
214 2875 374 2927 Epicuri
404 2874 508 2916 diem
538 2876 713 2918 natalem
744 2877 1010 2917 celebrabant.
1052 2876 1199 2919 Athen.
1234 2878 1271 2928 7,
1294 2878 1376 2917 298
1393 2877 1434 2919 d.
1475 2878 1523 2919 cf.
1550 2879 1613 2929 12,
