1864 3204
0 0 139 86 Γῖ“
150 0 164 6 ““
212 0 223 36 “.
291 0 294 2 ’

509 185 748 220 ΣΚΤΤΕΤΣ
795 184 1258 220 ΣΤΕΦΑΝΟΠΩΛΙΔΕΣ
1587 182 1668 224 199

217 298 253 336 1.
289 284 424 343 πότερ’
458 287 639 343 canton]
677 287 846 341 πότερον
875 289 926 329 Α.
1046 291 1084 329 2.
1126 285 1469 339 διεξηνθισμένων
1499 283 1665 327 Ροτεοιι.

98 356 142 395 at
172 353 268 405 quid
299 354 362 392 est
391 345 689 395 ὄιεξανθίζεινῬ
740 360 828 387 cum
859 347 964 397 apud
996 343 1430 398 Aeschylum.(Suppl.
1454 343 1526 397 73)
1556 346 1668 384 inve-

101 411 235 451 niatur
264 408 429 450 verbum
458 401 760 455 ἆνθεμίζεσθαι,
790 404 840 443 ab
870 400 1055 455 ὀῖνθεμον
1084 403 1306 443 derivatum
1337 405 1382 441 ut
1400 396 1586 447 ἀνθίζειν
1614 402 1664 440 ab

99 465 254 517 ἄνθος,
292 463 477 513 ἄνθεμον
513 464 645 500 autem
684 460 785 511 apud
824 462 964 511 poetas
994 460 1149 499 Atticos
1187 460 1239 499 sit
1277 459 1663 510 frequentissimum,

100 525 270 564 fortasse
306 521 443 562 licebit
481 517 652 558 seribere
690 514 1149 567 διηνθεμισμένων.
1248 519 1286 558 3.
1319 514 1505 554 τουτωνί·
1540 513 1590 553 σύ
1622 513 1666 554 δὲ

101 580 373 621 Dobr.¹Arist.
394 577 503 617 Plut.
525 575 604 613 361
630 587 666 624 p.
679 571 752 627 44]
785 571 908 612 τούτῶ
939 568 990 612 σύ
1013 575 1062 613 A.
1150 574 1190 612 4.
1224 570 1270 611 τά
1299 567 1337 624 γ’
1361 568 1459 610 ἄλλα
1490 572 1536 613 G.
1569 572 1668 612 Her-

100 634 256 689 manm]
287 632 407 674 τᾶλλα
437 633 486 672 A.
525 627 684 670 ἅπαντα
714 625 835 669 πώλει
865 624 984 670 τᾶλλα
1012 631 1137 669 Dobr.
1176 627 1329 668 τούτων
1359 634 1440 668 τῶν
1470 631 1626 667 καλῶν·
1661 626 1666 682 Ι

99 692 150 733 σὺ
182 690 224 733 δὲ
253 690 374 732 τᾶλλα
404 690 551 741 Bergk.
583 686 749 727 τουτωνὶ
778 686 916 730 δίὸωυ·
945 689 950 735 Ι
977 684 1024 725 τά
1055 681 1093 725 δ’
1115 684 1214 725 ι’ίλλα
1244 687 1366 725 Mein.
1398 687 1441 724 in
1471 686 1566 725 Ath.

214 752 253 790 3.
287 750 481 800 ‘myrteas
509 746 687 786 vobumus
715 758 878 785 coronas
886 759 902 793 ,·
932 748 1075 785 ceteras
1103 745 1251 800 vendas
1280 745 1394 784 licet?
1426 743 1544 781 Mein.

849 856 930 898 100

918 925 999 966 λῦε
1028 920 1303 977 τάλαβάστια

319 998 491 1038 θᾶττον
522 990 579 1049 σύ
610 991 686 1034 καὶ
715 994 769 1047 τῇ
801 992 991 1034 σπαθίδι
1021 989 1103 1033 τόν
1134 989 1330 1044 πώγωνά
1361 994 1450 1044 {obv

322 1062 398 1105 καὶ
428 1062 512 1118 τὴν
542 1057 722 1116 ὑπήνην
751 1060 964 1115 μύρισον.
1402 1067 1408 1107 ,¹

214 1147 358 1187 Pollux
381 1146 539 1196 10‚120
569 1140 780 1194 Εὔβουλος
811 1140 856 1180 ἐν
885 1145 970 1189 ταῖς
1000 1139 1329 1191 Στεφανοπώλισι
1360 1081 1476 1178 volbo
1504 1137 1578 1190 μὲν
1608 1134 1670 1193 (τὸ

100 1205 156 1252 εἰς
189 1201 256 1252 τὰς
287 1202 491 1254 ληκύθους
521 1197 764 1251 καθιέμενον
793 1196 856 1238 ἐπὶ
884 1195 1048 1251 γεύματι
1078 1203 1147 1237 τοῦ
1168 1197 1316 1250 μύρου)
1338 1196 1544 1247 σπαθίὸα,
1575 1195 1668 1244 τοὺς

101 1257 141 1300 δ’
163 1257 413 1313 ἀλαβάστους
443 1253 663 1310 ἆλαβάστια
693 1255 854 1308 εἴρηκεν
883 1252 967 1296 κτλ.
1018 1257 1066 1295 cf.
1098 1255 1304 1305 Aristoph.
1338 1255 1386 1296 fr.
1409 1255 1505 1293 205.

850 1367 929 1409 101

421 1449 462 1492 εἰ
487 1445 546 1503 μή
579 1445 637 1490 σύ
666 1444 800 1502 χηνὸς
829 1439 951 1502 ἧπαρ
982 1442 1010 1501 ἢ
1040 1443 1192 1500 ψυχὴν
1223 1446 1346 1501 ἔχεις.

214 1544 442 1584 Athenaeus
473 1545 511 1593 9,
535 1542 647 1582 3840
676 1540 844 1592 χηνείων
875 1537 915 1580 δ’
939 1536 1127 1590 ἡπάτων.
1146 1571 1155 1580 .
1175 1537 1433 1591 ,μνημονεύει
1454 1536 1665 1590 Εὔβουλος

102 1599 146 1640 ἐν
177 1596 504 1650 Στεφανοπώλισι
534 1596 659 1650 λέγων
687 1595 813 1645 οὕτως
844 1600 924 1638 κτλ.
957 1594 1137 1651 (εὔπολις
1170 1595 1212 1636 ἐν
1243 1592 1570 1646 στεφανοπώλησι
1592 1592 1662 1648 A).

847 1708 925 1751 102

439 1789 674 1845 Αἰγυπτίῳ
703 1787 902 1842 ψάγδανι
931 1786 1028 1843 τρὶς
1057 1786 1306 1842 λελουμένη

219 1886 447 1925 Athenaeus
471 1884 660 1935 15‚690e
678 1880 888 1934 Εὔβουλος
919 1877 958 1918 δ’
983 1878 1027 1919 ἐν
1047 1876 1406 1929 Στεφανοπώλισιν
1436 1882 1517 1918 κτλ.
1593 1886 1668 1926 ψα-

101 1941 222 1994 γδανι
253 1943 338 1982 sine
369 1955 449 1981 acc.
484 1943 531 1981 A.
581 1940 631 1979 ef.
661 1940 805 1990 Eupol.
841 1940 934 1978 198.
985 1937 1189 1987 Aristoph.
1219 1938 1269 1979 fr.
1293 1938 1387 1976 206.
1439 1937 1594 1986 Epilyo.
1632 1940 1668 1973 1.

843 2049 924 2091 103

356 2128 534 2186 εὔχρων
563 2145 605 2173 τι
636 2126 808 2184 κιλλόν,
839 2126 1110 2184 μανθάνεις,
1141 2128 1404 2181 θερίστριον

218 2226 432 2265 Herodian.
466 2225 659 2272 1158‚3.
692 2223 732 2262 II
756 2225 883 2273 101‚9
915 2223 1053 2261 Lentz.
1085 2219 1131 2259 τὰ
1162 2221 1217 2267 εἰς
1248 2223 1313 2267 λος
1345 2218 1460 2273 ἑτέρῳ
1491 2221 1511 2256 λ
1542 2233 1668 2270 παρα-

105 2280 325 2335 ληγόμενα,
356 2275 407 2320 οὗ
437 2279 479 2320 τὸ
509 2295 533 2319 α
563 2278 616 2331 μὴ
646 2282 889 2331 προηγεῖται,
919 2274 1118 2326 ὀξύνεται·
1151 2276 1303 2327 κιλλός,
1335 2271 1437 2324 εἶδος
1469 2272 1670 2327 χρώματος

107 2335 340 2392 (eselsqrau)
363 2336 406 2376 ἐν
427 2335 781 2393 Στεφανοπώλισιν
801 2330 1016 2388 Εὐβούλου
1045 2337 1126 2372 κτλ.
1178 2336 1226 2373 de
1247 2333 1459 2387 θεριστρίῳ
1480 2334 1668 2372 Valcken.

109 2397 275 2435 Theoer.
307 2396 500 2434 Adoniaz.
530 2408 571 2445 p.
596 2394 709 2434 3680
736 2393 907 2432 conferri
938 2392 1050 2430 iubet
1079 2391 1317 2431 Meinekius.
1370 2391 1417 2430 de
1446 2388 1670 2441 μανθάνεις

104 2454 155 2492 of.
186 2465 286 2503 quae
316 2452 595 2491 adnotavimus
625 2451 672 2489 ad
706 2450 828 2488 Arist.
861 2449 967 2487 Nub.
1000 2449 1094 2487 355.
1137 2449 1212 2487 Av.
1247 2449 1368 2487 1003.

844 2558 925 2600 104

426 2632 461 2682 ὦ
492 2640 641 2694 μάκαρ
671 2636 769 2693 ἥτις
798 2635 948 2692 ἔχουσ’
974 2638 1025 2681 ἐν
1057 2638 1264 2693 δωματίῳ

434 2741 443 2750 .
519 2741 528 2749 .
596 2704 845 2759 στρούθιον
876 2702 1187 2761 ἀεροφόρητον

428 2773 701 2817 λεπτότατον
733 2771 836 2828 περὶ
866 2775 993 2828 σῶμα
1025 2773 1292 2815 συνίλλεταί
1317 2786 1363 2813 τε

427 2840 713 2897 ἡδυπότατον
744 2842 848 2898 περὶ
877 2842 1081 2897 νυμφίον
1112 2837 1295 2894 εὔτριχα
