1806 3216
188 185 272 225 526
821 181 1118 215 ΦΙΛΗΜοΝοΣ

927 282 1008 324 164

432 360 489 416 μὴ
526 359 618 415 λέγ’
642 359 707 403 ὅτι
738 360 915 410 δεόσεις·
948 358 1004 402 οὐ
1035 360 1195 403 δίδωσι
1224 359 1312 415 γὰρ
1344 357 1367 402 ὁ
1398 359 1558 415 λέγων,

435 427 510 470 καὶ
540 427 621 483 τὴν
651 426 906 485 ἄπ’-ἄλλων
938 428 1216 482 ἐμποδίζεται
1248 427 1390 471 δόσιν.

303 522 486 572 Compar.
518 523 624 561 Men.
657 524 697 560 et
727 522 830 560 Phil.
864 536 902 572 p.
927 523 1021 561 316.
1083 556 1086 559 Δ
1114 525 1148 562 1.
1178 518 1257 573 λέγ’
1281 520 1343 560 ὅτι
1363 543 1419 550 -
1438 519 1513 573 γὰρ
1544 519 1565 561 ὁ
1596 524 1737 576 Mein]

190 576 274 629 λέγε
306 578 415 615 τί-
435 576 522 629 γὰρ.
626 575 672 617 οὐ
705 577 862 631 δίδωσι]
893 575 966 617 οὐκ
996 575 1225 629 ὀνίνησιῬ
1326 580 1365 617 2.
1398 575 1472 617 ’ὑπ’
1494 578 1627 618 ἄλλων
1657 582 1742 620 sine

189 636 270 673 ulla
299 637 537 674 neeessitate
570 636 771 677 Herwerd.
803 634 899 675 Obs.
930 636 1019 675 crit.
1042 637 1109 675 85.

926 746 1006 788 165

460 825 679 880 μηδέποτε
708 825 890 880 μέμφου
919 823 1002 880 τὴν
1032 821 1187 880 τύχῒγν,
1221 823 1349 874 εἰδώς
1379 823 1446 866 ὅτι

458 894 599 948 καιρῷ
630 894 814 949 πονηρῷ
843 891 917 934 καὶ
948 890 1001 934 τὰ
1030 897 1135 935 θεῖα
1168 893 1394 947 δυστυχεῖ.

305 987 492 1037 Compar.
524 988 629 1026 Men.
660 990 701 1027 et
730 988 834 1027 Phil.
863 1002 901 1038 p.
925 989 1019 1026 357.

928 1097 1009 1140 166

461 1178 504 1219 τί
535 1177 660 1220 ἐστιν
689 1174 713 1220 ὁ
742 1175 851 1226 θεὸς
881 1174 935 1219 οὐ
964 1176 1090 1219 θέλει
1121 1187 1172 1218 σε
1201 1175 1476 1231 μανθάνειν·

461 1243 638 1300 ἀσεβεῖς
667 1240 745 1286 τὸν
777 1239 831 1286 οὐ
861 1246 1055 1286 θέλοντα
1085 1245 1342 1299 μανθάνειν
1372 1244 1536 1287 θέλων.

304 1338 487 1389 Compar.
520 1340 623 1378 Men.
655 1341 696 1377 et
724 1339 829 1380 Phil.
860 1353 898 1389 p.
932 1340 1028 1378 359.
1092 1353 1128 1377 v.
1163 1340 1184 1376 1
1219 1338 1416 1377 Stobaeus
1445 1338 1530 1380 Ecl.
1562 1340 1670 1389 2,1‚
1692 1341 1749 1379 50

189 1395 388 1436 Wachsm.
440 1397 490 1435 cf.
525 1397 617 1434 118.
707 1397 743 1434 1.
777 1396 834 1434 sio
864 1395 973 1435 Stob.
1013 1394 1071 1441 τίς
1092 1418 1147 1422 -
1167 1390 1214 1432 οὐ
1245 1392 1366 1447 θέλῃς
1398 1387 1448 1432 σύ
1479 1394 1661 1445 Compar.
1693 1419 1748 1424 —

187 1451 400 1491 Philistion
430 1452 665 1493 Boissonad.
698 1453 848 1491 Aneed.
878 1452 898 1490 I
932 1453 1010 1491 148
1049 1448 1095 1490 οὐ
1131 1449 1207 1503 γὰρ
1243 1448 1349 1490 θέλω
1379 1463 1421 1500 σε
1459 1448 1685 1502 μανθάνειν
1713 1452 1751 1491 τί

188 1505 238 1558 δὴ
268 1504 378 1555 θεός.

934 1563 1012 1605 167

507 1641 704 1696 πονηρὸς
734 1637 791 1683 ἂν
821 1633 850 1697 ᾖ
882 1641 1068 1695 δοῦλος,
1101 1638 1281 1696 εὑρήσει
1311 1640 1465 1696 δίκην·

508 1707 565 1751 σύ
595 1707 653 1764 μή
685 1712 884 1765 γενηθῄς
913 1712 991 1764 τῆς
1021 1710 1148 1764 δίκης
1176 1708 1433 1764 προηγέτης.

306 1803 490 1853 Compar.
515 1804 621 1842 Men.
654 1806 696 1842 et
725 1804 826 1843 Phil.
859 1816 898 1853 p.
923 1805 1016 1843 360.
1110 1806 1143 1840 l.
1176 1796 1448 1855 ᾗ-εὑρήσει
1478 1801 1612 1855 Grot.]
1644 1802 1747 1842 εἷ-

191 1855 354 1912 εὑρήσῃ.
403 1857 578 1910 πονηρὸς
609 1856 662 1898 ἂν
691 1857 719 1910 ἢ
748 1860 887 1906 δοῦλος
918 1856 1082 1913 εὑρίσκῃ
1114 1860 1237 1899 C.Fr.
1256 1859 1474 1899 Hermann.
1498 1861 1599 1899 Mus.
1622 1860 1745 1900 Rhen.

189 1915 225 1952 V
245 1918 339 1955 609.
417 1918 455 1955 2.
488 1914 538 1955 σύ
560 1913 603 1955 δὲ
622 1914 676 1968 μὴ
699 1917 809 1957 Θτοῂ.
857 1917 1082 1956 confirmari
1111 1917 1336 1955 criticorum
1368 1917 1614 1956 coniecturas
1642 1917 1746 1957 libro

191 1972 374 2012 Parisino
407 1974 505 2013 dicit
534 1974 585 2012 H.
608 1974 740 2013 Iacobi
770 1974 887 2015 Mein.
919 1974 978 2013 ed.
1009 1974 1105 2012 min.
1137 1986 1216 2011 mx.

924 2083 1003 2126 168

450 2160 570 2205 ἅπαν
601 2163 841 2218 διδόμενον
872 2163 1036 2216 δῶρον,
1070 2162 1110 2203 εἰ
1137 2161 1211 2203 καὶ
1241 2159 1404 2215 μικρὸν
1434 2155 1485 2217 ᾗ,

448 2229 659 2285 μέγιστόν
691 2231 785 2274 ἐστι
815 2229 911 2286 μετ’
935 2228 1112 2280 εὐνοίας
1142 2228 1397 2284 διδόμενον.

300 2324 483 2374 Compar.
517 2325 619 2363 Men.
655 2327 696 2363 et
723 2325 826 2364 Phil.
858 2339 896 2375 p.
923 2326 1016 2364 360.
1099 2326 1133 2364 1.
1164 2320 1219 2375 εἰ]
1250 2319 1305 2361 ἂν
1334 2295 1465 2363 Meni..
1549 2324 1588 2362 2.
1621 2320 1743 2374 ἔστιν,

186 2376 239 2419 ἂν
268 2376 355 2431 μετ’
378 2376 536 2427 εὐνοίας
557 2380 676 2435 διδῷς
699 2382 875 2422 Grotius.
917 2379 1112 2433 μέγιστον,
1144 2375 1197 2417 (ἲν
1226 2378 1345 2433 διδῷς
1375 2375 1459 2430 μετ’
1485 2376 1642 2426 εὐνοίας
1671 2377 1743 2430 μό·

188 2450 260 2476 νον
291 2437 337 2477 Ο.
367 2438 502 2478 Hense
532 2437 641 2477 Lect.
677 2439 790 2478 Stob.
826 2441 890 2478 16.

923 2537 1004 2579 169

475 2613 557 2659 ἐὰν
587 2615 702 2671 γυνὴ
735 2614 918 2670 γυναικὶ
949 2613 1047 2657 κατ’
1073 2615 1192 2656 ι’δίαν
1223 2611 1386 2669 ὁμιλεῖ,

471 2683 679 2737 μεγάλων
709 2685 863 2725 κακῶν
891 2680 1124 2738 θησαυρὸς
1155 2681 1456 2735 ἑξορύσσεται.

302 2777 484 2827 Compar.
516 2778 621 2816 Men.
652 2780 694 2816 et
722 2777 825 2816 Phil.
856 2791 895 2828 p.
920 2779 1013 2819 360.
1103 2779 1138 2816 1.
1170 2772 1320 2827 ὁμιλεῖ]
1351 2774 1455 2828 συνῇ
1484 2775 1604 2814 Mein.
1643 2776 1741 2829 λαλῇ

188 2833 235 2872 G.
259 2834 394 2873 Herm.
427 2834 529 2873 Mus.
561 2834 685 2873 Rhen.
707 2834 743 2872 V
775 2836 866 2873 611.
955 2835 992 2872 2.
1023 2830 1172 2885 μέγας
1193 2854 1247 2859 -—-
1269 2827 1506 2883 ἕξορύττεται
1535 2832 1586 2871 K.
