<?xml version="1.0" encoding="UTF-8"?>
<!DOCTYPE html PUBLIC "-//W3C//DTD XHTML 1.0 Transitional//EN"
    "http://www.w3.org/TR/xhtml1/DTD/xhtml1-transitional.dtd">
<html xmlns="http://www.w3.org/1999/xhtml" xml:lang="en" lang="en">
 <head>
  <title>
</title>
<meta http-equiv="Content-Type" content="text/html;charset=utf-8" />
  <meta name='ocr-system' content='tesseract 3.04.00' />
  <meta name='ocr-capabilities' content='ocr_page ocr_carea ocr_par ocr_line ocrx_word'/>
</head>
<body>
  <div class='ocr_page' id='page_1' title='image "./comicorumatticor02kockuoft_0395.png"; bbox 0 0 1864 3204; ppageno 0'>
   <div class='ocr_carea' id='block_1_1' title="bbox 580 178 1623 221">
    <p class='ocr_par' dir='ltr' id='par_1_1' title="bbox 580 178 1623 221">
     <span class='ocr_line' id='line_1_1' title="bbox 580 178 1623 221; baseline 0.007 -7"><span class='ocrx_word' id='word_1_1' title='bbox 580 179 798 214; x_wconf 75' lang='grc' dir='ltr'><strong>ΦΑῙΔΡΟΣ</strong></span> <span class='ocrx_word' id='word_1_2' title='bbox 822 199 865 207; x_wconf 91' lang='grc'><strong>-</strong></span> <span class='ocrx_word' id='word_1_3' title='bbox 890 178 1115 214; x_wconf 73' lang='grc' dir='ltr'><strong><em>ΦιΛοΤΣΑ</em></strong></span> <span class='ocrx_word' id='word_1_4' title='bbox 1539 178 1623 221; x_wconf 86' lang='grc'><strong><em>389</em></strong></span> 
     </span>
    </p>
   </div>
   <div class='ocr_carea' id='block_1_2' title="bbox 172 281 999 404">
    <p class='ocr_par' dir='ltr' id='par_1_2' title="bbox 172 281 999 404">
     <span class='ocr_line' id='line_1_2' title="bbox 693 281 999 316; baseline 0.003 -1"><span class='ocrx_word' id='word_1_5' title='bbox 693 281 999 316; x_wconf 78' lang='grc' dir='ltr'><strong>ΦῙΛΕΤΑῘΡΟΣ</strong></span> 
     </span>
     <span class='ocr_line' id='line_1_3' title="bbox 172 348 825 404; baseline -0.002 -13"><span class='ocrx_word' id='word_1_6' title='bbox 172 350 232 392; x_wconf 83' lang='lat' dir='ltr'><strong><em>Cf.</em></strong></span> <span class='ocrx_word' id='word_1_7' title='bbox 267 349 491 404; x_wconf 85' lang='grc' dir='ltr'><strong><em>Δημήτριος</em></strong></span> <span class='ocrx_word' id='word_1_8' title='bbox 519 348 550 403; x_wconf 75' lang='grc' dir='ltr'><strong><em>ἢ</em></strong></span> <span class='ocrx_word' id='word_1_9' title='bbox 579 348 825 403; x_wconf 78' lang='grc' dir='ltr'><strong><em>Φιλέταιρος.</em></strong></span> 
     </span>
    </p>
   </div>
   <div class='ocr_carea' id='block_1_3' title="bbox 170 474 1244 607">
    <p class='ocr_par' dir='ltr' id='par_1_3' title="bbox 170 474 1244 607">
     <span class='ocr_line' id='line_1_4' title="bbox 682 474 958 509; baseline -0.004 0"><span class='ocrx_word' id='word_1_10' title='bbox 682 478 700 499; x_wconf 74' lang='lat'>0</span> <span class='ocrx_word' id='word_1_11' title='bbox 715 474 958 509; x_wconf 83' lang='grc' dir='ltr'><strong>ΦΙΛῘΣΚΟΣ</strong></span> 
     </span>
     <span class='ocr_line' id='line_1_5' title="bbox 170 555 1244 607; baseline 0 -12"><span class='ocrx_word' id='word_1_12' title='bbox 170 555 231 595; x_wconf 78' lang='lat' dir='ltr'><strong><em>Cf.</em></strong></span> <span class='ocrx_word' id='word_1_13' title='bbox 261 569 361 607; x_wconf 79' lang='lat' dir='ltr'><strong>quae</strong></span> <span class='ocrx_word' id='word_1_14' title='bbox 390 556 440 596; x_wconf 79' lang='lat' dir='ltr'><strong><em>ad</em></strong></span> <span class='ocrx_word' id='word_1_15' title='bbox 471 555 713 607; x_wconf 81' lang='lat' dir='ltr'><strong>Antiphanis</strong></span> <span class='ocrx_word' id='word_1_16' title='bbox 743 557 961 596; x_wconf 78' lang='lat' dir='ltr'><em>Philiscum</em></span> <span class='ocrx_word' id='word_1_17' title='bbox 991 556 1244 596; x_wconf 74' lang='lat' dir='ltr'><strong>adnotantur.</strong></span> 
     </span>
    </p>
   </div>
   <div class='ocr_carea' id='block_1_4' title="bbox 257 643 1463 960">
    <p class='ocr_par' dir='ltr' id='par_1_4' title="bbox 257 643 1463 960">
     <span class='ocr_line' id='line_1_6' title="bbox 790 643 875 687; baseline 0.024 -2"><span class='ocrx_word' id='word_1_18' title='bbox 790 643 875 687; x_wconf 84' lang='lat'><strong><em>250</em></strong></span> 
     </span>
     <span class='ocr_line' id='line_1_7' title="bbox 1124 697 1306 754; baseline 0 -11"><span class='ocrx_word' id='word_1_19' title='bbox 1124 697 1306 754; x_wconf 79' lang='grc' dir='ltr'><strong><em>άρτεόν</em></strong></span> 
     </span>
     <span class='ocr_line' id='line_1_8' title="bbox 258 766 1368 824; baseline 0.002 -14"><span class='ocrx_word' id='word_1_20' title='bbox 258 768 496 823; x_wconf 79' lang='grc' dir='ltr'><strong><em>τράπεζαν,</em></strong></span> <span class='ocrx_word' id='word_1_21' title='bbox 527 766 839 821; x_wconf 77' lang='grc' dir='ltr'><strong><em>ἀπονίψασθαι</em></strong></span> <span class='ocrx_word' id='word_1_22' title='bbox 869 768 1043 824; x_wconf 79' lang='grc' dir='ltr'><em>δοτέον,</em></span> <span class='ocrx_word' id='word_1_23' title='bbox 1075 768 1368 824; x_wconf 79' lang='grc' dir='ltr'><em>προσοιστέος</em></span> 
     </span>
     <span class='ocr_line' id='line_1_9' title="bbox 259 835 1463 893; baseline 0.002 -15"><span class='ocrx_word' id='word_1_24' title='bbox 259 835 503 892; x_wconf 80' lang='grc' dir='ltr'><strong><em>στέφανος,</em></strong></span> <span class='ocrx_word' id='word_1_25' title='bbox 532 835 697 892; x_wconf 46' lang='grc' dir='ltr'><strong><em>μύρονρ</em></strong></span> <span class='ocrx_word' id='word_1_26' title='bbox 728 835 926 892; x_wconf 86' lang='grc' dir='ltr'><strong><em>σπονδή,</em></strong></span> <span class='ocrx_word' id='word_1_27' title='bbox 958 837 1228 892; x_wconf 86' lang='grc' dir='ltr'><strong><em>λιβανωτός,</em></strong></span> <span class='ocrx_word' id='word_1_28' title='bbox 1262 836 1463 893; x_wconf 79' lang='grc' dir='ltr'><strong><em>ἐσχαρίς,</em></strong></span> 
     </span>
     <span class='ocr_line' id='line_1_10' title="bbox 257 903 1287 960; baseline 0.001 -13"><span class='ocrx_word' id='word_1_29' title='bbox 257 903 459 960; x_wconf 80' lang='grc' dir='ltr'><strong><em>τράγημα</em></strong></span> <span class='ocrx_word' id='word_1_30' title='bbox 490 904 647 948; x_wconf 79' lang='grc' dir='ltr'><em>δοτέον</em></span> <span class='ocrx_word' id='word_1_31' title='bbox 677 906 765 960; x_wconf 84' lang='grc' dir='ltr'><strong><em>ἔτι,</em></strong></span> <span class='ocrx_word' id='word_1_32' title='bbox 797 907 1080 956; x_wconf 84' lang='grc' dir='ltr'><strong><em>πλακοῦντος</em></strong></span> <span class='ocrx_word' id='word_1_33' title='bbox 1109 903 1287 950; x_wconf 81' lang='grc' dir='ltr'><strong><em>ἁπτέον.</em></strong></span> 
     </span>
    </p>
   </div>
   <div class='ocr_carea' id='block_1_5' title="bbox 51 992 1620 1168">
    <p class='ocr_par' dir='ltr' id='par_1_5' title="bbox 51 992 1620 1168">
     <span class='ocr_line' id='line_1_11' title="bbox 168 992 1620 1054; baseline 0.001 -16"><span class='ocrx_word' id='word_1_34' title='bbox 168 998 399 1038; x_wconf 78' lang='lat' dir='ltr'><strong>Athenaeus</strong></span> <span class='ocrx_word' id='word_1_35' title='bbox 432 999 504 1050; x_wconf 87' lang='lat'><strong><em>14,</em></strong></span> <span class='ocrx_word' id='word_1_36' title='bbox 528 999 644 1038; x_wconf 70' lang='lat'>6421*</span> <span class='ocrx_word' id='word_1_37' title='bbox 669 992 818 1047; x_wconf 73' lang='grc' dir='ltr'><strong><em>’Ἄλεξις</em></strong></span> <span class='ocrx_word' id='word_1_38' title='bbox 855 998 1033 1054; x_wconf 76' lang='grc' dir='ltr'><strong><em>Φιλίσκῳ</em></strong></span> <span class='ocrx_word' id='word_1_39' title='bbox 1069 1002 1151 1040; x_wconf 87' lang='grc' dir='ltr'><strong><em>κτλ.</em></strong></span> <span class='ocrx_word' id='word_1_40' title='bbox 1249 1002 1289 1041; x_wconf 91' lang='grc'><strong><em>2.</em></strong></span> <span class='ocrx_word' id='word_1_41' title='bbox 1328 997 1620 1051; x_wconf 72' lang='grc' dir='ltr'><strong><em>ἀπονίψασθαι</em></strong></span> 
     </span>
     <span class='ocr_line' id='line_1_12' title="bbox 54 1049 1617 1109; baseline 0.003 -16"><span class='ocrx_word' id='word_1_42' title='bbox 54 1050 111 1108; x_wconf 85' lang='grc' dir='ltr'><strong><em>Α]</em></strong></span> <span class='ocrx_word' id='word_1_43' title='bbox 141 1049 340 1105; x_wconf 75' lang='grc' dir='ltr'><strong><em>ἀπονίψαι</em></strong></span> <span class='ocrx_word' id='word_1_44' title='bbox 369 1055 533 1096; x_wconf 82' lang='lat' dir='ltr'>Porson.</span> <span class='ocrx_word' id='word_1_45' title='bbox 613 1055 749 1095; x_wconf 84' lang='grc' dir='ltr'><strong><em>δοτεον</em></strong></span> <span class='ocrx_word' id='word_1_46' title='bbox 769 1057 819 1095; x_wconf 89' lang='grc' dir='ltr'><strong><em>Α.</em></strong></span> <span class='ocrx_word' id='word_1_47' title='bbox 851 1051 969 1109; x_wconf 80' lang='grc' dir='ltr'><strong><em>άρτέα</em></strong></span> <span class='ocrx_word' id='word_1_48' title='bbox 994 1055 1001 1109; x_wconf 82' lang='grc' dir='ltr'>Ι</span> <span class='ocrx_word' id='word_1_49' title='bbox 1028 1053 1203 1109; x_wconf 80' lang='grc' dir='ltr'><strong><em>τράπεζ’,</em></strong></span> <span class='ocrx_word' id='word_1_50' title='bbox 1233 1051 1521 1107; x_wconf 72' lang='grc' dir='ltr'><strong><em>ἀπονίψασθαι</em></strong></span> <span class='ocrx_word' id='word_1_51' title='bbox 1550 1057 1617 1097; x_wconf 86' lang='grc' dir='ltr'><strong><em>δο-</em></strong></span> 
     </span>
     <span class='ocr_line' id='line_1_13' title="bbox 51 1108 1614 1168; baseline 0.004 -19"><span class='ocrx_word' id='word_1_52' title='bbox 51 1108 141 1149; x_wconf 84' lang='grc' dir='ltr'><strong><em>τέον</em></strong></span> <span class='ocrx_word' id='word_1_53' title='bbox 170 1112 287 1152; x_wconf 83' lang='lat' dir='ltr'><strong>Mein.</strong></span> <span class='ocrx_word' id='word_1_54' title='bbox 318 1113 437 1152; x_wconf 82' lang='lat' dir='ltr'><strong>Anal.</strong></span> <span class='ocrx_word' id='word_1_55' title='bbox 460 1112 556 1152; x_wconf 76' lang='lat' dir='ltr'><strong>Ath.</strong></span> <span class='ocrx_word' id='word_1_56' title='bbox 580 1114 674 1155; x_wconf 85' lang='lat'><strong>313.</strong></span> <span class='ocrx_word' id='word_1_57' title='bbox 765 1114 804 1153; x_wconf 91' lang='grc'><strong><em>3.</em></strong></span> <span class='ocrx_word' id='word_1_58' title='bbox 837 1110 994 1165; x_wconf 82' lang='grc' dir='ltr'><strong><em>ε’σχαρις</em></strong></span> <span class='ocrx_word' id='word_1_59' title='bbox 1025 1114 1074 1154; x_wconf 92' lang='lat' dir='ltr'><strong><em>A.</em></strong></span> <span class='ocrx_word' id='word_1_60' title='bbox 1149 1116 1187 1155; x_wconf 90' lang='grc'><strong><em>4.</em></strong></span> <span class='ocrx_word' id='word_1_61' title='bbox 1220 1113 1400 1167; x_wconf 78' lang='grc' dir='ltr'><strong><em>τράγημα</em></strong></span> <span class='ocrx_word' id='word_1_62' title='bbox 1430 1113 1614 1168; x_wconf 68' lang='lat' dir='ltr'><strong>Persem]</strong></span> 
     </span>
    </p>
   </div>
   <div class='ocr_carea' id='block_1_6' title="bbox 55 1165 1120 1284">
    <p class='ocr_par' dir='ltr' id='par_1_6' title="bbox 55 1165 1120 1284">
     <span class='ocr_line' id='line_1_14' title="bbox 55 1165 359 1219; baseline 0.007 -13"><span class='ocrx_word' id='word_1_63' title='bbox 55 1165 279 1219; x_wconf 79' lang='grc' dir='ltr'><strong><em>τραγήματα</em></strong></span> <span class='ocrx_word' id='word_1_64' title='bbox 309 1170 359 1208; x_wconf 89' lang='grc' dir='ltr'><strong><em>Α.</em></strong></span> 
     </span>
     <span class='ocr_line' id='line_1_15' title="bbox 544 1247 1120 1284; baseline 0.003 -2"><span class='ocrx_word' id='word_1_65' title='bbox 544 1247 842 1283; x_wconf 80' lang='grc' dir='ltr'><strong>ΦΙΛΟΚΑΑΟΣ</strong></span> <span class='ocrx_word' id='word_1_66' title='bbox 866 1250 901 1282; x_wconf 86' lang='grc' dir='ltr'><strong>Η</strong></span> <span class='ocrx_word' id='word_1_67' title='bbox 924 1249 1120 1284; x_wconf 83' lang='grc' dir='ltr'><strong>ΝΤΜΦΑΙ</strong></span> 
     </span>
    </p>
   </div>
   <div class='ocr_carea' id='block_1_7' title="bbox 795 1315 876 1359">
    <p class='ocr_par' dir='ltr' id='par_1_7' title="bbox 795 1315 876 1359">
     <span class='ocr_line' id='line_1_16' title="bbox 795 1315 876 1359; baseline -0.012 0"><span class='ocrx_word' id='word_1_68' title='bbox 795 1315 876 1359; x_wconf 81' lang='grc'><strong><em>251</em></strong></span> 
     </span>
    </p>
   </div>
   <div class='ocr_carea' id='block_1_8' title="bbox 322 1394 1353 1588">
    <p class='ocr_par' dir='ltr' id='par_1_8' title="bbox 322 1394 1353 1588">
     <span class='ocr_line' id='line_1_17' title="bbox 632 1394 1285 1447; baseline 0.005 -10"><span class='ocrx_word' id='word_1_69' title='bbox 632 1395 873 1438; x_wconf 79' lang='grc' dir='ltr'><strong><em>κατάκεισο</em></strong></span> <span class='ocrx_word' id='word_1_70' title='bbox 904 1394 1118 1447; x_wconf 78' lang='grc' dir='ltr'><strong><em>κάκείνας</em></strong></span> <span class='ocrx_word' id='word_1_71' title='bbox 1147 1397 1285 1440; x_wconf 85' lang='grc' dir='ltr'><strong><em>κάλει.</em></strong></span> 
     </span>
     <span class='ocr_line' id='line_1_18' title="bbox 322 1458 1331 1518; baseline 0.004 -14"><span class='ocrx_word' id='word_1_72' title='bbox 322 1462 642 1518; x_wconf 75' lang='grc' dir='ltr'><strong><em>συναγώγιμον</em></strong></span> <span class='ocrx_word' id='word_1_73' title='bbox 670 1465 883 1518; x_wconf 76' lang='grc' dir='ltr'><strong><em>ποιῶμεν.</em></strong></span> <span class='ocrx_word' id='word_1_74' title='bbox 944 1462 1045 1507; x_wconf 76' lang='grc' dir='ltr'><strong><em>ἀλλ’</em></strong></span> <span class='ocrx_word' id='word_1_75' title='bbox 1068 1458 1120 1508; x_wconf 86' lang='grc' dir='ltr'><strong><em>εὖ</em></strong></span> <span class='ocrx_word' id='word_1_76' title='bbox 1150 1462 1239 1508; x_wconf 70' lang='lat'><strong><em>026?</em></strong></span> <span class='ocrx_word' id='word_1_77' title='bbox 1263 1464 1331 1508; x_wconf 83' lang='grc' dir='ltr'><strong><em>ὅτι</em></strong></span> 
     </span>
     <span class='ocr_line' id='line_1_19' title="bbox 322 1528 1353 1588; baseline 0.004 -16"><span class='ocrx_word' id='word_1_78' title='bbox 322 1532 678 1587; x_wconf 81' lang='grc' dir='ltr'><strong><em>κυμινοπρίστης</em></strong></span> <span class='ocrx_word' id='word_1_79' title='bbox 708 1528 732 1573; x_wconf 84' lang='grc' dir='ltr'>ὁ</span> <span class='ocrx_word' id='word_1_80' title='bbox 760 1533 927 1588; x_wconf 85' lang='grc' dir='ltr'><em>τρόπος</em></span> <span class='ocrx_word' id='word_1_81' title='bbox 959 1533 1056 1575; x_wconf 81' lang='grc' dir='ltr'><strong><em>ἐστί</em></strong></span> <span class='ocrx_word' id='word_1_82' title='bbox 1084 1544 1170 1576; x_wconf 90' lang='grc' dir='ltr'><strong><em>σου</em></strong></span> <span class='ocrx_word' id='word_1_83' title='bbox 1200 1534 1353 1576; x_wconf 86' lang='grc' dir='ltr'><strong><em>πάλαι.</em></strong></span> 
     </span>
    </p>
   </div>
   <div class='ocr_carea' id='block_1_9' title="bbox 45 1623 1614 1905">
    <p class='ocr_par' dir='ltr' id='par_1_9' title="bbox 45 1623 1614 1905">
     <span class='ocr_line' id='line_1_20' title="bbox 162 1623 1614 1680; baseline 0.004 -17"><span class='ocrx_word' id='word_1_84' title='bbox 162 1624 394 1664; x_wconf 75' lang='lat' dir='ltr'><strong>Athenaeus</strong></span> <span class='ocrx_word' id='word_1_85' title='bbox 415 1625 453 1675; x_wconf 90' lang='lat'><strong><em>8,</em></strong></span> <span class='ocrx_word' id='word_1_86' title='bbox 464 1625 581 1664; x_wconf 69' lang='lat'><strong>3651)</strong></span> <span class='ocrx_word' id='word_1_87' title='bbox 612 1627 780 1664; x_wconf 82' lang='grc' dir='ltr'><strong><em>καλοῦσι</em></strong></span> <span class='ocrx_word' id='word_1_88' title='bbox 809 1623 854 1664; x_wconf 84' lang='grc' dir='ltr'><strong><em>δέ</em></strong></span> <span class='ocrx_word' id='word_1_89' title='bbox 883 1640 971 1665; x_wconf 89' lang='grc' dir='ltr'><strong><em>τινα</em></strong></span> <span class='ocrx_word' id='word_1_90' title='bbox 1002 1625 1069 1666; x_wconf 80' lang='grc' dir='ltr'><strong><em>καὶ</em></strong></span> <span class='ocrx_word' id='word_1_91' title='bbox 1091 1626 1348 1680; x_wconf 78' lang='grc' dir='ltr'><strong><em>συναγώγιμα</em></strong></span> <span class='ocrx_word' id='word_1_92' title='bbox 1370 1627 1527 1680; x_wconf 82' lang='grc' dir='ltr'><strong><em>δεῖπνα,</em></strong></span> <span class='ocrx_word' id='word_1_93' title='bbox 1559 1625 1614 1678; x_wconf 78' lang='grc' dir='ltr'><strong><em>ὥς</em></strong></span> 
     </span>
     <span class='ocr_line' id='line_1_21' title="bbox 45 1677 1612 1739; baseline 0.006 -21"><span class='ocrx_word' id='word_1_94' title='bbox 45 1678 195 1727; x_wconf 80' lang='grc' dir='ltr'><strong><em>’Ἀλεξις</em></strong></span> <span class='ocrx_word' id='word_1_95' title='bbox 227 1678 272 1719; x_wconf 75' lang='grc' dir='ltr'><strong><em>ἐν</em></strong></span> <span class='ocrx_word' id='word_1_96' title='bbox 299 1680 504 1736; x_wconf 77' lang='grc' dir='ltr'><strong><em>Φιλοκάλῳ</em></strong></span> <span class='ocrx_word' id='word_1_97' title='bbox 533 1677 563 1731; x_wconf 75' lang='grc' dir='ltr'><em>ἢ</em></span> <span class='ocrx_word' id='word_1_98' title='bbox 592 1680 791 1734; x_wconf 84' lang='grc' dir='ltr'><strong><em>Νύμφαις</em></strong></span> <span class='ocrx_word' id='word_1_99' title='bbox 820 1685 899 1724; x_wconf 87' lang='grc' dir='ltr'><strong><em>κτλ.</em></strong></span> <span class='ocrx_word' id='word_1_100' title='bbox 949 1685 998 1724; x_wconf 84' lang='lat' dir='ltr'><strong><em>cf.</em></strong></span> <span class='ocrx_word' id='word_1_101' title='bbox 1028 1685 1235 1736; x_wconf 85' lang='lat' dir='ltr'>Posidipp.</span> <span class='ocrx_word' id='word_1_102' title='bbox 1267 1687 1320 1725; x_wconf 86' lang='lat'><strong><em>26</em></strong></span> <span class='ocrx_word' id='word_1_103' title='bbox 1351 1682 1426 1739; x_wconf 85' lang='lat'><strong><em>(24</em></strong></span> <span class='ocrx_word' id='word_1_104' title='bbox 1458 1685 1612 1739; x_wconf 87' lang='lat' dir='ltr'><strong>Mein.)‚</strong></span> 
     </span>
     <span class='ocr_line' id='line_1_22' title="bbox 55 1738 1612 1794; baseline 0.005 -19"><span class='ocrx_word' id='word_1_105' title='bbox 55 1738 104 1776; x_wconf 86' lang='lat'><strong><em>12</em></strong></span> <span class='ocrx_word' id='word_1_106' title='bbox 135 1740 178 1777; x_wconf 82' lang='lat' dir='ltr'><strong><em>et</em></strong></span> <span class='ocrx_word' id='word_1_107' title='bbox 208 1738 333 1778; x_wconf 81' lang='lat' dir='ltr'><strong>Arist.</strong></span> <span class='ocrx_word' id='word_1_108' title='bbox 355 1738 471 1789; x_wconf 80' lang='lat' dir='ltr'><strong>Vesp.</strong></span> <span class='ocrx_word' id='word_1_109' title='bbox 499 1740 617 1781; x_wconf 88' lang='grc'><strong>1357.</strong></span> <span class='ocrx_word' id='word_1_110' title='bbox 675 1739 844 1780; x_wconf 67' lang='grc' dir='ltr'><strong><em>Ατίειοίῑ.</em></strong></span> <span class='ocrx_word' id='word_1_111' title='bbox 877 1741 977 1780; x_wconf 90' lang='lat' dir='ltr'>Mor.</span> <span class='ocrx_word' id='word_1_112' title='bbox 1009 1755 1061 1781; x_wconf 92' lang='lat' dir='ltr'><strong><em>m.</em></strong></span> <span class='ocrx_word' id='word_1_113' title='bbox 1098 1744 1133 1792; x_wconf 90' lang='lat'><strong><em>1,</em></strong></span> <span class='ocrx_word' id='word_1_114' title='bbox 1157 1742 1209 1781; x_wconf 85' lang='lat'><strong><em>25</em></strong></span> <span class='ocrx_word' id='word_1_115' title='bbox 1240 1739 1321 1781; x_wconf 78' lang='grc' dir='ltr'><strong><em>ἔστι</em></strong></span> <span class='ocrx_word' id='word_1_116' title='bbox 1349 1747 1418 1794; x_wconf 85' lang='grc' dir='ltr'><strong><em>τῆς</em></strong></span> <span class='ocrx_word' id='word_1_117' title='bbox 1449 1740 1612 1784; x_wconf 78' lang='grc' dir='ltr'><strong><em>ἀνελευ-</em></strong></span> 
     </span>
     <span class='ocr_line' id='line_1_23' title="bbox 49 1790 1611 1852; baseline 0.005 -20"><span class='ocrx_word' id='word_1_118' title='bbox 49 1791 279 1844; x_wconf 81' lang='grc' dir='ltr'><strong><em>θεριότητος</em></strong></span> <span class='ocrx_word' id='word_1_119' title='bbox 310 1793 399 1846; x_wconf 84' lang='grc' dir='ltr'><em>εἴδη</em></span> <span class='ocrx_word' id='word_1_120' title='bbox 428 1794 572 1845; x_wconf 79' lang='grc' dir='ltr'><strong><em>πλείω,</em></strong></span> <span class='ocrx_word' id='word_1_121' title='bbox 602 1790 689 1835; x_wconf 81' lang='grc' dir='ltr'><em>οἷον</em></span> <span class='ocrx_word' id='word_1_122' title='bbox 717 1791 903 1848; x_wconf 79' lang='grc' dir='ltr'><strong><em>κίμβικάς</em></strong></span> <span class='ocrx_word' id='word_1_123' title='bbox 934 1810 1044 1844; x_wconf 88' lang='grc' dir='ltr'><strong><em>τινας</em></strong></span> <span class='ocrx_word' id='word_1_124' title='bbox 1075 1800 1276 1848; x_wconf 85' lang='grc' dir='ltr'><strong><em>καλοῦμεν</em></strong></span> <span class='ocrx_word' id='word_1_125' title='bbox 1304 1796 1371 1838; x_wconf 82' lang='grc' dir='ltr'><strong><em>καὶ</em></strong></span> <span class='ocrx_word' id='word_1_126' title='bbox 1403 1814 1611 1852; x_wconf 85' lang='grc' dir='ltr'><strong><em>κυμινο-</em></strong></span> 
     </span>
     <span class='ocr_line' id='line_1_24' title="bbox 50 1849 1587 1905; baseline 0.005 -17"><span class='ocrx_word' id='word_1_127' title='bbox 50 1850 257 1902; x_wconf 82' lang='grc' dir='ltr'><strong><em>πρίστας</em></strong></span> <span class='ocrx_word' id='word_1_128' title='bbox 287 1849 354 1890; x_wconf 75' lang='lat' dir='ltr'><strong><em>naz</em></strong></span> <span class='ocrx_word' id='word_1_129' title='bbox 383 1850 673 1905; x_wconf 81' lang='grc' dir='ltr'><strong><em>αἰσχροκερδεῖς</em></strong></span> <span class='ocrx_word' id='word_1_130' title='bbox 703 1851 769 1892; x_wconf 83' lang='grc' dir='ltr'><strong><em>καὶ</em></strong></span> <span class='ocrx_word' id='word_1_131' title='bbox 796 1851 1067 1905; x_wconf 82' lang='grc' dir='ltr'><strong><em>μικρολόγους.</em></strong></span> <span class='ocrx_word' id='word_1_132' title='bbox 1585 1859 1587 1861; x_wconf 73' lang='grc'>’</span> 
     </span>
    </p>
   </div>
   <div class='ocr_carea' id='block_1_10' title="bbox 629 1976 1037 2012">
    <p class='ocr_par' dir='ltr' id='par_1_10' title="bbox 629 1976 1037 2012">
     <span class='ocr_line' id='line_1_25' title="bbox 629 1976 1037 2012; baseline 0.005 -2"><span class='ocrx_word' id='word_1_133' title='bbox 629 1976 1037 2012; x_wconf 80' lang='grc' dir='ltr'><strong>ΦΙΛΟΤΡΑΓΩΙΔΟΣ</strong></span> 
     </span>
    </p>
   </div>
   <div class='ocr_carea' id='block_1_11' title="bbox 270 2055 1391 2194">
    <p class='ocr_par' dir='ltr' id='par_1_11' title="bbox 270 2055 1391 2194">
     <span class='ocr_line' id='line_1_26' title="bbox 789 2055 875 2098; baseline 0 -1"><span class='ocrx_word' id='word_1_134' title='bbox 789 2055 875 2098; x_wconf 85' lang='grc'><strong><em>252</em></strong></span> 
     </span>
     <span class='ocr_line' id='line_1_27' title="bbox 270 2116 1391 2194; baseline 0.007 -21"><span class='ocrx_word' id='word_1_135' title='bbox 270 2135 419 2186; x_wconf 87' lang='grc' dir='ltr'><strong><em>σοφοῦ</em></strong></span> <span class='ocrx_word' id='word_1_136' title='bbox 448 2130 536 2189; x_wconf 76' lang='grc' dir='ltr'><strong><em>γὰρ</em></strong></span> <span class='ocrx_word' id='word_1_137' title='bbox 566 2132 735 2189; x_wconf 81' lang='grc' dir='ltr'><strong><em>ἀνδρὸς</em></strong></span> <span class='ocrx_word' id='word_1_138' title='bbox 764 2133 842 2186; x_wconf 81' lang='grc' dir='ltr'><strong><em>τὰς</em></strong></span> <span class='ocrx_word' id='word_1_139' title='bbox 871 2116 1017 2191; x_wconf 44' lang='grc' dir='ltr'><strong><em>τύχας.</em></strong></span> <span class='ocrx_word' id='word_1_140' title='bbox 1038 2134 1188 2192; x_wconf 76' lang='grc' dir='ltr'><strong><em>ὀρθῶς</em></strong></span> <span class='ocrx_word' id='word_1_141' title='bbox 1218 2136 1391 2194; x_wconf 83' lang='grc' dir='ltr'><strong><em>φέρειν.</em></strong></span> 
     </span>
    </p>
   </div>
   <div class='ocr_carea' id='block_1_12' title="bbox 49 2224 1602 2331">
    <p class='ocr_par' dir='ltr' id='par_1_12' title="bbox 49 2224 1602 2331">
     <span class='ocr_line' id='line_1_28' title="bbox 162 2224 1602 2286; baseline 0.006 -22"><span class='ocrx_word' id='word_1_142' title='bbox 162 2224 356 2265; x_wconf 77' lang='lat' dir='ltr'><strong>Stobaeus</strong></span> <span class='ocrx_word' id='word_1_143' title='bbox 384 2226 524 2267; x_wconf 83' lang='lat' dir='ltr'><strong>Floril.</strong></span> <span class='ocrx_word' id='word_1_144' title='bbox 556 2229 655 2277; x_wconf 88' lang='lat'>108,</span> <span class='ocrx_word' id='word_1_145' title='bbox 678 2230 730 2268; x_wconf 86' lang='lat'><strong><em>52</em></strong></span> <span class='ocrx_word' id='word_1_146' title='bbox 764 2225 956 2277; x_wconf 82' lang='grc' dir='ltr'><strong><em>Ἀλέξιδος</em></strong></span> <span class='ocrx_word' id='word_1_147' title='bbox 987 2227 1031 2269; x_wconf 79' lang='grc' dir='ltr'><strong><em>ἐκ</em></strong></span> <span class='ocrx_word' id='word_1_148' title='bbox 1063 2231 1369 2285; x_wconf 77' lang='grc' dir='ltr'><strong><em>Φιλοτραγῳδοῦ</em></strong></span> <span class='ocrx_word' id='word_1_149' title='bbox 1399 2233 1448 2271; x_wconf 85' lang='grc' dir='ltr'><strong><em>Α.</em></strong></span> <span class='ocrx_word' id='word_1_150' title='bbox 1537 2229 1602 2286; x_wconf 84' lang='grc' dir='ltr'><strong><em>ὀρ-</em></strong></span> 
     </span>
     <span class='ocr_line' id='line_1_29' title="bbox 49 2274 599 2331; baseline 0.009 -13"><span class='ocrx_word' id='word_1_151' title='bbox 49 2278 155 2331; x_wconf 75' lang='grc' dir='ltr'><strong><em>θῶς]</em></strong></span> <span class='ocrx_word' id='word_1_152' title='bbox 188 2274 234 2319; x_wconf 84' lang='grc' dir='ltr'><strong><em>εὖ</em></strong></span> <span class='ocrx_word' id='word_1_153' title='bbox 263 2281 436 2322; x_wconf 83' lang='lat' dir='ltr'>vindob.</span> <span class='ocrx_word' id='word_1_154' title='bbox 469 2283 599 2324; x_wconf 84' lang='lat' dir='ltr'>Trinc.</span> 
     </span>
    </p>
   </div>
   <div class='ocr_carea' id='block_1_13' title="bbox 716 2378 1344 2441">
    <p class='ocr_par' dir='ltr' id='par_1_13' title="bbox 716 2378 1344 2441">
     <span class='ocr_line' id='line_1_30' title="bbox 716 2378 1344 2441; baseline 0.002 0"><span class='ocrx_word' id='word_1_155' title='bbox 716 2407 941 2441; x_wconf 72' lang='lat' dir='ltr'>‹1›lesz</span> <span class='ocrx_word' id='word_1_156' title='bbox 1312 2378 1344 2412; x_wconf 66' lang='grc'><em>·</em></span> 
     </span>
    </p>
   </div>
   <div class='ocr_carea' id='block_1_14' title="bbox 300 2556 1330 2890">
    <p class='ocr_par' dir='ltr' id='par_1_14' title="bbox 345 2556 1330 2823">
     <span class='ocr_line' id='line_1_31' title="bbox 345 2556 1274 2622; baseline 0.009 -20"><span class='ocrx_word' id='word_1_157' title='bbox 345 2558 592 2616; x_wconf 81' lang='grc' dir='ltr'><strong><em>Ἀφροδίσι’</em></strong></span> <span class='ocrx_word' id='word_1_158' title='bbox 612 2556 695 2617; x_wconf 75' lang='grc' dir='ltr'><strong><em>ἦγε</em></strong></span> <span class='ocrx_word' id='word_1_159' title='bbox 724 2570 820 2614; x_wconf 82' lang='grc' dir='ltr'><strong><em>ταῖς</em></strong></span> <span class='ocrx_word' id='word_1_160' title='bbox 849 2563 1042 2621; x_wconf 82' lang='grc' dir='ltr'><strong><em>ἑταίραις</em></strong></span> <span class='ocrx_word' id='word_1_161' title='bbox 1069 2563 1096 2622; x_wconf 83' lang='grc' dir='ltr'><strong><em>ἡ</em></strong></span> <span class='ocrx_word' id='word_1_162' title='bbox 1127 2567 1274 2617; x_wconf 88' lang='grc' dir='ltr'><strong><em>πόλις·</em></strong></span> 
     </span>
     <span class='ocr_line' id='line_1_32' title="bbox 346 2628 1271 2689; baseline 0.009 -19"><span class='ocrx_word' id='word_1_163' title='bbox 346 2628 475 2684; x_wconf 79' lang='grc' dir='ltr'><strong><em>ἕτερα</em></strong></span> <span class='ocrx_word' id='word_1_164' title='bbox 506 2630 555 2672; x_wconf 77' lang='grc' dir='ltr'><strong><em>δὲ</em></strong></span> <span class='ocrx_word' id='word_1_165' title='bbox 585 2632 719 2685; x_wconf 84' lang='grc' dir='ltr'><strong><em>χωρίς</em></strong></span> <span class='ocrx_word' id='word_1_166' title='bbox 749 2631 844 2675; x_wconf 75' lang='grc' dir='ltr'><strong><em>ἐστι</em></strong></span> <span class='ocrx_word' id='word_1_167' title='bbox 871 2640 968 2683; x_wconf 75' lang='grc' dir='ltr'><strong><em>ταῖς</em></strong></span> <span class='ocrx_word' id='word_1_168' title='bbox 998 2633 1271 2689; x_wconf 80' lang='grc' dir='ltr'><strong><em>ἐλευθέραις.</em></strong></span> 
     </span>
     <span class='ocr_line' id='line_1_33' title="bbox 347 2693 1330 2756; baseline 0.008 -19"><span class='ocrx_word' id='word_1_169' title='bbox 347 2702 444 2746; x_wconf 78' lang='grc' dir='ltr'><strong><em>ταῖς</em></strong></span> <span class='ocrx_word' id='word_1_170' title='bbox 469 2693 655 2752; x_wconf 83' lang='grc' dir='ltr'><strong><em>ἡμέραις</em></strong></span> <span class='ocrx_word' id='word_1_171' title='bbox 683 2696 863 2750; x_wconf 88' lang='grc' dir='ltr'><strong><em>ταύταις</em></strong></span> <span class='ocrx_word' id='word_1_172' title='bbox 892 2701 942 2743; x_wconf 80' lang='grc' dir='ltr'><strong><em>δὲ</em></strong></span> <span class='ocrx_word' id='word_1_173' title='bbox 973 2704 1194 2756; x_wconf 81' lang='grc' dir='ltr'><strong><em>κωμάζειν</em></strong></span> <span class='ocrx_word' id='word_1_174' title='bbox 1223 2705 1330 2753; x_wconf 81' lang='grc' dir='ltr'><strong><em>ἔθος</em></strong></span> 
     </span>
     <span class='ocr_line' id='line_1_34' title="bbox 351 2764 1243 2823; baseline 0.01 -19"><span class='ocrx_word' id='word_1_175' title='bbox 351 2764 487 2816; x_wconf 81' lang='grc' dir='ltr'><strong><em>ἔστιν,</em></strong></span> <span class='ocrx_word' id='word_1_176' title='bbox 519 2764 657 2820; x_wconf 89' lang='grc' dir='ltr'><strong><em>νόμος</em></strong></span> <span class='ocrx_word' id='word_1_177' title='bbox 685 2781 733 2809; x_wconf 85' lang='grc' dir='ltr'><strong><em>τε</em></strong></span> <span class='ocrx_word' id='word_1_178' title='bbox 761 2765 839 2818; x_wconf 76' lang='grc' dir='ltr'><strong><em>τὰς</em></strong></span> <span class='ocrx_word' id='word_1_179' title='bbox 869 2767 1045 2823; x_wconf 83' lang='grc' dir='ltr'><strong><em>ἑταίρας</em></strong></span> <span class='ocrx_word' id='word_1_180' title='bbox 1076 2769 1243 2813; x_wconf 84' lang='grc' dir='ltr'><strong><em>ἐνθάδε</em></strong></span> 
     </span>
    </p>

    <p class='ocr_par' dir='ltr' id='par_1_15' title="bbox 300 2830 840 2890">
     <span class='ocr_line' id='line_1_35' title="bbox 300 2830 840 2890; baseline 0.013 -20"><span class='ocrx_word' id='word_1_181' title='bbox 300 2838 321 2870; x_wconf 82' lang='lat'>5</span> <span class='ocrx_word' id='word_1_182' title='bbox 352 2830 544 2885; x_wconf 84' lang='grc' dir='ltr'><strong><em>μεθύειν</em></strong></span> <span class='ocrx_word' id='word_1_183' title='bbox 573 2830 677 2887; x_wconf 80' lang='grc' dir='ltr'><strong><em>μεθ’</em></strong></span> <span class='ocrx_word' id='word_1_184' title='bbox 700 2831 840 2890; x_wconf 73' lang='grc' dir='ltr'><strong><em>ἡμῶν.</em></strong></span> 
     </span>
    </p>
   </div>
  </div>
 </body>
</html>
