1890 3190
193 265 197 268 ,
277 235 332 276 36
896 235 1216 269 ΑΝΤΙΦΑΝΟΤΣ

391 339 619 378 Athenaeus
650 340 687 388 3,
710 339 763 376 84
779 337 836 376 ab
873 334 933 376 ότι
967 332 1006 375 δ’
1039 335 1164 383 όντως
1202 333 1246 375 ἐκ
1284 335 1353 386 τῆς
1391 334 1476 376 α’νω
1488 332 1641 406 χώρας
1679 333 1832 388 ἐκείνης

277 392 423 446 κατέβη
459 394 515 441 εἰς
551 393 643 441 τοὺς
661 369 859 444 Έλληνας
901 391 942 431 τὸ
981 391 1110 443 φυτὸν
1145 398 1271 444 τοῦτο,
1311 391 1421 431 ἔστιν
1458 389 1588 445 εὑρεῖν
1624 389 1832 460 λεγόμενον

275 449 343 489 καὶ
373 448 479 502 παρὰ
510 453 589 497 τοῖς
619 454 687 500 τῆς
719 449 929 502 κωμῳδίας
958 453 1158 500 ποιηταῖς,
1193 449 1232 487 οἳ
1261 448 1328 488 καὶ
1357 447 1445 502 περὶ
1471 447 1665 512 μεγέθους
1694 444 1859 492 αὐτῶν,

279 523 314 546 τι
343 505 520 558 λέγοντες
557 513 651 546 τῶν
680 505 884 558 κιτρίων
913 505 1178 557 μνημονεύειν
1207 506 1431 555 φαίνονται.
1488 501 1728 574 Ἀντιφάνης
1756 501 1832 557 μὲν
1858 527 1859 531 =

278 561 320 601 ἐν
342 563 514 616 Βοιωτίῳ
534 566 614 603 κτλ.
711 566 747 602 1.
779 560 887 611 ὄψου
916 559 956 614 γ’
979 559 1140 614 ἠλίθιον
1169 562 1212 601 τὸ
1241 560 1399 615 Dindf.]
1432 556 1535 611 ὄψου
1563 558 1752 611 ἠλιθοντο
1779 563 1830 602 A.

279 623 316 659 6.
349 621 396 659 de
428 621 680 671 discriptione
710 633 968 670 personarum
998 620 1048 659 cf.
1081 620 1297 659 Hermann.
1328 619 1379 658 N.
1401 620 1490 659 Jen.
1511 620 1606 670 allg.
1628 619 1698 659 Lz.
1722 616 1851 658 1842

278 690 317 726 p.
340 677 436 715 511.
523 674 762 730 Φωσφόρον]
784 675 969 743 ’'Aorsutv
997 676 1138 739 Eriph.
1163 677 1201 724 2,
1225 678 1262 715 6.
1353 678 1390 715 7.
1421 673 1564 728 φησὶν]
1596 672 1694 726 φησὶ
1724 676 1774 715 Α.

277 729 411 784 ταῦτ’]
446 731 556 771 ταυτὶ
583 733 632 772 Α.
736 734 774 773 8.
806 728 939 784 ὀλίγον
968 729 1049 770 ἐστὶ
1078 724 1121 770 τὸ
1151 733 1276 770 καλον
1305 745 1345 771 π.
1377 732 1427 770 Α.
1516 733 1624 772 ’7-9
1645 731 1832 782 Epitome

276 788 362 841 τρία
391 784 510 840 μόνα,
541 786 674 842 ὀλίγον
703 786 783 828 ἐστὶ
812 793 1015 839 πανταχοῦ
1045 786 1087 826 τὺ
1117 786 1240 827 καλὸν
1269 786 1336 827 και
1366 787 1507 839 τίμιον.
1542 810 1593 816 -
1627 786 1757 826 ταυτί.
1785 787 1829 828 Β.
1859 806 1863 807 ’

280 860 347 883 ναι
378 844 464 897 τρία
494 847 639 897 Bergk.
671 842 811 899 (Mein.
844 846 880 883 V
911 842 1078 896 oman).

387 903 630 953 Antiphanis
662 915 799 942 versus
821 902 1026 941 Athenaeo
1052 903 1154 940 teste
1183 902 1224 940 in
1245 902 1483 941 Meliboeam
1514 901 1724 940 transtulit
1742 899 1832 940 Eri-

279 959 381 1009 phus
413 955 481 1013 (fr.
506 955 564 1013 2).
615 960 712 998 mihi
741 959 873 1009 verba,
904 970 1004 1008 quae
1035 959 1146 997 uncis
1175 959 1329 1006 inclusi,
1361 958 1522 997 aliunde
1551 958 1678 996 inlata
1695 957 1832 997 viden·

279 1018 346 1054 tur
375 1029 420 1055 ac
450 1029 499 1055 ne
526 1018 667 1065 poetae
697 1015 858 1066 quidem
886 1015 1007 1053 ullius
1028 1027 1125 1054 esse.
1189 1016 1224 1053 7.
1257 1013 1382 1064 φησίν
1411 1028 1458 1054 ex
1486 1014 1628 1064 Eriphi
1656 1013 1708 1052 fi.
1730 1015 1768 1062 7,
1799 1014 1833 1053 si

279 1073 439 1121 quidem
469 1073 542 1111 hoc
570 1073 621 1111 ad
651 1072 886 1110 Meliboeam
916 1072 1107 1121 pertinet,
1148 1071 1309 1110 videtur
1338 1071 1527 1121 explicari
1562 1082 1693 1120 posse.
1751 1073 1834 1110 tres

279 1129 385 1167 enim
417 1129 575 1170 adsunt⁴
592 1129 635 1167 in
664 1141 821 1180 scaena,
850 1140 954 1166 unus
983 1128 1051 1178 qui
1080 1127 1344 1178 Hesperidum
1367 1128 1471 1166 mala
1489 1139 1589 1177 quae
1609 1139 1727 1166 aurea
1746 1139 1832 1166 esse

276 1185 461 1224 adfirmat
491 1181 654 1239 (φησίν)
694 1187 735 1224 et
770 1187 816 1223 ut
852 1184 1012 1224 videtur
1042 1196 1116 1223 ova
1146 1197 1246 1234 quae
1274 1185 1408 1223 Ledae
1439 1196 1523 1223 esse
1554 1183 1652 1222 dicit
1679 1183 1830 1234 attulit,

279 1242 422 1281 deinde
450 1242 584 1292 puella
614 1245 654 1280 et
683 1242 827 1281 tertius
856 1241 990 1280 nescio
1020 1241 1128 1290 quis,
1172 1241 1240 1290 qui
1269 1241 1424 1291 puellae
1456 1241 1559 1278 mala
1588 1240 1726 1279 tradit.
1783 1239 1832 1279 de

274 1299 378 1337 malo
409 1299 524 1337 citrio
554 1312 601 1337 ex
627 1298 788 1337 Perside
818 1298 860 1336 in
891 1297 1096 1336 Graeciam
1123 1297 1318 1337 translato
1349 1298 1400 1336 cf.
1432 1297 1563 1336 Hehn.
1593 1292 1832 1346 Kulturpfl.²

275 1355 370 1394 381.
394 1356 431 1393 2.
481 1355 748 1405 Hesperidum
776 1354 884 1393 horti
913 1366 1038 1404 prope
1070 1352 1254 1404 Cyrenen
1284 1356 1556 1393 memorantur
1584 1352 1689 1392 Plin.
1719 1351 1771 1392 N.
1792 1352 1830 1392 h.

277 1412 315 1460 5,
338 1412 409 1460 31,
439 1410 557 1463 λίμνη
588 1411 722 1451 Strab.
746 1412 811 1461 17,
832 1412 928 1450 836.

1026 1520 1082 1563 59

729 1600 932 1654 ἐνεγκεῖν
963 1598 1008 1650 ἐξ
1038 1597 1183 1654 ἀγροῦ
1212 1614 1288 1654 μοι
1317 1601 1411 1641 τῶν
1440 1599 1562 1654 ῥοῶν

545 1671 638 1711 τῶν
668 1667 1033 1725 σκληροκόκκων.

387 1762 616 1802 Athenaeus
655 1763 727 1810 14,
758 1762 877 1800 650e
916 1755 1156 1811 Ἀντιφάνης
1206 1757 1251 1799 ἐν
1295 1759 1467 1815 Βοιωτίᾳ
1514 1761 1596 1801 κτλ.
1725 1759 1831 1813 ῥοῶν
1860 1809 1862 1811 ¹

279 1815 523 1872 Schweigh]
555 1817 679 1871 ῥοιῶν
706 1819 758 1858 Α.
967 1854 988 1868 ,

1027 1893 1083 1936 60

571 1972 760 2022 καλέσας
789 1988 838 2015 τε
867 1973 1173 2028 παρατίθησιν
1204 1970 1255 2014 ἐν
1284 1972 1501 2028 παροψίδι

570 2040 779 2096 βολβούς.

388 2136 617 2174 Athenaeus
648 2136 686 2183 9,
709 2135 827 2174 3671*
854 2132 917 2173 ἐπὶ
946 2138 1020 2172 του
1049 2131 1221 2180 σκεύους
1251 2126 1326 2171 οὖν
1355 2131 1514 2183 εἴρηκεν
1543 2129 1606 2185 (τὸ
1635 2130 1828 2186 παροψὶς)

270 2188 516 2242 Ἀντιφάνης
546 2189 723 2244 Βοιωτίω
752 2192 833 2230 κτλ.
882 2191 1026 2230 Pollux
1049 2192 1113 2240 10,
1136 2191 1190 2229 88
1220 2186 1263 2226 τὸ
1296 2186 1340 2228 ἐν
1369 2194 1417 2243 τῇ
1443 2185 1706 2239 Ἀντιφάνους
1735 2190 1827 2228 Βοι-

273 2247 369 2287 ωτία
400 2245 626 2316 σαφέστατα
657 2230 721 2286 ἐπὶ
750 2251 820 2286 τοῦ
849 2243 1008 2299 ἀγγείου
1030 2244 1135 2286 ἐστὶν
1155 2242 1361 2297 εἰρημένον
1381 2246 1460 2286 κτλ.
1547 2242 1714 2292 καλέσας
1734 2246 1827 2286 Pol·
1858 2288 1860 2290 ,

268 2303 354 2357 lux]
387 2301 593 2343 καλέσασα
605 2303 803 2343 AAthen.
880 2301 1101 2356 παροψίσιν
1128 2300 1341 2355 βολβούς
1370 2300 1530 2354 Pollux]
1560 2301 1759 2352 παροψίδι
1787 2302 1826 2342 A

275 2363 422 2401 Athen.
510 2358 679 2407 καλέσας
711 2356 847 2415 (-ασα)
876 2373 1039 2411 prorsus
1068 2361 1262 2429 ineptum.
1313 2359 1562 2398 scribendum
1594 2361 1655 2398 est
1683 2355 1826 2406 ζέσας

272 2432 343 2469 τε,
382 2431 454 2468 pro
496 2431 574 2468 quo
613 2431 702 2457 cum
732 2418 920 2467 scriptum
951 2419 1055 2457 esset
1083 2414 1150 2455 καὶ
1180 2412 1294 2463 ζέσας
1323 2415 1364 2453 id
1395 2417 1527 2454 ortum
1558 2419 1620 2454 est
1649 2416 1754 2466 quod
1783 2416 1826 2455 in

276 2475 478 2514 codicibus
510 2475 710 2526 vulgatur.
742 2496 792 2502 —-
831 2476 988 2514 rectene
1017 2473 1246 2513 Athenaeus
1277 2473 1319 2510 et
1348 2472 1491 2511 Pollux
1519 2470 1727 2524 παροψίδα
1756 2485 1826 2512 vas

271 2533 583 2582 interpretentur
612 2531 789 2570 dubitari
817 2532 961 2580 potest.

1020 2662 1073 2704 61

541 2742 773 2798 κάνθαρος

383 2821 442 2863 ὅτι
479 2821 546 2863 καὶ
583 2826 810 2876 γυναικεῖον
846 2820 1065 2874 κοσμάριόν
1101 2820 1208 2861 ἔστιν
1226 2853 1234 2861 .
1254 2853 1263 2861 .
1280 2850 1292 2873 ,
1323 2816 1564 2872 Ἀντιφάνης
1593 2819 1752 2872 εἴρηκεν
1780 2817 1848 2860 ἓν·

277 2881 456 2935 Βοιωτία.
506 2882 737 2921 Athenaeus
771 2882 833 2930 11,
856 2880 938 2918 474
954 2893 985 2918 e.
