1864 3204
220 213 303 254 244
817 199 819 201 ’
879 211 1102 245 ΑΜΦῙΔΟΣ

518 315 567 354 Β.
601 310 798 366 άκήκοας
827 310 907 364 σύ,
940 307 1138 365 δέσποτ’,
1169 307 1253 365 ἤδη
1283 310 1461 352 πώποτε

464 388 485 419 5
514 377 565 421 τὸ
595 380 800 434 θυμίαμα
830 380 988 427 τοῦτο;

334 473 560 512 Athenaeus
582 473 646 520 15,
659 474 773 511 6912.
802 477 873 510 τοῦ
895 470 1144 522 Μεγαλλείου
1174 470 1302 522 μύρου
1331 467 1569 520 μνημονεύει
1598 467 1667 508 καὶ
1677 466 1773 520 ’Ἀμ-

222 544 290 578 φις
330 528 373 567 ἐν
405 525 587 567 Ὀδυσσεῖ
620 523 686 566 διὰ
724 542 874 566 τουτων
911 530 990 566 κτλ.
1087 542 1102 565 ι
1131 529 1278 567 subscr.
1311 527 1458 577 ubique
1488 540 1564 565 om.
1594 526 1646 565 A.
1731 527 1787 565 4..

221 584 439 636 δέσποτηδη
475 586 526 624 A.
565 607 619 613 —
656 587 746 624 ante
783 599 821 626 v.
853 587 872 622 1
915 582 1206 635 ἕμπεταννύναι
1235 581 1332 635 λέγω
1371 584 1533 633 supplet
1561 583 1678 622 Mein.
1709 582 1771 621 ed.

222 644 313 681 mai.
349 646 389 680 et
419 643 534 681 Anal.
565 642 659 680 Ath.
694 643 789 681 337.

335 699 503 738 fortasse
533 699 828 748 conloquuntur
847 698 1043 747 Penelope
1072 699 1230 747 recepto
1251 698 1393 735 marito
1415 696 1574 734 domum
1594 695 1772 734 exornari

221 756 363 794 iubens
393 757 433 794 et
462 756 670 793 Eumaeus.
703 776 753 781 -—-
787 755 960 804 Hesyoh.
992 753 1156 804 μίνδαξ·
1187 753 1373 803 θυμίαμα
1401 747 1528 790 ποιόν.

914 876 1084 909 ΟΠΩΡΑ

337 924 397 964 Of.
428 925 478 962 fr.
511 925 579 962 48.

888 1000 1116 1034 OTPANOB

975 1067 1029 1109 28

811 1146 873 1195 εἰς
902 1143 985 1199 τὴν
1015 1144 1209 1199 ἑσπέραν
1238 1142 1504 1198 χορτάζομεν

490 1212 657 1257 ἅπασιν
688 1212 890 1268 ἀγαθοῖς.

336 1298 563 1337 Athenaeus
595 1294 939 1345 3,1003’Ἁμφις
970 1292 1013 1333 ἕν
1034 1290 1210 1346 Οὐρανῷ
1236 1295 1316 1332 κτλ.
1403 1290 1666 1344 χορταζόμενοι
1693 1296 1772 1329 πᾶ-

222 1364 287 1392 σιν
317 1355 366 1393 A.
417 1351 649 1404 χορτάζομεν
675 1351 680 1403 Ι
707 1349 860 1390 ἅπασιν
890 1353 951 1390 vel
983 1349 1155 1400 ἑσπέραν
1179 1349 1186 1404 Ι
1212 1345 1499 1401 χορταζόμεσθα
1529 1353 1652 1387 πᾶσιν
1679 1348 1773 1387 Por-

220 1423 304 1449 son.
357 1411 406 1449 ef.
438 1411 576 1452 Cobet.
607 1411 656 1448 N.
678 1410 703 1447 l.
728 1410 794 1447 32.
844 1406 1074 1459 χορτάζομαι
1099 1405 1105 1460 Ι
1132 1405 1175 1445 ἐν
1203 1404 1354 1445 ἅπασιν
1384 1407 1527 1457 Bergk.
1559 1407 1607 1445 R
1630 1418 1662 1443 e.
1686 1405 1771 1443 Att.

222 1468 313 1505 157.
346 1467 393 1505 cf.
417 1466 565 1508 Cratin.
590 1467 685 1504 142.

941 1543 1046 1575 nAN

973 1608 1028 1650 29

490 1688 678 1730 δεῖπνον
707 1687 795 1743 γὰρ
826 1686 979 1736 ἀτελὲς
1009 1685 1064 1728 οὐ
1095 1692 1217 1728 ποιεῖ
1242 1686 1495 1739 παροινίαν.

336 1782 563 1820 Athenaeus
596 1783 660 1830 10,
683 1782 799 1819 421a
828 1777 882 1827 ὦς
906 1779 1052 1831 ’Ἁμφις
1082 1777 1206 1829 φησὶν
1235 1776 1278 1816 ἐν
1309 1777 1429 1817 Πανί.
1508 1777 1670 1815 δεῖπνον
1697 1773 1772 1828 γὰρ

218 1834 349 1884 ἀτελὲς
379 1838 447 1889 Κ.]
481 1834 618 1883 ἀτελὲς·
640 1836 714 1889 γὰρ
744 1837 910 1876 δεῖπνον
938 1838 989 1875 Α.
1030 1831 1179 1881 εὐτελὲς
1211 1835 1240 1874 C
1270 1837 1376 1874 inter
1405 1847 1552 1874 versus.
1591 1834 1773 1873 Eustath.

222 1896 316 1944 881,
342 1896 421 1932 226
452 1890 568 1944 ἀτελῆ
598 1892 696 1932 κατὰ
729 1892 970 1932 Παυσανίαν
1000 1890 1052 1930 τὰ
1083 1889 1327 1930 άδάπανα.

899 2015 1105 2048 ΠΛΑΝΟΣ

340 2098 511 2147 Hesych.
550 2094 722 2143 πλάνος·
763 2092 987 2145 πλανήτης,
1018 2091 1258 2133 ἅπατειόν.
1309 2093 1620 2143 Cephisodorum
1651 2105 1774 2142 quen-

225 2154 314 2193 dam
347 2152 541 2207 (Nieostr.
566 2151 639 2206 24)
669 2155 710 2192 et
738 2153 1039 2192 pantaleontem
1069 2152 1317 2201 potissimum
1348 2148 1523 2195 πλάνους
1551 2149 1773 2198 adpellatos

220 2223 305 2250 esse
334 2212 473 2249 narrat
501 2211 647 2250 Athen.
682 2210 748 2260 14,
770 2211 882 2248 615e
902 2221 960 2259 sq.

968 2295 1025 2337 30

283 2375 394 2430 πρὸς
424 2372 530 2424 τούς
560 2372 833 2430 στρατηγοὺς
864 2374 979 2431 ῥᾷόν
1010 2374 1103 2416 ἐστι
1133 2374 1312 2427 μυρίαις

277 2446 452 2499 μοίραις
482 2442 781 2497 προσελθόντ’
802 2440 1050 2495 ἀξιωθῆναι
1081 2440 1235 2494 λόγου,

278 2513 430 2565 λαβεῖν
459 2508 499 2551 τ’
523 2508 762 2564 ἀπόκρισιν
793 2503 858 2551 οἷν
889 2508 946 2551 ἂν
978 2508 1179 2563 ἐπερωτᾷ
1207 2523 1293 2561 τις,
1323 2503 1354 2561 ἦ

281 2576 392 2632 πρὸς
421 2574 526 2627 τοὺς
555 2576 832 2632 καταράτους
862 2574 1148 2630 ἰχθυοπώλας
1179 2575 1229 2617 ἐν
1260 2569 1420 2629 ἀγορᾷ·

240 2656 260 2685 5
282 2643 363 2694 οὓς
392 2644 450 2686 ἂν
482 2645 684 2700 ἐρωτήσῃ
714 2659 780 2693 τις
808 2641 1051 2697 ἀναλαβών
1081 2659 1122 2684 τι
1151 2645 1243 2684 τῶν

276 2712 632 2766 παρακειμένων,
665 2714 835 2762 ἔκυψεν
863 2707 1014 2764 ὥσπερ
1051 2709 1252 2765 Τήλεφος

279 2782 459 2834 πρῶτον
491 2781 637 2833 σιωπῇ
667 2778 763 2834 (καὶ
793 2778 974 2826 δικαίως
1003 2778 1142 2818 τοῦτο’
1171 2791 1240 2830 γε·

276 2845 471 2895 ἅπαντες
501 2844 780 2901 ἀνδροφόνοι
810 2844 895 2900 γάρ
927 2844 1038 2886 εἰσιν
1070 2842 1137 2885 ἑνὶ
1167 2842 1299 2899 λόγῳ)
