1864 3204
236 132 321 174 310
891 130 1146 171 ΑΛΕΞΙΔΟΣ

443 237 496 276 A.
529 230 701 275 οὐκοῦν
730 232 916 284 ἕκαστος
947 232 1240 289 ἐκλεγόμενος
1271 233 1489 290 λαμβάνει

379 310 411 344 .5
441 302 534 343 τιόν
566 299 844 343 ἐπινεουσῶν
874 299 958 357 τὴν
987 297 1264 357 πεπαιτάτην
1294 299 1383 353 ἀεί·

440 371 492 410 Β.
523 366 747 423 δηλονότι.

350 451 576 490 Athenaeus
601 451 664 501 14,
678 448 822 490 6500*
810 449 868 489 ότι
898 447 942 489 δὲ
973 449 1040 497 τὰς
1070 427 1214 498 ἀπίους
1246 449 1290 490 ἐν
1309 449 1424 490 ύδατι
1445 450 1647 505 εἰσέφερον
1667 453 1722 502 εἰς
1743 452 1790 493 τὰ

238 503 436 557 συμπόσια
457 505 608 554 ’Ἀλεξις
641 505 683 545 ἐν
714 506 875 575 Βρεττία
907 504 1086 561 (βρευτίᾳ
1113 505 1169 562 Α)
1199 508 1407 559 παρίστησι
1436 508 1502 547 διὰ
1533 506 1683 549 τούτων
1710 513 1790 553 κτλ.

239 564 367 603 Schol.
388 563 514 603 Arist.
534 564 639 632 eEccl.
661 564 742 603 355
772 560 894 615 ἀχράς
923 578 993 611 τις.
1025 562 1215 603 στένωσιν
1235 564 1283 619 τῇ
1301 563 1440 617 γαστρὶ
1459 563 1618 632 παρέχει
1638 563 1658 605 ὁ
1678 565 1788 619 λεγό-

236 633 353 670 μενος
390 616 491 670 παρ’
520 615 622 670 ἡμῖν
657 618 788 667 ἄπιος.
838 617 941 659 οὕτω
975 618 1050 672 γὰρ
1085 619 1152 659 καὶ
1183 606 1356 660 Πλάτων
1395 620 1438 660 έν
1468 618 1621 672 Νόμοις
1651 619 1793 671 ἀπίους

237 675 408 727 εἰᾛρηκεν
460 673 507 715 οὐ
537 675 656 727 μόνος
686 674 754 728 δέ,
784 673 881 716 ἀλλά
910 675 977 716 καὶ
1005 673 1100 728 παρ’
1120 672 1296 725 Ἀλέξιδι.
1348 692 1447 729 quae
1477 680 1562 719 sine
1591 680 1712 719 dubio
1742 681 1793 720 ad

237 735 337 773 hanc
367 734 545 784 eclogam
574 734 788 784 pertinent.
840 734 980 773 Suidas
1010 731 1129 772 dimoc·
1161 728 1265 782 εἶδος
1296 731 1475 787 ὀπώρας.
1523 734 1656 788 ,παρὰ
1684 732 1792 776 Ἀλέ-

239 787 327 837 ξιδι.
379 790 552 829 Bekker.
584 790 735 829 Anecd.
767 790 870 839 425,
897 792 917 828 1
950 786 1119 837 ἀπίους.
1168 788 1275 830 ,ἔστι
1303 789 1372 830 καὶ
1402 787 1498 842 παρ’
1527 789 1704 841 Ἀλέξιδι.
1737 815 1791 822 --

241 848 279 885 2.
311 844 500 884 πίνουσιν
529 846 651 885 Dobr.
672 846 834 887 Adv.11
858 844 959 900 137]
989 821 1196 887 πεινουσιν
1225 847 1277 887 Α.
1368 849 1407 888 3.
1441 849 1483 888 B.
1514 850 1670 915 πολλοῖς
1699 852 1792 889 πολ-

238 900 352 950 λάκις
381 902 451 954 Κ.]
484 901 633 956 noll-933
664 897 850 949 πολλάκις
879 903 932 942 Α.
971 905 1017 944 Β.
1037 904 1158 955 vulgo
1179 907 1271 944 ante
1292 899 1491 952 πολλάκις.
1522 907 1546 945 1.
1570 919 1603 947 e.
1633 907 1791 954 πολλοῖς

235 957 422 1006 πολλάκις
452 956 742 1010 παρακειμένας
773 955 918 1006 ἀπίους
950 954 1068 1000 εἶδον.
1158 962 1196 1000 6.
1229 959 1426 1014 δηλονότι]
1457 961 1507 1013 δη
1538 958 1623 1000 ὄντι
1651 962 1703 1002 Α.
1738 985 1788 992 -

235 1016 283 1055 cf.
315 1016 498 1055 Pherecr.
531 1017 568 1055 8.

349 1074 392 1112 in
421 1086 524 1123 aqua
554 1073 786 1112 adferuntur
805 1073 914 1123 pira:
943 1074 1122 1113 multane
1154 1074 1207 1114 sit
1226 1087 1330 1125 aqua
1348 1075 1448 1114 nihil
1467 1076 1648 1125 interest,
1679 1076 1788 1115 dum-

235 1129 354 1169 modo
385 1129 570 1168 sufficiat.
632 1121 756 1167 πολλά
786 1128 976 1177 πολλάκις
1006 1131 1141 1181 Mein„
1172 1131 1240 1170 sed
1269 1145 1368 1181 quae
1397 1131 1446 1170 ad
1475 1132 1663 1172 tuendam
1691 1133 1792 1174 hanc

235 1186 555 1225 emendationem
592 1186 722 1225 adfert
758 1186 935 1236 exempla
976 1183 1037 1239 (in
1067 1188 1129 1226 ed.
1161 1188 1253 1227 mai.
1286 1190 1325 1227 et
1354 1188 1391 1226 V
1420 1186 1492 1238 88)
1531 1189 1660 1228 aliena
1697 1191 1791 1230 sunt

237 1243 389 1292 omnia,
432 1243 618 1294 quoniam
656 1243 699 1281 in
737 1243 920 1282 omnibus
949 1242 1073 1282 πολλά
1104 1246 1163 1283 est
1193 1245 1437 1284 accusativus
1468 1245 1675 1285 schematis
1705 1248 1789 1298 ety-

237 1299 436 1351 mologici.

982 1353 1039 1395 34

505 1433 682 1474 τοιοῦτο
714 1431 764 1474 τὸ
795 1434 873 1487 ζῆν
905 1432 1029 1474 ἐστιν
1060 1430 1210 1486 ὥσπερ
1242 1431 1291 1474 οἱ
1314 1432 1470 1487 κύβοι·

505 1497 561 1541 ού
589 1497 716 1542 ταῦτ’
741 1497 810 1542 ἀεὶ
840 1501 1098 1554 πίπτουσιν,
1130 1498 1239 1542 οὐδὲ
1270 1502 1330 1556 τῷ
1359 1502 1443 1557 βίῳ

505 1565 672 1610 ταύτὸν
702 1567 901 1621 διαμένει
931 1570 1100 1623 σχῆμα,
1132 1565 1381 1622 μεταβολὰς
1411 1566 1452 1610 δ’
1478 1569 1580 1623 ἔχει.

350 1661 543 1701 Stobaeus
573 1661 713 1700 Floril.
749 1662 849 1711 105,
871 1663 898 1699 4
931 1657 1126 1710 Ἀλέξιδος
1164 1659 1208 1700 έκ
1238 1660 1422 1712 Βρεττίας
1453 1662 1504 1701 A.
1555 1663 1698 1703 omisso
1734 1665 1788 1704 fa-

239 1719 354 1758 bulae
385 1718 516 1757 indice
537 1718 729 1757 Arsenius
746 1717 851 1757 Viol.
875 1719 968 1758 101.
1019 1719 1171 1758 confert
1196 1719 1420 1757 Meinekius
1442 1719 1599 1758 Terent.
1620 1720 1789 1771 Adelph.

236 1776 284 1824 4,
309 1776 345 1823 7,
369 1776 417 1812 21
460 1776 517 1814 ita
545 1777 627 1814 vita
655 1778 709 1814 est
738 1775 959 1821 hominum,
997 1777 1111 1824 quasi
1139 1777 1175 1815 si
1203 1776 1315 1814 ludas
1343 1777 1505 1815 tesseris.
1554 1776 1659 1817 Plut.
1691 1777 1790 1816 Mor.

238 1832 354 1870 467a
383 1831 525 1884 κυβείᾳ
555 1827 576 1869 ὁ
598 1829 774 1870 Πλάτων
803 1828 873 1870 τὸν
901 1830 993 1882 βίον
1011 1828 1237 1871 ἀπείκασεν.
1269 1832 1375 1881 quod
1395 1832 1464 1871 ubi
1485 1833 1624 1872 fecerit
1642 1834 1788 1873 nescio.

928 1942 1098 1975 ΒΩΜΟΣ

986 2020 1041 2062 35

505 2096 620 2153 γυνὴ
652 2093 892 2154 λινουργὸς
922 2094 1210 2153 περιτυχοῦσ’
1235 2095 1453 2154 ἀφείλετο.

349 2193 491 2232 Pollux
514 2194 551 2242 7,
570 2193 622 2230 72
653 2189 726 2242 τὴν
755 2187 799 2230 δὲ
830 2188 1090 2245 ἐργαζομένην
1120 2189 1161 2229 τὸ
1191 2190 1302 2231 λίνον
1330 2189 1541 2244 λινουργόν
1569 2189 1622 2232 ἂν
1649 2192 1789 2245 εἴποις,

231 2246 427 2297 Ἀλέξιδος
457 2246 635 2295 εἰπόντος
658 2246 702 2287 έν
722 2249 848 2302 Βωμῷ
876 2250 959 2287 κτλ.
1018 2245 1271 2300 περιτυχοῦσ’.
1291 2247 1490 2302 Pierson.]
1509 2246 1598 2302 περὶ
1620 2249 1787 2302 τοίχους.

889 2359 1137 2394 ΓΑΛΑΤΕῙΑ

349 2442 534 2480 Fortasse
556 2439 720 2480 Galatea
740 2441 915 2491 tibicina,
947 2441 1130 2491 Dionysii
1152 2440 1389 2491 Syracusani
1418 2442 1616 2490 meretrix,
1648 2443 1789 2483 vitiata

235 2513 258 2537 a
300 2497 538 2547 Philoxeno,
579 2496 847 2548 significatur,
886 2498 934 2536 de
982 2511 1060 2548 qua
1097 2497 1326 2537 Athenaeus
1360 2499 1395 2546 1,
1420 2499 1457 2536 6.
1481 2499 1504 2536 7
1548 2503 1675 2537 ποιῶν
1719 2498 1789 2539 τὸν

238 2552 443 2592 Κύκλωπα
475 2549 724 2607 (Φιλόξενος)
755 2550 956 2604 συνέθηκε
986 2551 1055 2591 τὸν
1082 2556 1220 2604 μῦθον
1248 2550 1306 2600 εἰς
1336 2551 1378 2595 τὸ
1408 2551 1496 2605 περι
1525 2550 1649 2593 αὑτὸν
1675 2554 1784 2607 γενό-

237 2623 360 2661 μενον
388 2608 521 2656 πάθος
549 2606 611 2662 (111
631 2610 844 2649 lautumias
865 2611 1065 2650 coniectus
1087 2612 1170 2649 erat
1188 2612 1354 2661 propter
1375 2609 1560 2650 Galateae
1581 2609 1786 2666 amorem),

239 2665 309 2706 τὸν
337 2663 410 2717 μὲν
441 2664 658 2705 Διονύσιον
687 2662 890 2704 Κύκλωπα
920 2662 1261 2717 ὑποστησάμενος,
1301 2681 1374 2717 την
1403 2662 1443 2704 δ’
1465 2663 1680 2718 αυλητρίδα
1711 2669 1787 2706 Γα-

243 2721 414 2773 λάτειαν,
447 2719 590 2761 ἑαυτὸν
621 2718 659 2759 δ’
679 2718 884 2764 Ὀδυσσέα.
922 2723 1160 2763 Philoxenus
1190 2724 1293 2762 enim
1324 2723 1413 2763 aliis
1444 2736 1602 2774 quoque
1632 2726 1788 2765 comicis

236 2781 387 2831 largam
416 2780 600 2830 praebuit
628 2777 833 2819 fabulandi
862 2781 1082 2819 materiam.
