1890 3190
215 227 218 230 Δ
287 183 339 223 14
893 184 1212 218 ΑΝΤΙΦΑΝΟΤΣ

1044 282 1072 323 4

548 358 780 415 Ἁρμόδιος
811 359 1091 413 ἐπεκαλεῖτο,
1125 357 1263 402 παιάν
1294 359 1441 415 ᾔδετο,

553 426 750 481 μεγάλην
780 425 892 476 Διὸς
923 429 1122 481 σωτῆρος
1152 426 1320 468 ἄκατον
1350 419 1435 482 ᾗρέ
1461 443 1538 477 τις.

396 509 625 547 Athenaeus
652 510 713 558 15,
734 509 812 547 692
827 509 847 545 f
869 503 1108 557 Ἀντιφάνης
1129 505 1202 558 μὲν
1221 505 1294 559 γὰρ
1317 507 1360 546 ἐν
1377 505 1637 559 Ἀγροίκοισιν
1657 507 1732 559 ἔφη
1752 512 1832 548 κτλ.

290 568 322 603 l.
369 562 591 603 ἐπεκαλεῖτο
628 565 835 614 Koppiers.
876 564 1039 603 observ.
1070 565 1166 614 phil.
1199 563 1273 616 31]
1313 562 1484 603 ἐκαλεῖτο
1523 567 1571 604 A.
1631 570 1837 616 praeterea

286 620 526 671 παιανηδετο
557 624 598 660 et
627 634 903 671 ακατονηρετις
919 622 982 677 A,
1015 623 1060 658 ut
1091 634 1218 671 saepe,
1251 622 1335 660 sine
1365 634 1441 660 acc.
1474 625 1515 660 et
1543 634 1625 661 non
1655 614 1860 662 discretis'

283 678 496 717 vocabulis.
557 679 594 715 2.
628 675 698 731 ᾐρέ
727 678 775 715 K.
805 690 878 727 pro
909 670 991 727 ἦρέ.
1031 690 1123 715 nam
1154 690 1251 727 opus
1282 682 1344 717 est
1373 679 1605 727 inperfecto
1657 678 1706 716 de
1727 679 1834 718 Har-

283 735 402 773 modii
432 735 552 773 scolio
584 735 632 772 cf.
667 735 732 772 85.
765 732 911 772 Cratin.
937 734 1033 771 236.
1065 734 1267 783 Aristoph.
1300 735 1348 772 fr.
1382 735 1477 783 430,
1509 735 1556 772 de
1586 730 1720 787 ἀκάτῳ
1750 735 1776 773 i.
1798 745 1833 775 e.

284 788 408 843 φιάλη
438 791 678 840 Theopomp.
710 791 746 827 3.
810 790 968 828 comicis
997 802 1078 828 non
1107 795 1318 840 παιᾶνα,
1357 791 1425 829 sed
1456 790 1613 829 παιῶνα
1643 772 1835 830 usi‘tatum

284 860 369 886 esse
407 847 561 886 monuit
598 847 739 884 Elmsl.
771 847 897 897 Arist.
926 846 1022 884 Aah.
1060 847 1180 884 1212.
1240 847 1288 884 cf.
1322 847 1485 896 Antiph.
1518 848 1584 885 85.
1645 847 1713 886 sed
1742 847 1837 886 haec

284 901 510 942 observatio
541 903 588 942 ad
619 904 680 941 dei
708 915 852 940 nomen
882 902 1073 951 pertinen
1106 906 1245 941 cantus
1274 903 1357 941 sine
1388 903 1508 941 dubio
1535 904 1682 953 ubique
1710 897 1838 941 παιάν

284 960 512 999 vocabatur.
577 956 694 1004 Διὸς
725 967 944 1008 σωτηρος
974 961 1020 996 ut
1048 956 1146 995 κατὰ
1176 957 1317 1009 χειρῶν
1346 971 1415 1008 pro
1446 959 1695 999 substantivo
1723 959 1833 998 inde·

285 1017 461 1055 clinabili
491 1018 718 1065 usurpatur.
757 1016 807 1053 cf.
842 1015 933 1053 174.
979 1014 1125 1053 Eubul.
1148 1016 1214 1064 56,
1238 1017 1275 1053 7.
1319 1016 1474 1056 Alexid.
1497 1016 1592 1054 232.
1634 1015 1773 1066 Eriph.
1794 1016 1836 1055 4.

282 1072 484 1112 A1·.chestr
517 1073 661 1111 Athen.
687 1075 722 1121 1,
745 1072 796 1110 29
814 1072 839 1109 b
869 1067 1018 1109 ὁπόταν
1047 1069 1238 1122 πλήρωμα
1271 1065 1363 1117 Διὸς
1394 1076 1566 1123 σωτῆρος
1595 1068 1751 1122 ἕλησθε.

1050 1181 1077 1222 5

1126 1234 1187 1285 ὥς
1217 1235 1270 1292 δὴ
1305 1235 1362 1278 σύ
1393 1253 1434 1279 τι

554 1313 700 1348 ποιεῖν
731 1304 983 1358 δυνάμενος
1013 1302 1226 1358 ὀρτυγίου
1257 1303 1407 1359 ψυχὴν
1438 1305 1564 1359 ἔχων.

398 1390 625 1427 Athenaeus
658 1390 701 1438 9,
731 1388 810 1426 392
829 1400 848 1425 e
885 1382 1223 1437 ὑποκοριστικῶς.
1272 1382 1534 1437 ,Ἀντιφάνης
1575 1384 1619 1424 ἐν
1650 1381 1838 1438 Ἀγροίκῳ

285 1441 470 1515 ὀρτύγιον
499 1444 658 1496 εἴρηκεν
687 1441 812 1490 οὕτως
842 1445 921 1483 κτλ.
983 1443 1234 1482 scribendum
1265 1443 1422 1482 videtur
1452 1456 1541 1481 cum
1562 1443 1766 1482 Dindorfio
1786 1440 1837 1480 σὺ

284 1501 323 1540 τί
338 1525 387 1529 ——
408 1500 525 1551 ἐ’χων;
564 1502 760 1540 falluntur
798 1500 867 1550 qui
897 1513 985 1539 cum
1016 1499 1214 1538 Meinekio
1246 1494 1429 1550 ὀρτυγίου
1459 1491 1596 1549 ψυχὴν
1626 1497 1762 1550 ἔχοντα
1790 1499 1838 1538 ti-

286 1561 437 1598 midum
465 1559 789 1607 interpretantur.
849 1552 1149 1612 ὀρτυγομήτραν
1178 1552 1314 1605 δειλήν
1343 1556 1440 1595 dicit
1469 1556 1694 1595 Alexander
1723 1556 1836 1606 Myn-

287 1615 374 1654 dius
411 1616 517 1665 apud
547 1615 692 1652 Athen.
725 1615 762 1663 9,
786 1614 881 1653 392.
905 1614 951 1660 3,
996 1625 1234 1662 quamquam
1271 1614 1387 1650 cauta
1424 1612 1558 1662 potius
1595 1614 1636 1651 et
1673 1613 1839 1662 provida

284 1684 368 1710 esse
399 1672 616 1720 putabatur
637 1665 942 1724 (Cratin.246);
974 1669 1194 1707 coturnices
1223 1681 1440 1718 numquam
1469 1669 1630 1707 timidas
1659 1681 1743 1707 esse
1773 1681 1838 1707 ex-

284 1729 565 1767 istimaverunt
596 1726 752 1776 Graeci,
799 1726 944 1775 quippe
981 1725 1123 1778 quibus
1162 1725 1212 1762 ad
1251 1726 1467 1764 certamina
1496 1728 1541 1763 ut
1569 1725 1688 1774 gallis
1718 1726 1759 1764 et
1787 1725 1837 1764 ad

283 1780 569 1836 ὀρτυγοκοπίαν
599 1785 819 1822 uterentur.
865 1782 928 1820 hic
958 1782 1091 1831 potius
1121 1781 1253 1819 nescio
1283 1782 1370 1830 quis
1399 1782 1531 1820 stolide
1559 1782 1747 1831 litiyiosus
1776 1794 1838 1820 eo-

284 1841 452 1879 turnicis
483 1841 658 1878 animum
687 1840 831 1878 habere
862 1838 1020 1876 dicitur.

1047 1936 1073 1977 6

556 2016 825 2071 κραμβίδιον
857 2013 1002 2068 ἑφθὸν
1032 2011 1187 2067 χάριεν
1218 2011 1398 2055 ἀστεῖον
1428 2013 1562 2055 πάνυ.

398 2111 539 2149 Pollux
561 2111 597 2159 6,
613 2110 666 2147 54
697 2106 738 2146 τὸ
769 2105 811 2146 δὲ
840 2105 964 2158 ὄνομα
994 2121 1062 2156 της
1093 2105 1272 2158 κράμβης
1304 2103 1384 2144 ἔστι
1409 2103 1482 2156 μὲν
1511 2102 1577 2143 καὶ
1608 2101 1704 2171 παρ’
1733 2102 1834 2158 Ἀρι-

283 2164 451 2205 στοτέλει
483 2164 526 2204 ἐν
556 2168 637 2212 τοῖς
667 2161 755 2216 περὶ
786 2162 917 2217 ζῴων·
951 2161 1169 2225 εράφανος,
1200 2160 1259 2230 ἡν
1283 2161 1448 2200 καλοῦσί
1475 2176 1576 2208 τινες
1607 2158 1837 2214 κράμβηνᾎ

284 2221 472 2275 α’ντικρυς
502 2220 543 2259 δ’
567 2219 673 2275 αὐτῷ
703 2218 886 2272 κέχρηται
910 2214 1151 2269 Ἀντιφάνης
1181 2216 1226 2257 ἐν
1249 2213 1436 2272 Ἀγροίκῳ
1465 2220 1546 2257 κτλ.

1052 2330 1075 2370 7

508 2410 740 2466 ῥαγδαῖος,
773 2408 963 2463 ἄμαχος,
994 2410 1176 2462 πρᾶγμα
1206 2409 1356 2476 μεῖζον
1384 2422 1411 2460 η
1445 2407 1604 2456 δοκεῖς.

400 2505 567 2543 Photius
587 2505 683 2554 480,
695 2505 748 2541 20
774 2505 815 2541 et
843 2502 984 2541 Suidas
1015 2499 1250 2551 ῥαγδαίους·
1279 2497 1376 2537 κατὰ
1397 2495 1624 2550 μεταφορὰν
1650 2494 1730 2537 ἀπὸ
1757 2502 1837 2537 τῶν

284 2558 446 2612 ὄμβρων
461 2574 552 2607 τους
569 2557 851 2610 κεκινημένους
866 2555 934 2596 καὶ
949 2554 1146 2608 σφοδροὺς
1161 2554 1228 2594 καὶ
1241 2555 1411 2607 βιαι’.ους
1438 2551 1676 2606 Ἀντιφάνης
1688 2551 1835 2608 Ἀγροί-

285 2631 368 2663 κοις
398 2619 478 2656 κτλ.
567 2613 610 2668 ἢ]
643 2614 678 2655 εἰ
705 2616 790 2656 cod.
820 2615 934 2655 Phoss.
1045 2666 1071 2707 8
1224 2641 1227 2650 ‹
1358 2635 1382 2655 a

559 2747 609 2790 ἐκ
640 2748 849 2802 διαδοχῆς

399 2828 442 2868 τὸ
473 2826 520 2868 ἐν
548 2827 668 2880 μέρει.
714 2823 954 2877 Ἀντιφάνης
983 2824 1184 2878 Ἀγροίκῳ.
1236 2822 1393 2864 Bekker
1424 2825 1572 2865 Anecd.
1595 2826 1660 2876 97,
1683 2826 1720 2862 5.
