1806 3216
53 1300 62 1366 opst-⁰1
45 1274 48 1281 ’

163 175 247 216 542
823 169 1036 203 ΔΙΦΙΛΟΤ

166 276 208 315 ἕν
235 274 450 324 Ἀδελφοῖς,
561 275 598 311 1.
639 285 862 324 τυχωρυχον
885 273 943 311 Α.
1051 274 1090 311 3.
1123 269 1261 322 ἔχοντα
1290 269 1466 322 βαδίζειν
1498 270 1717 322 Schweigh.

164 332 301 383 ἔχοντα
331 330 487 383 βαίνειν
518 330 720 369 Herwerd.
753 329 848 369 Obs.
881 330 967 368 crit.
1001 329 1096 367 123.
1186 330 1222 367 6.
1254 323 1335 366 ὑπὸ
1367 328 1414 367 Α.
1505 329 1597 377 post
1625 341 1663 368 v.
1694 328 1718 366 2

166 390 351 428 nonnihil
382 387 572 426 excidisse
602 386 820 424 arbitratur
848 386 968 424 Mein.

281 454 531 506 τοιχωρύχον.
592 454 641 493 cf.
674 454 819 493 Eubul.
853 456 889 502 7,
913 455 938 492 4
977 456 1018 493 et
1055 454 1102 493 de
1132 451 1326 505 γεύμασιν
1354 453 1396 491 in
1427 453 1512 491 foro
1543 452 1717 502 Ephipp.

167 516 231 553 18.
262 536 316 540 -—
347 513 479 551 omnia
509 512 690 550 obscura.
739 511 907 550 fortasse
938 511 1035 550 dicit
1063 511 1247 560 lagenam
1277 511 1472 560 exiguam,
1503 521 1623 558 quam
1651 508 1721 558 qui

166 570 394 620 possidebat
423 565 502 606 ὑπὸ
534 566 657 618 μάλης
688 569 729 606 in
761 581 844 606 eam
874 568 950 606 fori
980 570 1148 617 partem,
1179 568 1249 605 ubi
1278 567 1364 606 vini
1392 567 1558 605 haustus
1577 565 1627 604 ad
1648 577 1721 616 gu·

166 627 351 666 standum
381 626 581 675 propositi
613 627 738 674 erant,
771 624 925 663 serebat
954 628 999 663 ut
1028 625 1165 663 vinum
1195 624 1406 662 furaretur.

396 808 433 856 οἷ
463 811 663 868 μακάρι’,
696 811 876 867 ἀτυχεῖν
906 810 1075 867 θνητὸς
1104 809 1171 854 ὢν
1205 811 1442 866 ἐπίστασο,

396 879 457 923 ἵν’
483 880 597 923 αὐτὰ
629 879 877 936 τάναγκαῖα
905 882 1128 936 δυστυχῇς
1157 878 1317 935 μόνον,

397 951 536 992 πλείω
569 949 617 992 δὲ
648 947 722 991 διὰ
753 947 835 1004 τὴν
866 948 1068 1004 ἀμαθίαν
1097 946 1156 1003 μὴ
1187 948 1458 1003 προσλάβῃς.

287 1045 479 1083 Stobaeus
510 1027 644 1082 Flor'n.
678 1044 770 1092 108,
794 1045 817 1082 9
852 1041 1025 1093 Διφίλου
1052 1038 1259 1091 Ἀδελφοῖς
1290 1042 1339 1080 Α.

413 1201 772 1234 ΑΙΡΗΣΙΤΕΙΧΗΣ
803 1199 1077 1234 ΕΤΝΟΤΧΟΣ
1102 1199 1136 1231 Η
1162 1197 1475 1232 ΣΤΡΑΤΙΩΤΗΣ

281 1282 340 1324 Cf.
362 1283 409 1321 fr.
434 1284 472 1320 5.
513 1281 684 1320 Meinek.
716 1281 735 1319 I
765 1282 862 1319 451.
909 1280 1072 1319 seorsim
1107 1278 1375 1330 Αἱρησιτείχης
1405 1282 1445 1317 et
1475 1271 1724 1329 Στρατιῶτης

165 1341 421 1378 recensentur
450 1339 491 1377 in
522 1339 704 1388 catalogo
735 1338 929 1376 librorum
960 1337 1162 1375 Piraeensi
1182 1336 1460 1375 Wilamowitz.
1493 1335 1607 1374 Anal.
1629 1335 1724 1376 Eur.

172 1398 267 1435 139.
303 1397 394 1435 140.
445 1395 495 1434 U.
527 1395 711 1433 Koehler.
749 1394 782 1432 I.
814 1395 862 1432 A.
893 1407 934 1432 n.
957 1395 1051 1434 992.
1102 1394 1251 1432 scilicet
1289 1390 1566 1443 Αἷρησιτείχης
1603 1391 1723 1441 prior,

168 1449 377 1502 Εὐνοῦχος
408 1448 436 1502 η’
467 1449 717 1503 Στρατιώτης
747 1451 1060 1489 altera⁴fabulae
1090 1450 1265 1488 recensio
1297 1451 1394 1488 erat.
1443 1449 1560 1487 huius
1589 1449 1723 1486 autem

166 1510 391 1560 fragmenta
436 1511 530 1547 sunt
574 1508 718 1546 omnia.
780 1507 1108 1557 Pyrgopolinices
1151 1506 1285 1545 nescio
1330 1506 1418 1556 quis
1462 1504 1723 1555 significatur.

173 1564 450 1618 Αἵρησιτείχης
480 1566 694 1604 formatum
727 1567 773 1602 ut
803 1559 1036 1615 εὑρησιεπής
1067 1564 1191 1602 Arist.
1222 1563 1327 1601 Nub.
1360 1563 1454 1600 447.

441 1752 542 1796 ἔσθ’
564 1751 846 1808 ὑποχέασθαι
876 1754 1109 1806 πλείονας,
1141 1759 1262 1795 πιεῖν
1291 1750 1345 1806 γε’
1370 1766 1413 1793 τι

441 1819 689 1876 ἁδρότερον
718 1817 747 1875 ἢ
777 1823 868 1863 τῶν
893 1818 1135 1863 Ῥοδιακῶν
1163 1816 1192 1875 ἢ
1221 1821 1314 1862 τῶν
1344 1819 1508 1874 ρὐτῶν.

280 1917 508 1955 Athenaeus
533 1916 721 1966 11,496e
747 1911 911 1960 Ῥοδιάς.
944 1913 1110 1963 Δίφιλος
1131 1911 1415 1966 Λῐρησιτείχει·
1448 1906 1490 1950 τὸ
1519 1908 1563 1950 δὲ
1593 1910 1724 1962 δρᾶμα

167 1978 284 2015 τοῦτο
305 1972 552 2023 Καλλίμαχος
584 1970 793 2023 ἐπιγράφει
814 1967 1036 2021 Εὐνοῦχον.
1073 1969 1174 2022 λέγει
1203 1968 1247 2008 δὲ
1277 1966 1402 2015 οὕτως
1431 1971 1539 2007 πιεῖν
1567 1964 1613 2006 δὲ
1643 1969 1723 2006 κτλ.

168 2033 209 2069 et
245 2030 403 2080 plenius
440 2029 558 2068 496f.
595 2030 710 2067 497a
752 2026 921 2076 Δίφιλος
955 2024 1011 2066 -ἑν
1049 2023 1243 2080 Εὐνούχῳ
1281 2023 1310 2076 ἢ
1348 2021 1597 2077 Στρατιώτῃ,
1644 2021 1723 2062 ἔστι

168 2084 213 2125 δὲ
256 2084 299 2124 τὸ
339 2085 468 2137 δρᾶμα
509 2082 700 2135 διασκευὴ
742 2089 811 2123 τοῦ
852 2083 1175 2134 Αἱρησιτείχους·
1222 2079 1313 2120 ἔσθ’
1351 2079 1603 2132 ὑποχέασθαι
1640 2081 1724 2120 κτλ.

167 2143 336 2182 Photius
362 2139 565 2180 Ῥοδιακὸν
594 2139 661 2179 καὶ
686 2138 856 2186 Ῥοδιάς·
890 2135 993 2187 εἶδος
1015 2137 1255 2189 ἐκπώματος.
1286 2136 1412 2185 οὕτως
1436 2137 1615 2187 Δίφιλος.
1684 2139 1722 2176 1.

170 2196 423 2250 ὑποχέασθαι
453 2196 609 2250 Dindf.]
642 2194 887 2247 ὑποσχέσθαι
917 2200 965 2236 Α.
1067 2199 1175 2235 πιεῖν
1204 2193 1248 2235 δὲ
1276 2195 1314 2235 Α
1342 2197 1437 2235 496.
1484 2197 1590 2232 πιεῖν
1617 2190 1661 2245 γε’
1689 2206 1725 2232 τι

169 2258 205 2296 A
236 2258 332 2304 497,
371 2256 475 2294 unde
506 2255 711 2305 Diphilum
750 2255 950 2305 scripsisse
978 2255 1135 2304 conligo
1174 2251 1378 2298 πλείονας;
1415 2253 1522 2290 πιεῖν
1550 2264 1601 2302 γε
1631 2249 1724 2289 δεῖ.

170 2315 209 2352 2.
241 2309 453 2364 αδρότερον
482 2312 518 2349 Α
549 2309 650 2363 497]
682 2307 803 2362 ἄνδρ’
827 2309 957 2362 ἕτερον
986 2311 1023 2350 Α
1053 2312 1148 2350 496.
1235 2307 1278 2348 ἐκ
1309 2314 1388 2347 τῶν
1413 2305 1464 2347 Ῥ.
1495 2307 1614 2346 Mein.
1647 2303 1726 2344 ‘Po-

168 2369 321 2408 διοικῶν
357 2382 407 2408 an
432 2365 649 2407 Ῥοδιάδων
688 2369 888 2418 scripserit
919 2368 1084 2406 dubium
1115 2369 1187 2409 est,
1218 2389 1272 2394 —
1303 2366 1351 2405 de
1380 2361 1547 2414 ὑποχεῖν
1576 2364 1624 2404 cf.
1656 2362 1724 2402 So·

168 2427 268 2477 phil.
299 2427 339 2465 4.

438 2554 588 2600 ἀλλ”ὁ
617 2555 759 2608 πανὸς
788 2555 953 2607 ὕδατός
985 2555 1078 2599 ἐστι
1107 2554 1279 2611 μεστός.

283 2653 511 2692 Athenaeus
544 2653 607 2702 15,
642 2652 753 2691 700e
783 2648 908 2696 πανὸς
938 2645 1167 2701 ὀνομάζεται
1197 2646 1240 2687 τὸ
1271 2644 1578 2699 διακεκομμένον
1607 2641 1723 2694 ξύλον

170 2708 236 2748 καὶ
274 2707 580 2759 συνδεδεμένον·
621 2705 744 2761 τούτῳ
782 2705 822 2746 δ’
855 2706 1022 2760 ἐχρῶντο
1059 2705 1246 2757 λαμπάδι.
1273 2704 1466 2753 ’Δίφιλος
1497 2699 1724 2757 Στρατιώτῃ

170 2768 250 2805 κτλ.
282 2766 514 2805 Eustathius
539 2766 726 2812 1571‚20
755 2769 886 2803 πανοῦ
916 2760 960 2802 δὲ
988 2768 1143 2815 χρῆσις,
1163 2793 1172 2802 .
1191 2759 1276 2802 ,καὶ
1307 2757 1414 2812 παρὰ
1438 2759 1607 2813 Διφίλῳ,
1638 2753 1724 2798 οἷον

171 2825 252 2862 κτλ.
302 2823 351 2862 cf.
382 2822 588 2871 Aristoph.
622 2821 668 2859 fr.
693 2823 787 2859 375.
818 2822 991 2860 Nicostr.
1015 2821 1082 2858 22.

1801 373 1806 390 1

1803 393 1806 414 Ι
