1864 3204
176 200 289 242 v234
829 201 1131 235 ΦῑΛΕΤΑιΡοΤ

853 354 856 357 ι
895 302 1068 336 ΜΗΝΕΣ

959 369 1010 410 12

439 439 504 487 τίς
535 436 628 478 ἐστι
657 434 1016 492 μαιμακτηριώνς
1057 439 1108 479 Β.
1141 452 1232 491 μην
1263 435 1503 490 ὃικοὶσιμος.

325 509 454 547 Sehol.
486 508 586 549 Ven.
616 507 740 550 Arist.
772 508 850 549 Av.
885 507 991 547 1047
1039 503 1094 554 ὡς
1133 505 1177 546 ἐν
1214 506 1336 560 τούτῳ
1373 506 1640 565 (μουνιχιωνι)
1679 511 1758 546 τῶν

209 562 457 616 ἐναγομένων
488 562 612 613 ξένων
639 560 720 603 ἀπὸ
757 563 837 602 τῶν
874 560 1026 603 πόλεων
1055 561 1320 614 καλουμένων.
1381 560 1455 602 οὐκ
1484 564 1536 614 ἠν
1565 561 1629 614 δέ,
1666 557 1754 602 ἄλλ’

208 618 229 659 6
259 618 579 673 μαιμακτηριών,
620 617 674 668 ὥς
714 617 942 673 Φιλέταιρος
981 618 1024 659 ἐν
1063 618 1179 671 Μησὶ
1209 619 1326 671 δηλοῖ
1350 622 1430 659 κτλ.
1491 620 1663 671 Hesych.
1697 619 1755 658 δι-

207 675 367 727 κάσιμοι
386 679 505 729 μῆνες
525 675 650 724 οὕτως
681 675 878 729 ἐλέγοντο,
910 675 954 716 ἐν
980 672 1039 724 οἷς
1069 675 1259 724 ἒδιἫκαζον
1312 677 1467 716 eonfett
1488 678 1540 715 M.
1564 677 1754 716 Schmidt.

207 736 309 774 Plass.
340 735 438 786 Leg.
473 735 536 785 12,
559 735 689 774 958b.
721 734 823 773 addo
854 735 1059 785 Aristoph.
1091 734 1140 773 fr.
1175 735 1269 772 278.

861 845 1106 879 ΟΙΝΟΠΙΩΝ

320 905 453 944 Etiam
483 905 710 944 Nicostraizo
742 904 1002 943 tribuebatur.
1049 904 1098 942 cf.
1131 916 1232 954 quae
1262 904 1311 942 ad
1341 904 1458 942 huius
1489 903 1663 942 fabulam
1692 902 1758 941 ad-

208 962 444 1002 notavimus.
960 1013 1012 1055 13

888 1093 1071 1147 θνητῶν
1101 1089 1143 1134 δ’
1177 1090 1277 1134 ὅσοι

468 1164 601 1213 ζῶσιν
632 1162 779 1209 κακῶς
809 1161 982 1214 ἔχοντες
1012 1158 1223 1214 ἄφθονον
1253 1161 1370 1214 βίον,

469 1227 555 1283 ἐγώ
586 1228 669 1283 μὲν
699 1225 863 1278 αὐτούς
893 1225 1083 1277 ἀθλίους
1114 1224 1229 1269 εἶναι
1259 1226 1392 1282 λέγω·

468 1294 552 1339 οὐκ
582 1295 641 1339 ἂν
670 1294 830 1338 θανών
861 1294 1097 1350 δήπουθεν
1127 1297 1316 1349 ἔγχελυν
1346 1295 1528 1350 φάγοις,

421 1374 441 1405 5
473 1362 571 1406 οὐδ’
605 1364 657 1407 ἐν
685 1370 887 1419 νεκροῖσι
918 1363 1120 1405 πέττεται
1148 1361 1375 1418 γαμήλιος.

324 1448 551 1486 Athenaeus
574 1448 610 1494 7,
635 1447 751 1486 280d
781 1443 1043 1495 Φιλέταιρος.
1091 1442 1162 1483 ,ἕν
1193 1443 1411 1483 Οἰνοπίωνι
1432 1442 1476 1483 δὲ
1506 1438 1527 1482 6
1546 1441 1666 1491 αὐτός
1687 1459 1760 1494 φη-

210 1514 276 1542 σιν
304 1506 383 1542 κτλ.
424 1503 659 1542 Eustathius
684 1504 803 1552 1156,
825 1504 877 1541 48
908 1499 1040 1552 πέμμα
1062 1475 1123 1552 ’ἦν
1151 1499 1424 1552 καλούμενον.
1444 1499 1674 1568 .γαμήλιος,
1707 1515 1761 1547 ως

210 1558 369 1624 ὃῆλον’
351 1574 394 1598 εκ
416 1559 484 1598 τοῦ
514 1556 714 1598 ’πέττεται
739 1556 965 1610 γαμήλιοςῆ
1041 1559 1078 1596 2.
1111 1556 1206 1602 ζῶσι
1227 1558 1277 1596 Α.
1350 1558 1391 1597 4.
1422 1553 1495 1596 οὐκ
1523 1549 1575 1596 ἂν
1603 1556 1759 1610 Dindf.]

210 1613 257 1655 οὕ
288 1610 374 1668 γὰρ.
420 1631 464 1668 γε
494 1619 584 1655 ante
615 1614 824 1681 δήπουθεν
855 1615 1002 1654 delevit
1029 1615 1193 1654 Porson.
1244 1628 1295 1653 an
1323 1612 1468 1654 θανών
1496 1628 1539 1666 γε
1569 1613 1727 1664 δῆθενῗ

325 1675 362 1711 2.
394 1687 524 1720 κακως
548 1675 700 1721 misere,
732 1674 756 1714 i.
777 1686 813 1711 e.
835 1672 954 1710 nimis
974 1682 1105 1721 pane.
1188 1670 1224 1709 5.
1255 1672 1425 1711 Bekker.
1449 1671 1595 1710 Anecd.
1619 1671 1714 1720 229,
1736 1671 1761 1708 3

209 1727 420 1782 γαμήλιος·
459 1726 480 1768 6
511 1729 566 1776 εἰς
597 1726 688 1776 τοὺς
716 1725 865 1780 γάμους
894 1723 1163 1777 πλασσόμενος
1193 1729 1378 1774 πλακοῦς.

908 1827 1059 1869 1415

414 1895 437 1939 6
467 1896 679 1951 μάγειρος
708 1888 839 1944 οὗτος
869 1896 1113 1936 Πατανίων
1143 1893 1443 1947 προσελθέτω.

414 2022 597 2070 πλείους
627 2020 937 2073 Στρατονίκου
966 2016 1072 2067 τούς
1100 2017 1303 2072 μαθητάς
1332 2032 1407 2071 μοι
1438 2017 1566 2058 δοκεῖ

413 2088 529 2139 ἕξειν
558 2087 814 2130 Πατανίων.

325 2171 555 2210 Athenaeus
575 2170 614 2218 4,
641 2171 751 2208 1696
780 2165 975 2206 πατάνιον
1003 2163 1046 2204 δὲ
1075 2164 1140 2205 διὰ
1168 2170 1239 2204 τοῦ
1268 2179 1298 2203 π
1314 2195 1324 2205 .
1343 2196 1352 2204 .
1372 2196 1380 2205 .
1397 2162 1624 2214 Φιλέταιρος
1647 2165 1763 2204 Οἰνο-

212 2226 333 2266 πίωνι
361 2223 382 2265 6
414 2226 597 2278 μάγειρος
627 2247 682 2253 -—
719 2221 984 2274 προσελθέτω.
1044 2220 1112 2261 καὶ
1141 2220 1282 2261 πάλιν·
1314 2220 1475 2268 πλείους
1505 2223 1586 2261 κτλ.
1644 2235 1763 2260 πατα-

216 2284 332 2323 νείων
352 2284 412 2323 bis
433 2284 482 2322 A.
533 2282 650 2332 coqui
679 2295 824 2321 nomen
845 2293 927 2320 esse
947 2281 1139 2320 indicavit
1159 2279 1514 2330 Schweighaeuser.
1536 2279 1764 2318 conlaudari

213 2342 370 2381 videtur
400 2353 548 2389 coquus
578 2353 601 2378 a
631 2338 943 2389 symposiarchoz
981 2350 1110 2387 neque
1148 2336 1318 2375 multum
1356 2336 1460 2374 inter
1490 2349 1530 2375 se
1562 2335 1766 2386 distabant

214 2398 308 2436 haec
338 2398 572 2447 fragmenta.

327 2453 538 2492 Praeterea
566 2452 616 2491 ef.
648 2451 865 2490 Nicosssrati
897 2450 1138 2500 Oenopionis
1168 2450 1446 2500 fragmentum.

887 2561 1086 2595 ΤΗΡΕΤΣ

965 2627 1017 2668 16

754 2695 1007 2736 πεπωκέναι
1038 2693 1165 2735 δοκεῖ
1189 2691 1267 2734 τὸν
1297 2692 1408 2734 κατὰ
1441 2691 1524 2733 δύο

486 2764 561 2806 καὶ
591 2769 709 2817 τρεῖς
736 2759 947 2815 ἀκράτου.

335 2847 560 2885 Athenaeus
594 2847 664 2896 10,
686 2845 803 2884 43οᾶ
832 2839 1060 2893 Φιλέταιρος
1091 2837 1130 2880 δ’
1153 2839 1208 2880 -ἐν
1242 2843 1364 2893 Τηρεῖ
1387 2839 1461 2879 δύο
1490 2838 1637 2886 ὕδατος
1666 2837 1763 2892 πρὸς
