1864 3204
217 223 297 266 186
862 223 1135 258 Ersso‘err

896 359 1087 392 MHAEIA
1128 400 1131 403 ¹
1163 359 1167 362 ’

966 436 1022 478 64

487 515 632 558 τεῦτλ’
655 515 959 572 ἀμπεχομένης
989 516 1225 570 παρθένου
1254 515 1470 564 Βοιωτίας

487 585 729 641 Κωπᾷδος·
764 582 997 638 ὀνομάζειν
1025 580 1112 638 γάρ
1143 583 1356 636 αἰδοῦμαι
1385 581 1515 624 θεάν.

331 679 560 717 Athenaeus
582 680 744 724 7‚3000
771 673 833 716 ὅτι
863 671 902 715 δ’
924 675 1077 727 ἤσθιον
1106 674 1173 722 τὰς
1204 673 1369 726 ἐγχέλεις
1399 673 1465 713 καὶ
1485 673 1580 724 μετὰ
1601 673 1771 714 τεύτλων

218 733 487 783 ἐντυλίξαντες
507 766 515 774 .
535 765 543 774 .
564 766 572 774 .
591 732 800 786 Εὔβουλος
831 731 874 772 δέ
904 743 1066 783 φησιν
1104 730 1176 773 ,ἐν
1207 732 1372 783 Μηδεία
1402 733 1481 770 κτλ.
1572 734 1607 771 1.
1638 728 1766 770 τεῦτλ’

216 789 489 842 ἀμπεχομένης
528 792 709 830 addenda
744 804 828 830 esse
866 791 1023 829 monuit
1062 789 1227 830 casaub.
1290 789 1493 852 praecedit
1529 789 1635 827 enim
1663 789 1768 838 apud

217 849 464 887 Athenaeum
495 849 543 886 fr.
563 850 629 889 37.
718 843 940 898 παρθένου,
971 847 1064 911 quia
1093 846 1272 896 anguilla
1301 845 1411 894 quasi
1444 845 1573 883 locum
1603 846 1770 895 occupat

216 905 431 944 Minervae.
484 917 564 943 non
594 905 666 943 hoc
697 904 794 943 dicit
824 917 864 942 se
896 904 1022 942 vereri
1051 903 1270 953 anguillam
1300 902 1412 939 deam
1440 897 1660 951 adpellare,
1700 901 1769 940 sed

218 962 345 1000 vereri
384 961 496 999 deam
535 973 606 999 suo
643 961 802 999 nomine
840 960 1057 1010 anquillam
1095 959 1314 1008 adpellare,
1360 959 1564 1007 tamquam
1599 970 1681 996 non
1717 957 1771 997 sit

217 1018 303 1056 dea.
354 1018 555 1066 pan-odiam
587 1029 670 1055 esse
701 1015 985 1066 Eurip.Orest.
1004 1017 1055 1054 37
1089 1010 1295 1065 ὀνομάζειν
1323 1012 1396 1064 γὰρ
1427 1012 1613 1061 αἰδοῦμαι
1645 1010 1765 1066 θεᾶςΙ

218 1070 445 1124 Εὐμενίδας
475 1074 629 1112 monuit
660 1074 899 1123 Toeppelius
928 1073 1068 1122 Progr.
1089 1071 1235 1111 Neobr.
1259 1072 1379 1120 1851,
1405 1071 1467 1109 15.
1492 1093 1547 1097 —
1576 1067 1694 1120 θεάν,
1724 1073 1770 1108 ut

218 1131 383 1180 Antiph.
414 1132 481 1169 81.
532 1131 583 1169 cf.
615 1130 821 1179 Aristoph.
854 1129 900 1166 fr.
934 1129 1029 1167 204.

857 1249 1119 1284 ΜΤΛΩΘΡΙΣ

331 1334 526 1395 Harpocr.
558 1329 789 1382 μυλωθρός·
823 1328 844 1369 ὁ
874 1330 1035 1382 μυλῶνα
1065 1327 1299 1380 κεκτημένος
1330 1327 1395 1367 καὶ
1425 1325 1485 1382 (ὅ)
1511 1326 1769 1382 ἐργαζόμενος

217 1386 300 1442 (ἐν)
332 1382 459 1442 αὐτῷ.
508 1387 606 1428 ,ἔστι
638 1385 682 1427 δὲ
711 1386 778 1429 καὶ
807 1386 914 1439 παρὰ
935 1390 1016 1434 τοῖς
1037 1390 1225 1437 κωμικοῖς
1246 1380 1344 1424 πολυ
1366 1383 1768 1437 τοῦνομα.1”)1113.1·ο11.

219 1450 256 1493 1,
280 1448 332 1484 23
366 1443 545 1484 Μένωνα
574 1442 649 1495 μὲν
679 1441 748 1483 τὸν
776 1442 994 1495 μυλωθρὸν
1022 1439 1294 1490 ἀπεκτείνατε,
1325 1438 1424 1480 διότι
1453 1441 1578 1480 παιδα
1609 1439 1766 1480 ἐλευθε-

215 1515 304 1552 ρον.
325 1499 463 1552 ,ἔσχεν
493 1499 536 1540 ἐν
566 1516 617 1539 τω
646 1494 1646 1552 μυλῶνι.ο1”.1)ει11081;11.53,14.Μυλωθρόν
1675 1499 1767 1538 scri-

215 1559 298 1608 psit
329 1559 477 1597 Alexis.

964 1610 1019 1652 65

800 1687 876 1731 καὶ
905 1695 1026 1731 πιεῖν
1057 1689 1191 1743 χωρὶς
1219 1688 1363 1744 με’τρςο

487 1756 718 1813 ὀξύβαφον
749 1758 809 1807 εἰς
838 1757 887 1799 τὸ
919 1755 1092 1798 κοινόν.
1145 1751 1234 1797 εἷθ’
1256 1752 1499 1809 1ὑπσιτίμνυτο

487 1823 511 1867 ὁ
539 1826 623 1880 μὲν
654 1822 774 1874 οἶνος
806 1816 905 1875 ὅξος
935 1821 1075 1866 αὑτὸν
1106 1819 1221 1865 εἶναι
1249 1823 1454 1877 γνήσιον,

489 1891 536 1935 τὸ
568 1893 612 1934 δ’
635 1890 733 1943 ὄξος
763 1889 890 1935 οἶνον
920 1888 1030 1933 αὐτὸ
1061 1892 1234 1945 μᾶλλον
1264 1889 1477 1941 θατέρου.

334 1988 564 2026 Athenaeus
598 1988 662 2034 11,
681 1987 794 2025 4940
823 1980 1060 2036 μνημονεύει
1093 1981 1134 2022 δὲ
1165 1987 1233 2021 τοῦ
1263 1979 1470 2034 ὀξυβάφου
1500 1976 1552 2028 ὦς
1583 1981 1769 2032 ποτηρίου

220 2042 287 2082 καὶ
329 2041 537 2094 Εὔβουλος
581 2041 624 2081 ἐν
669 2040 917 2090 Μυλωθρίδι
961 2038 1229 2092 (μυλωθρίδηι
1267 2035 1361 2106 A)
1367 2040 1448 2077 κτλ.
1569 2042 1604 2076 1.
1643 2042 1768 2088 μετρῶ

222 2093 899 2150 8011ννθίςὴ.2.εἶτ’ἐπομνύτω
928 2091 1394 2136 1)111(101·1“.3.αυτὸν
1444 2090 1564 2141 αὐτὸς
1586 2094 1704 2132 Mein.
1726 2095 1767 2133 in

223 2157 368 2195 Athen.
401 2157 460 2194 ed.
551 2157 590 2195 4.
621 2151 718 2193 αὑτὸ
748 2151 908 2207 Dindf.]
939 2149 1066 2192 αὐτὸν
1085 2153 1137 2191 Α.
1183 2152 1327 2191 Coraes
1357 2148 1468 2201 αντὸ,
1498 2165 1542 2191 ac
1572 2151 1627 2190 sic
1647 2151 1768 2189 Mein.

217 2214 259 2252 in
288 2213 396 2261 Ath„
428 2213 545 2251 simul
575 2224 798 2262 proponens
827 2204 932 2256 οἶνος
962 2210 1076 2248 Anal.
1107 2209 1201 2247 Ath.
1234 2209 1329 2247 228.

330 2270 523 2319 Harpocr.
554 2265 781 2318 ὑπωμοσία·
828 2265 870 2305 τὸ
899 2263 1191 2318 ὑπερτίθεσθαι
1220 2263 1337 2314 δίκην
1365 2259 1614 2331 προφάσει
1643 2277 1765 2313 χρω-

216 2338 371 2376 μενον
407 2322 609 2393 ἀποδημία
647 2321 674 2375 ἢ
710 2322 814 2377 νόσῳ
849 2321 877 2374 ἤ
907 2336 983 2361 τινι
1013 2327 1093 2360 τῶν
1122 2318 1409 2371 παραπλησιων
1436 2314 1531 2370 μεθ’
1555 2332 1702 2370 ορκον.

218 2379 414 2432 ἐλέγετο.
435 2363 798 2430 .ὖπόμνυσθαι.
838 2381 915 2419 duo
946 2379 1108 2418 extremi
1140 2390 1277 2418 versus
1307 2377 1460 2416 facilem
1482 2377 1629 2416 habent
1647 2377 1768 2415 inter-

217 2438 495 2488 pretationem.
557 2438 623 2476 sed
664 2450 783 2487 quem
820 2437 951 2476 locum
988 2437 1031 2474 in
1067 2435 1138 2473 tali
1176 2446 1291 2473 causa
1320 2433 1463 2472 habeat
1493 2432 1696 2495 ampliatio
1727 2433 1768 2470 et

218 2508 316 2544 quae
347 2495 401 2533 sit
430 2494 698 2544 intellegenda
727 2493 992 2533 simulationis
1023 2491 1172 2540 species
1202 2502 1332 2539 neque
1362 2502 1408 2527 ex
1436 2488 1691 2539 fragmento‘
1681 2499 1767 2537 ipso

218 2551 467 2615 cognoscitur
497 2562 621 2600 neque
651 2562 697 2588 ex
727 2550 782 2588 eis
812 2562 913 2599 quae
945 2548 1147 2587 Dobraeus
1176 2545 1344 2587 Adv.11
1366 2546 1446 2584 334
1477 2547 1516 2583 et
1545 2544 1766 2583 Meinekius

159 2632 168 2641 ·
218 2608 259 2646 111
289 2607 348 2646 ed.
379 2607 469 2646 mai
501 2608 776 2656 exposuerunt.

913 2725 1072 2758 ΜΤΣΟΙ

218 2866 259 2904 Μ
287 2866 293 2872 1
331 2810 501 2904 HzIzbgigtg
529 2809 703 2858 aliquam
743 2806 1042 2847 similitudinem
1080 2806 1303 2856 fragmenta
1340 2805 1392 2842 66
1424 2805 1464 2842 et
1491 2798 1558 2842 53.
1591 2803 1658 2841 54.
1717 2802 1765 2841 cf.

262 2879 339 2904 em.
508 2894 516 2903 .
