1864 3204
238 208 320 254 ‘276
824 209 1205 248 ΑΡΙΣΤΟΦΩΝΤΟΣ

811 394 1219 443 ΑΡΙΣΤΟΦΩΝ

509 498 677 536 Meinek.
708 497 729 535 I
758 499 854 536 410.
901 498 1056 538 Hanov.
1089 498 1262 536 Exereit.
1284 498 1370 538 crit.
1393 499 1445 536 29
1463 511 1520 548 sq.

926 621 1105 653 ΒΑΒΙΑΣ

350 701 435 739 Viri
465 714 610 740 nomen
640 714 723 740 esse
752 687 926 741 ‘videbun
977 702 1149 742 Meinek.
1181 701 1201 738 I
1231 702 1326 740 410.

1009 813 1029 852 1

507 889 653 946 σαφὴς
683 887 706 931 ὁ
735 889 901 945 χειμών
933 889 1027 931 ἐστι
1056 892 1133 945 τῆς
1162 891 1319 939 πενίας
1347 886 1528 944 λύχνος·

505 957 681 1000 ἅπαντα
713 959 865 1012 φαίνει
895 956 949 998 τὰ
983 955 1098 999 κακοὶ
1129 958 1203 999 καὶ
1232 956 1286 999 τὰ
1318 957 1529 1014 δυσχερῆ.

350 1052 546 1091 Stobaeus
577 1052 715 1090 Floril.
748 1053 888 1101 96,19
918 1047 1228 1102 Αριστοφωντος
1259 1050 1409 1102 Βαβίου
1440 1053 1488 1090 Α.
1579 1055 1614 1091 1.
1644 1051 1789 1104 λύχνος

237 1106 417 1159 Grotius]
457 1102 477 1145 ὁ
517 1106 670 1158 λύχνος.
735 1109 791 1147 sio
830 1108 1193 1158 interpungendum
1231 1120 1314 1146 esse
1354 1104 1453 1161 (non
1480 1112 1575 1158 post
1605 1107 1704 1164 ἐστι)
1741 1111 1787 1152 L.

236 1166 516 1204 Friedlaender
545 1166 700 1204 monuit
731 1164 868 1215 (Mein.
901 1165 960 1203 ed.
991 1165 1088 1203 min.
1119 1161 1243 1218 xvn).
1301 1165 1426 1204 hiems
1457 1166 1589 1204 omnia
1620 1179 1787 1217 pauper

237 1222 331 1261 tatis
361 1223 466 1260 mala
494 1223 707 1260 inlustrare
739 1221 883 1260 dicitur
913 1221 1094 1260 lucernae
1124 1222 1262 1260 instar.

348 1279 558 1318 Praeterea
588 1279 639 1318 cf.
672 1278 721 1317 fr.
757 1278 821 1316 15.

729 1401 938 1434 AIATMOI
969 1401 1004 1432 H
1035 1400 1308 1434 ΠΤΡΑΤΝΟΣ

354 1481 670 1521 Cf.Meinek.1
700 1483 796 1522 410.
846 1482 1011 1520 Photius
1041 1479 1265 1533 πύραυνος·
1298 1474 1318 1518 ὁ
1352 1473 1394 1518 τὸ
1423 1486 1505 1534 πῦρ
1535 1479 1788 1534 ἐναυόμενος.

238 1539 424 1577 Eusiath.
460 1540 586 1586 1548,
610 1539 633 1575 2
674 1536 832 1576 ἐκεῖθεν
862 1535 906 1575 δὲ
935 1536 1001 1575 καὶ
1030 1535 1235 1589 πύραυνος
1265 1535 1364 1576 κατὰ
1395 1537 1485 1584 τούς
1516 1537 1784 1590 παλαιούς,ὁ

235 1588 276 1632 τὸ
311 1600 391 1663 πῦρ
424 1593 675 1663 ἕναυόμενος.
725 1595 865 1634 Pollux
898 1596 941 1642 6,
965 1596 1017 1633 89
1055 1593 1331 1645 πυραύνους·
1371 1592 1451 1632 ἔστι
1481 1592 1525 1633 δὲ
1553 1592 1714 1647 ἀγγεῖα,
1746 1595 1790 1636 ἐν

234 1665 293 1698 οις
324 1650 415 1697 τοὺς
447 1649 645 1702 ἐμπύρους
675 1647 884 1702 ἄνθρακας
913 1649 1151 1701 κομίζουσιν.
1193 1652 1361 1700 10,104
1391 1649 1438 1690 τὸ
1470 1649 1515 1690 δὲ
1543 1649 1788 1704 πύραυνοὶσ,

234 1709 263 1745 ώ
296 1706 389 1754 τοὺς
420 1705 622 1775 ἐμπύρους
651 1706 862 1758 ἄνθρακας
893 1707 1130 1758 κομίζου.σιν
1162 1708 1375 1748 Herodian.
1404 1709 1424 1746 I
1448 1710 1619 1758 178,10
1647 1710 1785 1750 Lentz.

233 1763 487 1815 πύραυνος
526 1761 546 1802 ὁ
589 1762 871 1814 χυτρόπους
910 1762 1261 1816 προπαροξύνεται.
1312 1765 1389 1803 fuit
1428 1766 1547 1804 etiam
1585 1766 1788 1816 Euphanis

234 1825 277 1859 et
308 1822 484 1860 Alexidis
516 1817 744 1872 Πύραυνος

762 1951 908 1995 ἔπειθ’
930 1950 1094 2007 ἡπάτια
1125 1955 1199 1995 καὶ
1227 1956 1387 2008 νῆστίν
1417 1969 1517 1995 τινα

436 2022 735 2077 προσέθηκεν,
768 2019 914 2075 οἶμαι,
946 2021 1249 2075 πεντέχαλκον
1279 2021 1563 2076 προσλαβών.

347 2115 485 2153 Pollux
510 2116 614 2162 9‚7O
643 2112 711 2153 καὶ
741 2111 1003 2164 πεντέχαλκον
1033 2111 1077 2152 δὲ
1106 2112 1198 2160 τοὺς
1230 2111 1345 2153 πέντε
1375 2114 1542 2165 χαλκοῦς
1563 2109 1785 2167 ὠνομασμέ-

232 2185 327 2217 νους
359 2169 527 2222 εὕρομεν
557 2169 600 2209 ἐν
630 2174 709 2217 τοῖς
737 2168 1050 2223 Ἀριστοφῶντος
1070 2168 1263 2221 Διδύμοις
1283 2167 1312 2222 ἢ
1331 2168 1534 2224 Πυραύνῳ
1555 2174 1635 2210 κτλ.
1675 2173 1786 2224 Πυρ-

233 2227 344 2281 αύνῳ
374 2226 547 2279 Kuehn.]
579 2227 781 2280 πυραύλῳ.
852 2228 997 2266 dicitur
1025 2228 1153 2266 lanius
1181 2240 1254 2277 pro
1275 2229 1449 2278 quinque
1470 2228 1613 2267 chalcis
1635 2229 1786 2279 aliquid

231 2286 279 2379 {f
310 2298 437 2379 meroe
469 2287 772 2380 sussssgamquam
804 2285 1005 2323 cumulum
1025 2284 1233 2324 addidisse.
1273 2285 1320 2324 de
1334 2286 1580 2334 pentachalco
1602 2285 1782 2325 Hultseh.

275 2344 360 2380 etro
379 2371 388 2380 .
420 2355 479 2391 gr.
597 2372 604 2379 .

921 2430 1097 2464 ΙΑΤΡΟΣ

991 2509 1018 2550 3

536 2586 586 2628 αἱ
611 2588 702 2628 τῶν
731 2587 922 2640 ἑταιρῶν
950 2582 1038 2640 γαρ
1069 2587 1286 2636 διοπετεῖς
1317 2576 1472 2629 οἰκίαι·

534 2653 774 2708 γεγόνασιν
805 2651 961 2708 ἄβατοι
991 2661 1082 2703 τοῖς
1112 2656 1263 2709 ἔχουσι
1293 2655 1405 2709 μηδὲ
1434 2654 1499 2697 ἕν.

345 2747 539 2786 Stobaeus
569 2748 704 2786 Floril.
738 2750 775 2796 6,
799 2749 849 2785 27
880 2741 1188 2799 Ἀριστοφῶντος
1215 2744 1366 2799 Ἰατροῦ
1396 2749 1444 2790 Α.
1522 2750 1559 2786 1.
1591 2746 1780 2796 διοπετεῖς

229 2801 303 2854 γὰρ
333 2804 484 2842 Nauck.
517 2804 634 2842 Mein.
666 2805 788 2854 praef.
823 2804 934 2845 Stob.
966 2805 986 2842 I
1016 2817 1115 2845 xv11.
1176 2807 1216 2843 at
1254 2806 1290 2843 ei
1327 2806 1404 2854 ipsi
1434 2805 1591 2843 numeri
1621 2806 1779 2845 comicis

230 2862 323 2898 sunt
352 2860 613 2898 usitatissimi.
641 2882 690 2887 ——
711 2861 952 2910 pauperibus
978 2862 1228 2899 meretricum
1258 2861 1372 2900 aedes
1403 2864 1483 2899 tam
1513 2861 1663 2901 clausas
1694 2875 1778 2901 esse
