1806 3216
165 161 250 204 540
651 153 886 190 ΦΙΛΗΜῼΝ
910 154 941 187 0
964 152 1230 187 NEsaTEPoz

526 268 860 318 ΦΙΛΗΜΩΝ
898 266 941 317 Ο
978 263 1355 315 ΝΕΩΤΕΡΟΣ

834 379 1047 414 ΜῙΛΗΣῙΑ

278 454 447 492 Koehler
477 453 509 491 Ι.
540 452 587 490 A.
621 465 661 491 n.
693 453 773 491 975
804 451 866 490 III
898 452 947 488 11
981 445 1171 500 Φιλήμων
1201 445 1289 486 νεώ.
1343 445 1541 500 ΛῙιλησίᾳ.

849 550 1039 584 ΦΩΚΕΙΣ
1069 553 1072 556 ’

286 623 458 662 Koehler
478 623 509 660 I.
534 623 582 660 A.
604 635 643 661 n.
668 623 748 661 975
770 622 819 660 fr.
841 622 862 659 f
879 622 903 659 5
924 621 1072 673 παλαιᾷ
1107 619 1294 657 Φωκεῦσι
1326 614 1606 669 Φιλή[μονος].

697 720 902 755 ΑΔΗΑῼΝ
928 718 1194 754 ΔΡΑΜΑΤΩΝ

931 811 953 851 1

372 889 533 932 ἐάσαθ’
568 888 710 940 οὕτως
739 885 798 939 ὠς
829 890 928 943 ἔχει.
977 885 1027 930 τὸ
1058 890 1150 943 πῦρ
1179 885 1322 941 μόνον

368 965 534 1000 ποιεῖτε
565 965 656 1008 τοῖς
687 954 862 999 ὀπτοῖσι
893 954 994 1012 μήτ’
1027 954 1280 1010 ἀνειμένον,

292 1037 300 1044 ·
369 1023 418 1068 τὸ
449 1024 535 1080 γὰρ
566 1023 737 1068 τοιοῦτ’
773 1022 857 1067 οὐκ
889 1023 1029 1067 ὀπτὸν
1059 1020 1157 1065 ἀλλ’
1191 1020 1338 1077 ἑφθὸν
1367 1028 1504 1063 ποιεῖ·

369 1091 471 1149 μήτ’
506 1091 609 1148 ὀξύ,
641 1095 855 1135 κατακάει
885 1092 970 1147 γὰρ
1002 1090 1068 1133 ὅσ’
1101 1087 1160 1132 ὄίν
1191 1090 1271 1142 ἔξω
1302 1090 1420 1145 λάβῃ

318 1170 338 1202 5
369 1164 502 1204 τοῦτο
532 1160 685 1216 πάλιν,
719 1162 779 1211 εἰς
808 1158 889 1216 τὴν
920 1159 1064 1215 σάρκα
1095 1157 1138 1201 δ’
1171 1155 1254 1201 οὐκ
1287 1155 1516 1201 ἐνδύεται.»

368 1229 581 1284 μάγειρός
613 1228 736 1272 ἐστιν
768 1227 851 1271 οὐκ
883 1226 964 1271 ἐὰν
994 1227 1250 1282 ζωμήρυσιν

369 1300 484 1353 ἔχων
513 1313 579 1348 τις
609 1299 721 1353 ἔλθῃ
753 1295 826 1339 καὶ
856 1295 1079 1352 μάχαιραν
1111 1293 1224 1350 πρός
1253 1309 1374 1349 τινα,

369 1363 468 1407 οὐδ’
503 1364 562 1407 ἄν
591 1381 657 1415 τις
687 1365 748 1415 εἰς
777 1363 856 1414 τοὶς
885 1361 1083 1413 λοπάδας
1113 1363 1244 1418 ἰχθῦς
1275 1360 1468 1418 ἐμβάλῃ·

373 1431 473 1475 ἀλλ’
507 1434 599 1475 ἔστι
629 1448 693 1482 τις
723 1432 943 1488 φρόνησις
973 1430 1021 1473 ἐν
1051 1433 1111 1487 τῷ
1142 1431 1378 1485 πράγματι.

280 1527 509 1567 Athenaeus
542 1529 586 1578 7,
619 1527 737 1566 291d
769 1522 789 1565 ὁ
819 1522 926 1577 παρὰ
963 1529 1016 1578 τῷ
1047 1521 1222 1577 νεωτέρῳ
1253 1518 1454 1574 Φιλήμονι
1491 1518 1724 1575 μάγειρος

167 1582 530 1630 διδασκαλικός
554 1598 609 1629 τις
630 1577 731 1622 εἶναι
753 1580 862 1622 θέλει
882 1580 1046 1621 τοιαῦτά
1067 1595 1154 1620 τινα
1174 1583 1304 1620 λαλῶν
1319 1582 1400 1619 κτλ.
1461 1582 1500 1619 1.
1521 1577 1659 1619 ἐάσατε
1672 1580 1722 1619 Α.

169 1637 222 1686 ὥς
261 1639 337 1691 ἔχει
365 1637 520 1694 Bentl.]
560 1638 662 1691 ἔχειν
690 1640 740 1679 A.
826 1637 952 1690 μόνον
982 1637 1036 1691 A]
1066 1636 1216 1689 μέσον
1245 1638 1294 1676 Κ.
1346 1637 1395 1675 cf.
1427 1637 1573 1676 Eubul.
1606 1638 1651 1687 7,
1687 1639 1722 1675 1.

173 1698 332 1737 Alexid.
357 1699 448 1745 173,
470 1699 507 1735 2.
533 1699 568 1739 6.
620 1697 790 1747 Sosipat.
814 1698 881 1737 53.
971 1697 1009 1734 2.
1040 1696 1208 1733 ποιεῖται
1238 1696 1278 1733 et
1306 1688 1442 1740 ὀπτοῖς
1472 1694 1520 1732 A.
1609 1693 1648 1732 4.
1680 1689 1724 1740 ὃς

165 1751 219 1792 ἂν
248 1754 297 1792 A.
409 1757 444 1794 6.
474 1752 656 1805 μάγειρος
687 1750 729 1791 δ’
762 1755 811 1792 Α.
920 1755 959 1794 7.
989 1750 1088 1804 πρός
1119 1748 1227 1804 τινα]
1259 1748 1542 1800 πρόστομον
1569 1749 1619 1788 Κ.
1670 1750 1721 1789 cf.

167 1811 314 1850 Eubul.
348 1812 440 1861 107,
475 1812 539 1850 10.
589 1811 692 1850 Poll.
725 1811 769 1860 2,
805 1811 880 1849 101
915 1806 1135 1860 πρόστομον
1164 1805 1208 1846 δὲ
1239 1806 1352 1856 ξίφος
1383 1805 1425 1845 τὸ
1455 1803 1725 1857 ἕστομωμένον

169 1865 236 1906 καὶ
265 1865 405 1914 τομόν·
445 1865 488 1906 τὸ
519 1865 563 1906 δὲ
592 1864 769 1918 μαλακὸν
797 1864 864 1905 καὶ
891 1864 1067 1915 ἄστομον
1094 1861 1367 1914 ἆπρόστομον,
1407 1859 1461 1910 ὥς
1493 1861 1670 1915 Μάγνης
1701 1859 1723 1902 ὁ

166 1922 339 1974 κωμικός
370 1920 448 1977 (7).
497 1925 575 1964 nisi
604 1920 702 1975 πρός
733 1938 821 1962 τινα
852 1925 912 1962 est
943 1925 1018 1963 ‘ad
1046 1923 1192 1971 erum',
1226 1921 1294 1971 qui
1324 1933 1492 1971 coquum
1521 1920 1722 1962 conduxit.

169 1981 218 2020 de
258 1982 455 2020 sententia
494 1981 541 2022 of.
573 1981 740 2031 Dionys.
775 1982 819 2029 2,
853 1980 904 2018 15
925 1993 985 2030 sq.
1025 2001 1082 2008 —-
1120 1992 1140 2017 e
1170 1979 1298 2018 Milite
1335 1973 1405 2029 (cf.
1435 1977 1483 2015 fr.
1519 1973 1591 2030 79)
1630 1977 1723 2015 haec

169 2037 563 2088 Schweighaeuserus
600 2039 803 2087 excerpta,
851 2050 939 2076 eum
978 2038 1111 2075 autem
1149 2035 1316 2074 iunioris
1353 2046 1438 2073 esse
1477 2033 1722 2072 Philemonis

169 2094 400 2133 arbitrabur.

899 2150 937 2188 2.
969 2150 993 2188 3

370 2227 435 2275 τίς
464 2220 596 2276 οὗτός
627 2224 740 2277 ἐστ’;
773 2229 822 2271 Β.
855 2222 1014 2279 ἰατρός.
1065 2228 1118 2266 Α.
1150 2220 1210 2273 ὥς
1238 2224 1388 2272 κακῶς
1418 2223 1507 2278 ἔχει

372 2292 487 2344 ἅπας
518 2294 690 2349 ἰατρός,
723 2292 779 2336 ἂν
810 2296 958 2342 κακῶς
987 2292 1140 2348 μηδεὶς
1170 2292 1258 2347 ἔχῃ.

371 2428 496 2484 μόνῳ
527 2428 568 2471 δ’
603 2431 739 2486 ἰατρῷ
769 2431 900 2472 τοῦτο
932 2426 1007 2471 καὶ
1037 2425 1274 2482 συνηγόρῳ

371 2495 525 2551 ἔξεστ’,
558 2496 841 2564 άποκτείνειν
870 2497 966 2552 μέν,
998 2493 1307 2552 ἀποθνῄσκειν
1337 2493 1387 2537 δὲ
1415 2491 1490 2548 μή.

283 2593 480 2631 Stobaeus
517 2592 652 2631 Floril.
686 2593 785 2642 102,
818 2593 841 2630 6
881 2587 1105 2640 Φιλήμονος
1143 2586 1333 2638 νεωτέρου
1370 2588 1419 2626 Α.
1529 2589 1565 2625 1.
1605 2579 1722 2633 οὗτός

171 2644 278 2687 ἐστιν
297 2648 345 2687 Α.
426 2651 464 2687 2.
488 2645 564 2699 ἔχει
585 2648 699 2688 Voss.
781 2650 818 2687 3.
842 2645 964 2701 τούτῳ
983 2647 1099 2686 Voss.
1179 2646 1217 2697 4.
1241 2639 1361 2692 ἔξεστ’
1384 2642 1537 2695 Bona]
1561 2640 1719 2696 ἔξεστιν.

168 2701 400 2744 ἀποκτεῖναι
432 2706 477 2743 Β.
538 2719 577 2744 v.
610 2706 647 2744 3.
679 2706 705 2743 4
734 2719 758 2744 a
786 2704 948 2754 reliquis
978 2703 1150 2742 seiunxit
1174 2702 1356 2741 Grotius.
