1864 3204
630 182 838 217 AAHAszN
863 180 1126 216 ΔΡΑΜΑΤΩΝ
1535 173 1538 177 ’
1578 178 1663 222 209

95 287 427 338 numerabantur,
458 289 592 327 tamen
624 284 847 339 ἐντραγεῖν,
879 300 967 327 oum
998 287 1150 338 pariter
1179 286 1228 326 ad
1259 286 1393 325 omnia
1422 298 1524 336 quae
1554 281 1662 325 eom-

95 346 366 384 memorantur
394 345 612 395 pertineat,
645 348 714 384 aut
741 344 882 395 primis
902 347 974 384 aut
1001 344 1190 383 extremis
1213 343 1363 392 verbis,
1395 355 1477 382 non
1507 343 1662 382 mediae

11 448 15 452 Α
96 401 268 441 orationi
305 404 392 440 erat
427 402 694 441 inserendum.
743 414 845 451 quae
883 414 971 441 cum
1008 402 1066 440 ita
1102 401 1205 448 sint,
1244 400 1374 440 scribo
1413 396 1662 451 στρουθάρια

95 453 223 497 κίον’
231 485 244 508 ,
273 452 460 526 ατταγᾶ
469 471 515 508 ν,
547 458 610 497 vel
639 458 856 497 secundum
877 458 1142 508 posteriorum
1164 457 1493 497 consuetudinem
1517 457 1661 508 (Phoe-

95 515 224 556 nieid.
259 516 299 567 2,
323 513 367 566 5)
398 510 603 566 ἆτταγῆν’,
638 509 880 561 ἀκανθίδας.
940 515 974 554 si
1003 515 1092 564 quis
1122 516 1255 553 autem
1286 514 1454 553 miretur
1475 516 1664 564 psittacos

98 544 349 624 (βιττάκους)
380 574 421 611 et
449 570 668 626 κερχνῇδας
697 573 789 620 emi,
823 572 921 613 Aah,
954 571 1037 610 875
1068 572 1191 610 etiam
1219 570 1370 610 κολοιοί
1396 574 1586 610 veneunt.

776 681 870 724 124.
904 681 986 725 125

671 761 844 804 Θάσιον
871 757 902 817 ἦ
935 763 1047 804 Χῖον
1076 758 1231 817 λαβών

302 828 332 885 ἢ
364 829 561 885 Λέσβιον
590 830 781 885 γέροντα
812 831 1159 886 νεκταροσταγῆ.
1211 880 1213 882 ,

302 901 351 940 Β.
385 895 557 941 ἄτοπον
588 898 638 941 δὲ
668 896 750 942 τὸν
779 898 864 953 μὲν
894 894 1024 941 οἶνον
1056 895 1314 953 εὐδοκιμεῖν
1344 895 1414 940 ἀεὶ

302 964 424 1022 παρὰ
453 973 549 1017 ταῖς
579 966 775 1022 ἑταίραις
804 965 885 1009 τὸν
915 965 1125 1021 παλαιόν,
1157 964 1302 1020 ἄνδρα
1333 965 1383 1008 δὲ

245 1045 266 1076 5
296 1033 357 1090 μὴ
389 1034 469 1076 τὸν
499 1034 709 1090 παλαιόν,
741 1032 857 1077 ἀλλά
887 1032 971 1077 τὸν
999 1034 1237 1090 νεώτερον.

210 1117 441 1158 Athenaeus
474 1119 519 1168 1,
550 1118 634 1157 28f
659 1115 891 1187 Εὔβουλος·
932 1115 1087 1157 Θάσιον
1115 1139 1170 1146 -
1203 1123 1510 1170 νεκταροσταγῆ.
1560 1119 1666 1158 idem

100 1177 135 1226 1,
158 1175 244 1214 25f
270 1171 481 1235 Εὔβουλος
513 1171 556 1213 δέ
586 1185 712 1226 φησιν
740 1173 892 1214 ἄτοπον
921 1171 966 1213 δὲ
995 1176 1079 1215 κτλ.
1138 1172 1183 1215 τὸ
1219 1172 1318 1214 αὐτὸ
1348 1171 1393 1213 δὲ
1423 1173 1490 1213 καὶ
1513 1173 1666 1224 ’Ἄλεξις

96 1228 221 1300 (282)
263 1224 404 1283 σχεδὸν
442 1227 777 1283 ἀπαραλλάκτως,
822 1236 893 1271 τοῦ
939 1229 1138 1284 σφόδρα
1175 1228 1303 1283 μόνου
1348 1230 1531 1281 κειμένου
1575 1228 1668 1271 άντὶ

98 1293 170 1327 τοῦ
198 1284 568 1330 ἆεί.Ειι81;ε.ΐιὶιίιι8
601 1290 726 1340 1422,
750 1290 804 1329 48
827 1286 1039 1338 Εὔβουλος
1071 1286 1113 1327 δὲ
1143 1285 1165 1327 ὁ
1195 1286 1370 1340 κωμικὸς
1391 1287 1520 1336 παίζει
1541 1287 1668 1336 οὕτως

99 1347 181 1386 κτλ.
213 1343 393 1411 λέγεται
429 1342 474 1385 δὲ
502 1343 570 1384 καὶ
590 1343 744 1394 ’Ἀλεξις
783 1344 926 1397 σχεδόν
955 1360 992 1384 τι
1021 1340 1331 1398 ἀπαραλλάκτως
1362 1343 1468 1384 ου’τω
1496 1345 1665 1398 γράψαι.

95 1397 250 1442 ἄτοπόν
277 1417 321 1454 γε
355 1402 469 1443 Eust.
517 1417 580 1441 αει
601 1416 678 1442 om.
702 1403 815 1443 Eust.
848 1425 904 1431 -—
935 1404 975 1442 in
1007 1417 1132 1442 unum
1163 1404 1433 1455 fragmentum
1465 1404 1669 1443 coniunxit

96 1459 339 1509 Meinekius,
371 1461 622 1500 meretricem
653 1473 743 1500 cum
772 1462 950 1500 amatore
979 1461 1164 1511 conloqui
1194 1473 1370 1500 censens.
1460 1461 1499 1501 2.
1529 1474 1665 1499 νεκτα-

97 1521 294 1568 ροσταγῆ,
324 1520 372 1556 ut
400 1516 608 1567 Aristoph.
639 1517 687 1556 fr.
719 1518 814 1566 579,
838 1518 876 1556 5.

847 1627 930 1670 126

916 1708 1072 1748 Σίκων
1103 1706 1190 1760 ἐγώ

269 1775 570 1830 βεβρεγμένος
598 1772 693 1830 ἥκω
723 1773 798 1816 καὶ
829 1773 1244 1829 κεκωθωνισμένος.

269 1845 321 1885 Β.
354 1841 564 1892 πέπωκας
594 1835 748 1893 οὖτος;
796 1845 849 1887 A.
880 1840 956 1884 ναὶ
986 1840 1047 1898 μοὶ
1077 1844 1190 1897 Δία,
1221 1841 1394 1886 πέπωκ’
1427 1842 1514 1898 ἐγώ

272 1910 521 1954 Μενδαῖον.

212 1994 441 2033 Athenaeus
480 1995 524 2043 1,
555 1994 677 2033 23ab
709 1990 920 2045 Εὔβουλος
950 1995 1032 2032 κτλ.
1120 2008 1158 2034 v.
1188 1995 1228 2034 2
1251 1995 1275 2034 3
1307 1988 1483 2050 (·ουτος)
1522 1997 1668 2037 Eusta-

100 2051 208 2091 thius
237 2051 342 2101 890,
373 2051 444 2090 50.
510 2049 684 2089 Cramer.
728 2051 882 2090 Anecd.
915 2050 1038 2090 Paris.
1070 2050 1154 2090 IIII
1181 2052 1370 2099 247,10
1406 2051 1667 2104 βεβρεγμένος

100 2104 216 2158 ἥκει,
246 2122 302 2153 ως
333 2114 464 2157 φησιν
492 2104 723 2170 Εὔβουλος.
784 2105 851 2147 ναὶ
879 2122 933 2158 μα
957 2106 1036 2146 Δία
1065 2103 1220 2146 πέπωκ’
1253 2105 1328 2160 ἐγώ
1349 2109 1505 2150 Hanov.
1530 2111 1666 2151 Exere

101 2165 187 2203 orit.
219 2158 293 2216 45]
331 2154 483 2202 πέπωκ’
527 2156 603 2215 ἐγὼ
638 2179 694 2215 μα
733 2162 826 2203 Δία.
898 2165 1017 2205 Sicon
1053 2167 1094 2204 et
1132 2178 1339 2205 servorum
1379 2169 1421 2204 et
1450 2167 1668 2207 liberorum

100 2221 307 2260 hominum
322 2233 469 2260 nomen
485 2223 561 2259 est.
594 2221 636 2260 in
651 2234 755 2262 nova
768 2222 972 2261 comoedia
980 2222 1193 2272 prodiyum
1209 2222 1432 2272 significare
1445 2224 1668 2264 Meinekius

105 2278 352 2316 demonstrat
381 2278 484 2316 conl.
515 2277 706 2345 Themist'.
739 2279 793 2317 34
823 2292 861 2329 p.
893 2279 975 2318 462
1006 2278 1143 2317 Dindf.
1176 2277 1317 2330 (πλέον
1346 2277 1482 2326 διδοὺς
1512 2293 1538 2329 η
1571 2278 1670 2320 οσον

101 2348 161 2380 τις
182 2327 322 2386 ᾔτησε)
354 2332 443 2372 τίνα
463 2333 626 2373 Σίκωνα
657 2330 731 2373 οὐκ
759 2330 976 2385 ἀποφαίνει
997 2333 1243 2387 Σμικρίνην;
1276 2336 1324 2375 de
1357 2337 1447 2376 vino
1475 2338 1669 2378 Menelaeo

102 2389 466 2430 of.Cratin.183.
851 2444 928 2487 127

1086 2517 1192 2544 υναι

275 2566 484 2622 ῥάφανόν
513 2583 568 2622 με
598 2566 811 2622 νομίσασ’
844 2568 907 2619 εἰς
939 2568 1015 2624 ἐμὲ
1046 2516 1104 2611 ἔὺ
1137 2534 1221 2626 τὴν
1251 2569 1507 2626 κραιπάλην

274 2636 450 2689 μέλλεις
479 2633 664 2691 ἀφεῖναι
694 2637 863 2691 πᾶσαν,
894 2633 954 2687 (ὃς
983 2636 1082 2692 ἐμοὶ
1113 2637 1272 2687 δοκεῖς.

218 2728 448 2769 Athenaeus
481 2731 525 2778 1,
549 2730 639 2769 34d
678 2724 884 2781 Εὔβουλος
919 2728 965 2770 δέ
992 2728 1071 2770 πού
1108 2740 1208 2781 φησι
1245 2732 1326 2770 κτλ.
1416 2732 1454 2770 2.
1487 2727 1556 2784 σύ]
1597 2744 1669 2773 σου

105 2786 228 2825 Dobr.
246 2807 303 2835 ‚—
337 2786 505 2824 ‘mulier
533 2786 617 2825 vini
646 2787 807 2837 iraeque
836 2788 954 2838 plena
981 2801 1069 2827 cum
1100 2788 1354 2826 vehementer
1380 2788 1537 2828 invecta
1563 2794 1670 2830 esset

105 2843 149 2882 in
178 2843 382 2882 hominem
411 2843 546 2882 neseio
569 2855 707 2893 quem,
739 2844 813 2883 ille
828 2845 971 2884 videris
990 2845 1124 2894 inquit
1143 2856 1203 2883 me
1225 2856 1302 2892 pro
1324 2845 1496 2885 brassica
1514 2847 1665 2897 habere,

175 2908 291 2940 Comici
311 2913 435 2946 graeei.
456 2913 502 2939 ed.
523 2913 583 2940 Th.
604 2914 720 2941 Koek.
758 2915 801 2942 11.
1355 2912 1397 2943 14
