1864 3204
470 200 690 234 npoxmz
714 221 757 227 -
781 198 992 233 ΣΕΜΕΑΗ
1017 199 1052 232 H
1077 197 1330 233 ΔΙΟΝΤΣΟΣ
1584 194 1673 238 Ι197

111 307 195 348 487
232 306 428 357 adpositis
465 304 631 356 adparet
666 299 829 355 ἀγαθοῦ
866 301 1054 354 δαίμονος
1091 304 1132 342 et
1168 298 1320 354 ὑγιείας
1357 301 1526 341 eandem'
1554 300 1676 340 fuisse

110 364 336 416 potionem:
367 363 437 402 illa
452 364 596 402 *autem
617 373 772 400 meraca.
792 362 891 399 erat.
923 359 964 399 C.
987 359 1031 398 F.
1053 359 1271 398 Hermann.
1294 358 1389 398 Ant.
1406 359 1509 410 priv.
1529 358 1672 406 28‚18.

113 421 177 461 10.
217 417 318 460 ὥστε
346 416 660 472 βαμβάλλειν
688 419 818 467 ποιεῖ,
848 418 874 455 i.
897 430 932 456 e.
971 417 1172 456 balbutire.
1224 416 1274 455 cf.
1307 413 1483 455 Lobeek.
1518 414 1673 454 Pathol.

107 477 210 529 prol.
244 478 324 516 113
354 479 439 517 not.
461 476 499 515 2.
591 475 655 513 12.
686 470 955 523 ὑποσκελίζει,
984 474 1011 512 i.
1034 486 1066 512 e.
1097 476 1262 512 mentem
1286 474 1483 522 pervertit.
1544 480 1547 484 ’

867 605 923 648 95

375 701 561 755 ’πρῶτον
590 698 675 754 μὲν
704 696 814 740 ὅταν
844 694 946 751 ἐμοί
971 711 1015 739 τι
1043 695 1224 738 θύωσίν
1254 710 1400 750 τινες,

382 762 514 824 αἷμα,
545 765 722 821 κύστιν,
752 762 811 821 μὴ
843 764 1037 820 καρδίαν

385 833 492 892 μηδ’
515 833 795 878 ἐπιπόλαιον.
846 830 930 875 οὐκ
962 829 1048 887 ἐγώ
1081 831 1170 887 γὰρ
1203 831 1344 874 ἐσθίω

379 904 570 959 γλύκιον
599 899 707 945 οὐδὲ
736 903 916 957 μηρίαν.

222 999 404 1039 Clemens
432 998 546 1038 Alex.
577 998 726 1037 Strom.
751 997 788 1047 7,
812 996 850 1046 6,
873 997 927 1035 30
958 991 1168 1046 Εὔβουλος
1201 990 1222 1032 ὁ
1253 991 1320 1032 καὶ
1348 988 1471 1039 αὐτὸς
1501 989 1673 1043 κωμικὸς

107 1051 187 1096 ὧδέ
222 1069 308 1103 πως
337 1052 426 1107 περὶ
455 1059 535 1094 τῶν
564 1056 725 1093 θυσιῶν
753 1049 898 1104 γράφει
929 1050 997 1103 (fr.
1019 1048 1129 1105 130).
1161 1048 1228 1089 καὶ
1256 1047 1561 1102 παραγαγὼν
1590 1046 1675 1087 τὸν

110 1110 356 1153 Διόνυσον
377 1110 426 1152 ἐν
448 1109 640 1165 Σεμέλῃ
670 1106 1087 1157 διαστελλόμενον
1115 1106 1331 1158 πεποίηκεν
1359 1109 1440 1145 κτλ.
1506 1109 1539 1145 1.
1563 1104 1672 1144 θύω-

106 1180 171 1209 σιν
191 1170 324 1222 Sylb.]
359 1167 489 1208 θύωσι
507 1169 555 1209 L.
645 1168 682 1206 2.
713 1164 892 1205 θύουσιν
910 1159 1007 1216 αἷμα
1029 1165 1141 1216 Sylb.
1172 1167 1266 1215 post
1294 1159 1436 1202 κύστιν
1465 1164 1580 1213 plura
1609 1176 1674 1201 ex-

107 1228 249 1267 cidisse
280 1227 505 1277 suspicatur
534 1225 655 1264 Mein.
715 1225 755 1263 3.
787 1219 884 1274 μηδ’
909 1218 1044 1275 Sylb]
1074 1218 1186 1273 μηδὲ.
1247 1222 1286 1260 4.
1317 1218 1483 1272 γλύκιον
1514 1219 1559 1259 G.
1575 1220 1673 1258 Her-

107 1282 260 1336 mann.]
290 1282 490 1336 γλυκείαν.
527 1281 656 1320 κοιλία
676 1279 935 1321 Arsen.Viol.
954 1280 1049 1318 299.
1088 1274 1162 1317 οὐκ
1190 1275 1265 1330 ἐγὼ
1295 1275 1371 1329 γὰρ
1401 1275 1527 1316 ἐσθίω
1555 1276 1560 1328 Ι
1586 1278 1674 1327 γλυ-

110 1338 277 1392 κύτερον
324 1336 444 1379 οὐδὲν
491 1337 648 1390 μηρίων
696 1336 860 1376 Grotius
908 1336 1096 1386 Excerpt.
1140 1335 1234 1375 655.
1331 1336 1521 1386 γλυκεῖαν
1569 1334 1593 1372 i.
1636 1347 1670 1371 e.

106 1398 159 1446 fel
188 1398 308 1437 Mein.
341 1397 426 1436 IIII
457 1397 537 1436 613
554 1408 614 1446 sq.
669 1407 771 1445 quae
808 1394 851 1432 in
889 1393 1034 1431 Mnem.
1074 1405 1167 1431 nov.
1197 1391 1256 1430 VI
1287 1392 1339 1430 68
1379 1390 1673 1429 Herwerdenus

107 1454 279 1504 protulit
315 1467 378 1502 ea,
409 1455 549 1504 utpote
578 1463 743 1503 graecae
775 1450 938 1500 linguae
973 1449 1130 1499 legibus
1169 1449 1357 1498 adversa,
1395 1448 1554 1498 publica
1584 1447 1672 1484 luce

107 1511 273 1562 indigna
302 1514 427 1550 erant.
487 1521 615 1559 neque
645 1520 739 1547 vero
769 1507 974 1558 probanda
1003 1519 1102 1556 quae
1133 1505 1181 1545 G.
1203 1505 1454 1545 Hermannus
1485 1504 1675 1554 proponit

111 1567 298 1618 Aeschyl.
320 1566 360 1606 II
386 1568 460 1606 101
495 1562 669 1604 θύουσιν
698 1558 810 1615 αἷμα,
840 1561 1001 1602 κύστιν·
1034 1558 1081 1600 ού
1111 1560 1165 1613 μὴ
1195 1560 1379 1613 καρδίαν,
1410 1557 1506 1611 μηδ’
1532 1557 1670 1598 ἐπιπό-

109 1626 241 1663 λαιον·
272 1619 346 1662 οὐκ
377 1620 453 1675 ἐγώ
485 1620 560 1674 γὰρ
590 1619 716 1660 ἐσθίω
741 1618 748 1674 Ι
773 1614 937 1672 γλύκιον
966 1615 1086 1658 οὐδὲν
1115 1617 1288 1671 μηρίων;

221 1680 320 1720 mihi
351 1681 453 1720 conl.
482 1679 666 1718 Phereer.
689 1679 742 1717 23
773 1690 855 1716 non
885 1676 1051 1715 dubium
1081 1676 1241 1716 videtur
1271 1676 1370 1726 quin
1399 1674 1577 1713 Bacchus
1607 1673 1670 1712 his

109 1738 242 1777 verbis
280 1737 351 1776 illa
388 1738 545 1776 recuset
583 1748 682 1786 quae
710 1734 890 1773 homines
920 1733 1068 1783 quippe
1100 1733 1245 1783 quibus
1275 1732 1351 1782 ipsi
1381 1732 1442 1770 uti
1472 1743 1555 1770 non
1585 1742 1675 1780 pos-

112 1795 194 1834 sint
223 1794 309 1833 deis
339 1794 547 1843 inmolant,
579 1795 620 1831 et
648 1804 694 1830 ea
722 1792 859 1841 poscat
887 1802 988 1840 quae
1017 1790 1238 1839 antiquitus
1268 1788 1353 1827 deis
1375 1788 1574 1827 dabantur
1603 1801 1673 1836 μη-

109 1849 187 1902 ρία.
247 1851 383 1901 itaquo
422 1850 478 1890 sic
514 1850 611 1888 haee
646 1847 866 1886 constituo:
912 1841 1031 1896 μήθ’
1070 1839 1168 1895 αἷμα
1211 1841 1332 1895 μήτε
1378 1838 1519 1882 κύστιν
1560 1839 1675 1893 μήτε

110 1905 296 1958 καρδίαν,
333 1906 339 1956 Ι
370 1902 468 1958 μηδ’
502 1902 759 1946 ἐπιπόλαιον·
800 1899 863 1950 ὡς
902 1896 1037 1954 ἔγωγ’
1060 1896 1148 1940 οὐκ
1179 1899 1305 1940 ἐσθίω
1331 1902 1336 1946 Ι
1361 1898 1528 1952 γλύκιον
1557 1896 1676 1937 οὐδὲν

110 1962 278 2016 μηρίων.
310 1963 483 2014 Hesych.
506 1959 756 2002 ἐπιπόλαιον·
789 1957 860 1998 τὸν
889 1956 1098 2009 ἐπίπλουν,
1129 1954 1271 2008 ὑμένα.
1306 1958 1353 1997 cf.
1374 1957 1588 1996 Philetaer.
1610 1957 1675 1994 17.

866 2092 923 2135 96

354 2184 516 2242 Ἑρμῆς
546 2182 570 2227 ὁ
603 2186 755 2235 Μαίας
785 2184 984 2237 λίθινος,
1016 2180 1070 2225 ὃν
1101 2179 1440 2236 προσεύγμασιν

361 2254 412 2296 ἐν
441 2255 503 2310 τῷ
534 2253 750 2308 κυλικείῳ
781 2248 989 2306 λαμπρὸν
1021 2248 1366 2304 ἐκτετριμμένον
1397 2273 1447 2279 -

228 2347 456 2387 Athenaeus
480 2348 544 2397 11,
562 2347 678 2386 4600
708 2343 862 2396 εἴρηται
889 2341 1015 2390 οὕτως
1046 2339 1286 2396 (κυλικεῖον)
1316 2338 1341 2392 ἡ
1372 2342 1451 2380 τῶν
1480 2339 1678 2391 ποτηρίων

114 2399 366 2454 σκευοθήκη.
386 2434 394 2443 .
414 2400 663 2455 .Εύ’βουλος.
683 2432 692 2441 .
711 2432 720 2442 .
739 2399 783 2440 ἐν
813 2398 965 2453 Σεμέλῃ
994 2397 1022 2450 ἢ
1056 2396 1240 2452 Διονύσῳ
1270 2400 1350 2437 κτλ.
1442 2400 1478 2436 1.
1509 2390 1674 2448 προσεύ-

117 2457 283 2514 γμασιν]
299 2458 578 2511 προσευξᾶμην
597 2458 842 2498 Fritzschius
860 2458 964 2508 apud
983 2455 1320 2507 Toeppvl-Progr.
1338 2454 1486 2495 Neobr.
1505 2455 1626 2503 1857,
1638 2456 1676 2492 8.

117 2521 159 2557 at
189 2518 278 2567 quis
309 2519 486 2566 praestet
514 2518 675 2566 poetam
705 2515 924 2554 orationem
955 2525 1035 2552 non
1066 2513 1122 2552 sio
1153 2512 1447 2552 continuavisse
1478 2507 1527 2550 ὃν
1556 2521 1675 2560 προσ-

120 2569 693 2625 εύγμασιν-ἐκτετριμμένον
722 2575 894 2621 τιμῶμεν
924 2570 987 2608 vel
1017 2564 1270 2619 ἴκετεύομενῗ
1358 2570 1398 2606 2.
1431 2563 1674 2617 ἐκτετριμμέ-

116 2643 189 2669 νον
218 2629 448 2669 rectissime.
487 2629 543 2669 eie
573 2628 767 2678 Polybius
796 2624 866 2674 τὰς
895 2624 1117 2672 πανοπλίας
1149 2623 1356 2677 ἐκτρίβειν.
1405 2637 1494 2663 cum
1525 2622 1677 2672 poculis

115 2687 157 2726 in
199 2684 384 2738 κυλικείῳ
420 2685 641 2725 Mercurius
680 2696 922 2723 marmoreus
959 2683 1114 2734 positus
1152 2686 1237 2721 erat
1273 2685 1318 2720 ut
1358 2682 1453 2719 deus
1491 2679 1675 2718 tutelaris

118 2755 332 2793 cauponae.
383 2742 423 2780 id
454 2742 614 2792 signum
643 2742 690 2779 ut
718 2740 860 2790 pocula
887 2740 1202 2790 abstergebatur.
1253 2738 1301 2776 cf.
1333 2737 1490 2775 Alexid.
1526 2738 1603 2774 119
1635 2739 1677 2774 et

119 2799 311 2849 Toeppel.
342 2800 380 2838 8.
403 2799 442 2837 9.
492 2810 572 2837 non
603 2796 821 2836 audiendus
851 2799 912 2836 est
941 2796 1197 2836 Herwerden.
1229 2794 1331 2835 Nov.
1363 2794 1453 2832 add.
1487 2793 1575 2831 crit.
1609 2793 1675 2831 25.
