1806 3216
377 189 795 226 ΔΜΦΙΣΒΗΤΗΣῙΜΔ
820 191 904 227 ΚΑΙ
930 190 1331 228 ΨΒΤΔΕΠῙΓΡΔΦΔ
1549 191 1635 236 579

811 292 892 336 130

339 347 530 404 περίδου

0 434 18 466 ἰ-
178 431 353 470 συνθοῦ.
396 426 551 483 λέγουσι
580 428 625 471 δὲ
654 429 722 471 καὶ
751 429 843 484 περὶ
873 429 1099 484 συνθήκης.
1150 429 1276 481 οὕτως
1310 432 1488 484 Δίφιλος,
1532 434 1631 475 Pho·

0 504 9 553 3
67 486 148 527 tius
177 487 273 539 416,
296 488 335 527 9.
387 488 438 527 of.
472 489 591 528 Arist
622 488 698 540 Eq
731 490 824 529 791.
875 489 981 529 Ναὶ).
1014 490 1111 530 644

809 599 886 642 131

336 656 657 699 πολιτοκοπετν

180 734 362 787 Δίφιλος.
407 737 588 778 Photius.
633 739 683 780 of.
715 738 817 778 Plat.
848 750 948 780 com.
983 740 1076 779 105.

805 849 886 892 132

335 903 556 961 στρηνιᾶν

174 984 277 1026 καθ’
313 981 364 1027 οὔ
407 984 429 1027 ὅ
475 986 561 1040 βίος
604 985 753 1027 τάσσει.
808 987 986 1039 Δίφιλος.
1037 989 1208 1029 Bekker.
1247 990 1396 1029 Anecd.
1440 992 1538 1041 113,
1562 992 1650 1030 25..

63 1042 256 1112 Δίφιλος]
286 1040 468 1095 Σώφιλος
498 1045 673 1085 Lobeck.
704 1045 851 1097 Phryn.
885 1047 981 1087 381.
1024 1046 1075 1086 cf.
1100 1046 1252 1098 Sophil.
1276 1048 1314 1097 6,
1333 1048 1373 1087 3.
1405 1047 1627 1098 Antiphan.

60 1101 128 1140 82.
186 1099 319 1155 τούτω
348 1099 567 1154 ἐχρήσαντο
595 1101 644 1141 οἵ
671 1106 738 1153 τῆς
767 1100 860 1150 νέας
891 1102 1098 1157 κωμῳδίας
1128 1102 1358 1154 ποιηταί,
1396 1107 1442 1142 ut
1479 1104 1626 1144 diserte

60 1159 235 1198 testatur
263 1140 412 1211 l³hryn.
442 1159 525 1200 Eel.
556 1160 652 1199 381.
712 1160 852 1211 qmdni
881 1161 1006 1211 igitur
1037 1163 1078 1199 et
1108 1160 1316 1211 Sophilum
1347 1163 1389 1200 et
1418 1161 1625 1212 Diphilum

60 1218 101 1254 et
129 1214 401 1267 Antiphanem
429 1230 476 1256 ea
504 1229 600 1258 voce
632 1229 723 1256 usos
753 1230 839 1257 esse
869 1217 1107 1257 credamus?

359 1373 782 1408 ΑΜΦῙΣΒΗΤΗΣῙΜΑ
813 1374 898 1408 ΚΑΙ
929 1373 1330 1408 ΨΕΤΔΕΠΙΓΡΔΦΑ

801 1452 881 1495 133

330 1529 503 1586 γαστήρ
534 1530 644 1574 ὅλον
673 1531 724 1574 τὸ
754 1533 904 1586 σῶμα,
938 1534 1142 1587 πανταχῇ
1171 1529 1354 1586 βλέπων

331 1596 592 1655 ὀφθαλμός,
610 1599 765 1666 ,ἕρπον
793 1606 887 1650 τοῖς
916 1597 1075 1643 ὀδοῦσι
1104 1600 1284 1654 θηρίον.

173 1694 410 1734 Plutarchus
440 1695 541 1734 Mor.
573 1695 627 1734 54
645 1694 670 1733 b
714 1692 932 1745 παρασίτου
976 1690 997 1732 ὁ
1042 1696 1215 1739 τοιοῦτος
1260 1691 1481 1742 εἰκονισμός
1525 1691 1619 1734 ἐστι.

59 1751 161 1790 conl.
194 1751 292 1790 Ath.
325 1753 362 1799 6,
386 1751 499 1790 2580
530 1751 771 1791 Fritzschius
801 1764 865 1802 ap.
899 1751 1087 1802 Toeppel.
1120 1751 1179 1790 De
1208 1750 1350 1800 Eupol.
1382 1750 1545 1792 Adulat.
1567 1751 1618 1789 31

59 1807 109 1846 ad
140 1808 331 1847 Telesiam
362 1807 513 1858 Diphili
544 1806 632 1857 (ubi
662 1808 714 1847 cf.
736 1821 835 1859 quae
867 1808 939 1847 sub
969 1808 1089 1847 titulo
1120 1804 1418 1861 adnotavimus)
1448 1808 1619 1847 rettulit.

60 1864 222 1915 plenum
261 1866 368 1904 enim
406 1865 522 1904 illum
552 1865 754 1903 Plutarchi
784 1865 934 1904 librum
964 1876 1050 1904 esse
1082 1865 1258 1903 locorum
1289 1877 1336 1902 ex
1366 1865 1526 1904 comicis
1557 1877 1620 1904 ex-

59 1923 286 1971 cerptorum
315 1917 388 1975 (57
401 1935 436 1961 a.
470 1922 522 1961 62
534 1935 568 1961 e.
599 1921 647 1960 cf.
670 1921 879 1972 Wyttenb.
911 1935 950 1971 p.
973 1922 1069 1961 463.
1100 1921 1183 1960 468
1205 1920 1299 1971 sq.).

802 2031 883 2075 134

335 2113 550 2167 λαμπρῶς
581 2110 726 2154 ἐνίοτε
755 2112 904 2165 ζῶσιν,
936 2104 1004 2161 οἷς
1033 2111 1350 2166 χαλεπώτερον

331 2182 413 2222 τοῦ
443 2178 833 2234 περιποιήσασθαί
857 2195 900 2221 τι
928 2180 980 2220 τὸ
1010 2177 1206 2233 φυλάξαι
1235 2180 1351 2233 βίον.

174 2272 371 2313 Stobaeus
390 2273 655 2323 Floril.15,4
690 2270 863 2321 Διφίλου
894 2273 1042 2322 Trina„
1074 2273 1142 2312 sed
1176 2267 1422 2323 Μενάνδρου
1452 2273 1500 2311 Α.
1584 2275 1618 2311 1.

59 2325 182 2369 ἐνίοτε
212 2330 333 2369 Mein.
356 2330 541 2369 Menand.
559 2328 660 2380 691]
693 2326 802 2368 ἔνιοι.
882 2329 1002 2376 ζῶσιν
1031 2327 1166 2381 Grot.]
1200 2325 1352 2375 σώζειν.
1441 2330 1480 2367 2.
1511 2342 1621 2376 περι-

60 2384 308 2438 ποιήσασθαι
339 2386 508 2427 Schowii
530 2386 654 2426 codic.
677 2388 718 2424 et
738 2385 858 2425 Gesn.
881 2385 1026 2436 marg]
1058 2384 1165 2437 παρὰ
1196 2382 1332 2437 (πέρα)
1354 2380 1617 2435 ποιήσασθαι.

798 2495 878 2538 135

331 2573 380 2625 ὃς
410 2572 453 2617 δ’
477 2572 574 2617 οὔτ’
598 2575 823 2629 ἐρυθριᾶν
853 2570 977 2616 οἶδεν
1007 2572 1111 2616 οὔτε
1141 2573 1362 2624 δεδιέναι,

331 2640 385 2685 τὰ
416 2644 570 2697 πρῶτα
600 2641 744 2698 πάσης
773 2644 851 2697 τῆς
880 2639 1110 2692 ἀναιδείας
1140 2642 1241 2696 ἔχει.

176 2738 370 2776 stobaeus
390 2736 528 2776 Floril.
546 2737 648 2786 32,2
674 2735 860 2783 Διφίλου.
892 2736 971 2775 ‘sic
1002 2734 1164 2774 Gesner.
1196 2734 1412 2774 Menandro
1443 2734 1618 2773 tribuere

65 2795 223 2834 videtur
253 2793 406 2832 Trina!
438 2792 563 2832 Gaisf.
611 2805 657 2832 ac
691 2787 934 2842 Μενάνδρου
954 2791 1074 2830 Vind.
1111 2791 1161 2830 cs.
1186 2791 1367 2830 Menand.
1391 2792 1471 2830 692
1495 2791 1615 2830 Mein.

66 2854 100 2893 1.
132 2845 260 2904 οἶδεν]
291 2847 494 2889 ἐπίσταται
511 2848 627 2889 Voss.
659 2848 711 2888 N.
743 2848 873 2889 Trinc.
904 2849 1063 2888 Terent.
1095 2847 1267 2897 Adelph.
1289 2848 1329 2898 4,
1348 2849 1421 2895 5,9
1452 2847 1619 2893 erubuit,

1229 2912 1301 2947 37*
