<?xml version="1.0" encoding="UTF-8"?>
<!DOCTYPE html PUBLIC "-//W3C//DTD XHTML 1.0 Transitional//EN"
    "http://www.w3.org/TR/xhtml1/DTD/xhtml1-transitional.dtd">
<html xmlns="http://www.w3.org/1999/xhtml" xml:lang="en" lang="en">
 <head>
  <title>
</title>
<meta http-equiv="Content-Type" content="text/html;charset=utf-8" />
  <meta name='ocr-system' content='tesseract 3.04.00' />
  <meta name='ocr-capabilities' content='ocr_page ocr_carea ocr_par ocr_line ocrx_word'/>
</head>
<body>
  <div class='ocr_page' id='page_1' title='image "./comicorumatticor02kockuoft_0523.png"; bbox 0 0 1806 3216; ppageno 0'>
   <div class='ocr_carea' id='block_1_1' title="bbox 0 133 14 142">
    <p class='ocr_par' dir='ltr' id='par_1_1' title="bbox 0 133 14 142">
     <span class='ocr_line' id='line_1_1' title="bbox 0 133 14 142; baseline 0 -2"><span class='ocrx_word' id='word_1_1' title='bbox 0 133 14 142; x_wconf 87' lang='lat'><strong><em>..</em></strong></span> 
     </span>
    </p>
   </div>
   <div class='ocr_carea' id='block_1_2' title="bbox 0 154 1590 234">
    <p class='ocr_par' dir='ltr' id='par_1_2' title="bbox 0 154 1590 234">
     <span class='ocr_line' id='line_1_2' title="bbox 0 154 1590 234; baseline 0.008 -37"><span class='ocrx_word' id='word_1_2' title='bbox 0 154 17 234; x_wconf 55' lang='lat' dir='ltr'><strong>f</strong></span> <span class='ocrx_word' id='word_1_3' title='bbox 569 166 777 202; x_wconf 73' lang='grc' dir='ltr'><strong>ΑΔΗΔΩΝ</strong></span> <span class='ocrx_word' id='word_1_4' title='bbox 801 166 1069 203; x_wconf 74' lang='grc' dir='ltr'><strong>ΔΡΑΜΑΤΩΝ</strong></span> <span class='ocrx_word' id='word_1_5' title='bbox 1506 165 1590 209; x_wconf 83' lang='grc'><strong><em>517</em></strong></span> 
     </span>
    </p>
   </div>
   <div class='ocr_carea' id='block_1_3' title="bbox 230 345 1372 608">
    <p class='ocr_par' dir='ltr' id='par_1_3' title="bbox 230 345 1372 608">
     <span class='ocr_line' id='line_1_3' title="bbox 230 345 1318 405; baseline -0.002 -11"><span class='ocrx_word' id='word_1_6' title='bbox 230 345 402 404; x_wconf 78' lang='grc' dir='ltr'><strong><em>Σφίγγ’</em></strong></span> <span class='ocrx_word' id='word_1_7' title='bbox 425 346 599 404; x_wconf 77' lang='grc' dir='ltr'><strong><em>ἄρρεν’,</em></strong></span> <span class='ocrx_word' id='word_1_8' title='bbox 631 346 686 391; x_wconf 82' lang='grc' dir='ltr'><strong><em>οὐ</em></strong></span> <span class='ocrx_word' id='word_1_9' title='bbox 714 346 932 404; x_wconf 86' lang='grc' dir='ltr'><strong><em>μα’γειρον</em></strong></span> <span class='ocrx_word' id='word_1_10' title='bbox 962 348 1026 400; x_wconf 80' lang='grc' dir='ltr'><strong><em>εἰς</em></strong></span> <span class='ocrx_word' id='word_1_11' title='bbox 1054 346 1138 405; x_wconf 81' lang='grc' dir='ltr'><strong><em>τὴν</em></strong></span> <span class='ocrx_word' id='word_1_12' title='bbox 1167 349 1318 392; x_wconf 80' lang='grc' dir='ltr'><strong><em>οἰκίαν</em></strong></span> 
     </span>
     <span class='ocr_line' id='line_1_4' title="bbox 244 412 1372 472; baseline -0.002 -11"><span class='ocrx_word' id='word_1_13' title='bbox 244 413 419 471; x_wconf 74' lang='grc' dir='ltr'><strong><em>εἴληφ’·</em></strong></span> <span class='ocrx_word' id='word_1_14' title='bbox 451 412 603 467; x_wconf 75' lang='grc' dir='ltr'><strong><em>ἅπλῶς</em></strong></span> <span class='ocrx_word' id='word_1_15' title='bbox 630 413 719 471; x_wconf 83' lang='grc' dir='ltr'><strong><em>γὰρ</em></strong></span> <span class='ocrx_word' id='word_1_16' title='bbox 750 413 858 459; x_wconf 72' lang='grc' dir='ltr'><strong><em>οὐδὲ</em></strong></span> <span class='ocrx_word' id='word_1_17' title='bbox 887 416 955 472; x_wconf 81' lang='grc' dir='ltr'><strong><em>ἕν,</em></strong></span> <span class='ocrx_word' id='word_1_18' title='bbox 985 414 1046 472; x_wconf 76' lang='grc' dir='ltr'><strong><em>μοὶ</em></strong></span> <span class='ocrx_word' id='word_1_19' title='bbox 1076 414 1183 468; x_wconf 81' lang='grc' dir='ltr'><strong><em>τούς</em></strong></span> <span class='ocrx_word' id='word_1_20' title='bbox 1211 416 1372 471; x_wconf 83' lang='grc' dir='ltr'><strong><em>θεούς,</em></strong></span> 
     </span>
     <span class='ocr_line' id='line_1_5' title="bbox 246 475 1151 541; baseline 0.001 -15"><span class='ocrx_word' id='word_1_21' title='bbox 246 475 315 527; x_wconf 76' lang='grc' dir='ltr'><strong><em>ὦν</em></strong></span> <span class='ocrx_word' id='word_1_22' title='bbox 345 478 406 526; x_wconf 72' lang='grc' dir='ltr'><strong><em>ἄν</em></strong></span> <span class='ocrx_word' id='word_1_23' title='bbox 436 483 543 540; x_wconf 76' lang='grc' dir='ltr'><strong><em>λέγῃ</em></strong></span> <span class='ocrx_word' id='word_1_24' title='bbox 574 486 780 541; x_wconf 82' lang='grc' dir='ltr'><strong><em>συνίημι·</em></strong></span> <span class='ocrx_word' id='word_1_25' title='bbox 812 483 947 528; x_wconf 80' lang='grc' dir='ltr'><strong><em>καινὰ</em></strong></span> <span class='ocrx_word' id='word_1_26' title='bbox 977 483 1151 541; x_wconf 79' lang='grc' dir='ltr'><strong><em>ῥήματα</em></strong></span> 
     </span>
     <span class='ocr_line' id='line_1_6' title="bbox 243 551 827 608; baseline 0 -13"><span class='ocrx_word' id='word_1_27' title='bbox 243 553 572 607; x_wconf 74' lang='grc' dir='ltr'><strong><em>πεπυρωμένος</em></strong></span> <span class='ocrx_word' id='word_1_28' title='bbox 600 552 688 608; x_wconf 78' lang='grc' dir='ltr'><strong><em>γάρ</em></strong></span> <span class='ocrx_word' id='word_1_29' title='bbox 721 551 827 598; x_wconf 79' lang='grc' dir='ltr'><strong><em>ἐστι.</em></strong></span> 
     </span>
    </p>
   </div>
   <div class='ocr_carea' id='block_1_4' title="bbox 21 640 1588 1156">
    <p class='ocr_par' dir='ltr' id='par_1_4' title="bbox 21 640 1588 1041">
     <span class='ocr_line' id='line_1_7' title="bbox 141 640 1586 700; baseline 0.001 -14"><span class='ocrx_word' id='word_1_30' title='bbox 141 646 370 687; x_wconf 71' lang='lat' dir='ltr'><strong>Athenaeus</strong></span> <span class='ocrx_word' id='word_1_31' title='bbox 402 647 473 697; x_wconf 92' lang='lat'><strong><em>14,</em></strong></span> <span class='ocrx_word' id='word_1_32' title='bbox 497 648 578 687; x_wconf 81' lang='lat'><strong><em>659</em></strong></span> <span class='ocrx_word' id='word_1_33' title='bbox 598 648 621 686; x_wconf 94' lang='lat' dir='ltr'>b</span> <span class='ocrx_word' id='word_1_34' title='bbox 658 645 824 699; x_wconf 76' lang='grc' dir='ltr'><strong><em>μάλιστα</em></strong></span> <span class='ocrx_word' id='word_1_35' title='bbox 854 640 929 700; x_wconf 74' lang='grc' dir='ltr'><strong><em>γὰρ</em></strong></span> <span class='ocrx_word' id='word_1_36' title='bbox 959 646 1184 700; x_wconf 80' lang='grc' dir='ltr'><strong><em>εἰσάγονται</em></strong></span> <span class='ocrx_word' id='word_1_37' title='bbox 1214 647 1257 687; x_wconf 82' lang='grc' dir='ltr'><strong><em>οἰ</em></strong></span> <span class='ocrx_word' id='word_1_38' title='bbox 1280 644 1455 700; x_wconf 82' lang='grc' dir='ltr'><strong><em>μάγειροι</em></strong></span> <span class='ocrx_word' id='word_1_39' title='bbox 1484 658 1586 687; x_wconf 78' lang='grc' dir='ltr'><strong><em>σκω-</em></strong></span> 
     </span>
     <span class='ocr_line' id='line_1_8' title="bbox 22 699 1588 756; baseline 0.002 -14"><span class='ocrx_word' id='word_1_40' title='bbox 22 702 158 743; x_wconf 66' lang='lat' dir='ltr'><strong>nuzo(</strong></span> <span class='ocrx_word' id='word_1_41' title='bbox 182 716 310 754; x_wconf 84' lang='grc' dir='ltr'><strong><em>τινες,</em></strong></span> <span class='ocrx_word' id='word_1_42' title='bbox 343 699 428 751; x_wconf 76' lang='grc' dir='ltr'><strong><em>ὡς.</em></strong></span> <span class='ocrx_word' id='word_1_43' title='bbox 477 701 575 744; x_wconf 82' lang='grc' dir='ltr'><strong><em>,καὶ</em></strong></span> <span class='ocrx_word' id='word_1_44' title='bbox 606 701 797 755; x_wconf 84' lang='grc' dir='ltr'><strong><em>Φιλημων</em></strong></span> <span class='ocrx_word' id='word_1_45' title='bbox 825 703 904 744; x_wconf 87' lang='grc' dir='ltr'><strong><em>πού</em></strong></span> <span class='ocrx_word' id='word_1_46' title='bbox 935 717 1036 756; x_wconf 87' lang='grc' dir='ltr'><strong><em>φησι</em></strong></span> <span class='ocrx_word' id='word_1_47' title='bbox 1066 707 1145 745; x_wconf 83' lang='grc' dir='ltr'><strong><em>κτλ.</em></strong></span> <span class='ocrx_word' id='word_1_48' title='bbox 1195 706 1378 756; x_wconf 87' lang='lat' dir='ltr'><strong>pluribus</strong></span> <span class='ocrx_word' id='word_1_49' title='bbox 1408 706 1588 745; x_wconf 82' lang='lat' dir='ltr'><strong>versibus</strong></span> 
     </span>
     <span class='ocr_line' id='line_1_9' title="bbox 22 734 1586 813; baseline 0.001 -12"><span class='ocrx_word' id='word_1_50' title='bbox 22 751 178 801; x_wconf 74' lang='lat' dir='ltr'><strong>anetam</strong></span> <span class='ocrx_word' id='word_1_51' title='bbox 208 761 309 801; x_wconf 83' lang='lat' dir='ltr'><strong>hano</strong></span> <span class='ocrx_word' id='word_1_52' title='bbox 339 734 515 812; x_wconf 82' lang='lat' dir='ltr'>eclogam</span> <span class='ocrx_word' id='word_1_53' title='bbox 547 774 568 800; x_wconf 84' lang='lat' dir='ltr'><strong>e</strong></span> <span class='ocrx_word' id='word_1_54' title='bbox 600 761 796 802; x_wconf 70' lang='lat' dir='ltr'><strong>Stratonis</strong></span> <span class='ocrx_word' id='word_1_55' title='bbox 826 762 1065 802; x_wconf 84' lang='lat' dir='ltr'><strong>Phoenioide</strong></span> <span class='ocrx_word' id='word_1_56' title='bbox 1095 763 1200 802; x_wconf 89' lang='lat' dir='ltr'><strong>idem</strong></span> <span class='ocrx_word' id='word_1_57' title='bbox 1231 762 1364 802; x_wconf 77' lang='lat' dir='ltr'><strong>adfert</strong></span> <span class='ocrx_word' id='word_1_58' title='bbox 1395 764 1432 813; x_wconf 90' lang='lat'><strong><em>9,</em></strong></span> <span class='ocrx_word' id='word_1_59' title='bbox 1455 764 1586 802; x_wconf 81' lang='lat'><strong>3820.</strong></span> 
     </span>
     <span class='ocr_line' id='line_1_10' title="bbox 21 817 1587 872; baseline 0 -14"><span class='ocrx_word' id='word_1_60' title='bbox 21 818 182 858; x_wconf 77' lang='lat' dir='ltr'><strong>videtur</strong></span> <span class='ocrx_word' id='word_1_61' title='bbox 210 819 406 859; x_wconf 74' lang='lat' dir='ltr'>alteruter</span> <span class='ocrx_word' id='word_1_62' title='bbox 433 819 483 858; x_wconf 86' lang='lat' dir='ltr'><strong><em>ab</em></strong></span> <span class='ocrx_word' id='word_1_63' title='bbox 513 818 640 858; x_wconf 74' lang='lat' dir='ltr'><strong>altero</strong></span> <span class='ocrx_word' id='word_1_64' title='bbox 670 819 765 858; x_wconf 83' lang='lat' dir='ltr'><strong>haee</strong></span> <span class='ocrx_word' id='word_1_65' title='bbox 796 822 1000 859; x_wconf 77' lang='lat' dir='ltr'><strong>mutuatus</strong></span> <span class='ocrx_word' id='word_1_66' title='bbox 1030 832 1128 861; x_wconf 86' lang='lat' dir='ltr'><strong>esse.</strong></span> <span class='ocrx_word' id='word_1_67' title='bbox 1203 822 1237 859; x_wconf 91' lang='grc'><strong><em>1.</em></strong></span> <span class='ocrx_word' id='word_1_68' title='bbox 1270 818 1418 872; x_wconf 77' lang='grc' dir='ltr'><em>σφίγγα</em></span> <span class='ocrx_word' id='word_1_69' title='bbox 1438 817 1587 871; x_wconf 75' lang='grc' dir='ltr'><strong><em>ἄρρενα</em></strong></span> 
     </span>
     <span class='ocr_line' id='line_1_11' title="bbox 21 870 1585 929; baseline 0.001 -15"><span class='ocrx_word' id='word_1_70' title='bbox 21 874 59 914; x_wconf 92' lang='lat' dir='ltr'>A</span> <span class='ocrx_word' id='word_1_71' title='bbox 90 875 317 926; x_wconf 79' lang='lat' dir='ltr'><strong>utrubique.</strong></span> <span class='ocrx_word' id='word_1_72' title='bbox 405 876 443 916; x_wconf 84' lang='lat'><strong><em>2.</em></strong></span> <span class='ocrx_word' id='word_1_73' title='bbox 475 873 621 926; x_wconf 84' lang='grc' dir='ltr'><strong><em>εἴληφα</em></strong></span> <span class='ocrx_word' id='word_1_74' title='bbox 651 876 687 915; x_wconf 85' lang='grc' dir='ltr'><strong>Α</strong></span> <span class='ocrx_word' id='word_1_75' title='bbox 718 876 946 927; x_wconf 82' lang='lat' dir='ltr'><strong>utrubique.</strong></span> <span class='ocrx_word' id='word_1_76' title='bbox 1034 878 1074 917; x_wconf 88' lang='lat'><strong><em>3.</em></strong></span> <span class='ocrx_word' id='word_1_77' title='bbox 1104 870 1164 916; x_wconf 73' lang='grc' dir='ltr'><strong><em>οἷν</em></strong></span> <span class='ocrx_word' id='word_1_78' title='bbox 1192 876 1229 916; x_wconf 90' lang='grc' dir='ltr'><strong>Α</strong></span> <span class='ocrx_word' id='word_1_79' title='bbox 1260 874 1361 929; x_wconf 89' lang='grc'><strong>659]</strong></span> <span class='ocrx_word' id='word_1_80' title='bbox 1392 872 1455 916; x_wconf 92' lang='grc' dir='ltr'><strong><em>οσ’</em></strong></span> <span class='ocrx_word' id='word_1_81' title='bbox 1489 890 1510 914; x_wconf 95' lang='grc' dir='ltr'><strong><em>ο</em></strong></span> <span class='ocrx_word' id='word_1_82' title='bbox 1539 890 1585 916; x_wconf 86' lang='lat' dir='ltr'><strong><em>ex</em></strong></span> 
     </span>
     <span class='ocr_line' id='line_1_12' title="bbox 24 930 1584 988; baseline 0.001 -18"><span class='ocrx_word' id='word_1_83' title='bbox 24 944 56 970; x_wconf 89' lang='grc' dir='ltr'><strong><em>ω</em></strong></span> <span class='ocrx_word' id='word_1_84' title='bbox 93 944 196 971; x_wconf 84' lang='lat' dir='ltr'><strong>corr.</strong></span> <span class='ocrx_word' id='word_1_85' title='bbox 229 934 263 971; x_wconf 90' lang='lat' dir='ltr'>A</span> <span class='ocrx_word' id='word_1_86' title='bbox 295 933 392 972; x_wconf 81' lang='lat'><strong>382.</strong></span> <span class='ocrx_word' id='word_1_87' title='bbox 487 947 543 971; x_wconf 88' lang='grc' dir='ltr'><strong><em>αν</em></strong></span> <span class='ocrx_word' id='word_1_88' title='bbox 579 945 656 972; x_wconf 83' lang='grc'>0111.</span> <span class='ocrx_word' id='word_1_89' title='bbox 689 932 727 972; x_wconf 93' lang='lat' dir='ltr'>A</span> <span class='ocrx_word' id='word_1_90' title='bbox 757 934 851 972; x_wconf 85' lang='lat'>659.</span> <span class='ocrx_word' id='word_1_91' title='bbox 945 930 1038 988; x_wconf 80' lang='grc' dir='ltr'><strong><em>λέγῃ</em></strong></span> <span class='ocrx_word' id='word_1_92' title='bbox 1076 934 1112 972; x_wconf 89' lang='lat' dir='ltr'>A</span> <span class='ocrx_word' id='word_1_93' title='bbox 1144 930 1246 986; x_wconf 83' lang='lat'><strong>382]</strong></span> <span class='ocrx_word' id='word_1_94' title='bbox 1281 930 1383 985; x_wconf 83' lang='grc' dir='ltr'><em>λέγει</em></span> <span class='ocrx_word' id='word_1_95' title='bbox 1420 935 1457 974; x_wconf 91' lang='lat' dir='ltr'>A</span> <span class='ocrx_word' id='word_1_96' title='bbox 1489 934 1584 974; x_wconf 85' lang='lat'>659.</span> 
     </span>
     <span class='ocr_line' id='line_1_13' title="bbox 21 981 1442 1041; baseline 0.001 -13"><span class='ocrx_word' id='word_1_97' title='bbox 21 988 164 1028; x_wconf 82' lang='lat' dir='ltr'><strong>deinde</strong></span> <span class='ocrx_word' id='word_1_98' title='bbox 193 981 290 1028; x_wconf 78' lang='grc' dir='ltr'><strong><em>κενᾶ</em></strong></span> <span class='ocrx_word' id='word_1_99' title='bbox 319 989 356 1028; x_wconf 93' lang='lat' dir='ltr'>A</span> <span class='ocrx_word' id='word_1_100' title='bbox 387 990 483 1032; x_wconf 90' lang='grc'><strong>382.</strong></span> <span class='ocrx_word' id='word_1_101' title='bbox 571 990 612 1029; x_wconf 90' lang='grc'><strong><em>4.</em></strong></span> <span class='ocrx_word' id='word_1_102' title='bbox 643 987 718 1041; x_wconf 78' lang='grc' dir='ltr'><strong><em>γάρ</em></strong></span> <span class='ocrx_word' id='word_1_103' title='bbox 749 987 831 1028; x_wconf 77' lang='grc' dir='ltr'><strong><em>ἐστι</em></strong></span> <span class='ocrx_word' id='word_1_104' title='bbox 861 991 897 1029; x_wconf 89' lang='grc' dir='ltr'><strong>Α</strong></span> <span class='ocrx_word' id='word_1_105' title='bbox 929 989 1029 1041; x_wconf 87' lang='grc'><strong>659]</strong></span> <span class='ocrx_word' id='word_1_106' title='bbox 1059 988 1250 1041; x_wconf 76' lang='grc' dir='ltr'><strong><em>πάρεστιν</em></strong></span> <span class='ocrx_word' id='word_1_107' title='bbox 1283 992 1315 1029; x_wconf 89' lang='grc' dir='ltr'><strong>Α</strong></span> <span class='ocrx_word' id='word_1_108' title='bbox 1348 991 1442 1032; x_wconf 87' lang='grc'><strong>382.</strong></span> 
     </span>
    </p>

    <p class='ocr_par' dir='ltr' id='par_1_5' title="bbox 23 1043 1584 1156">
     <span class='ocr_line' id='line_1_14' title="bbox 136 1043 1584 1099; baseline 0.001 -15"><span class='ocrx_word' id='word_1_109' title='bbox 136 1043 267 1098; x_wconf 80' lang='grc' dir='ltr'><strong><em>Σφὶγξ</em></strong></span> <span class='ocrx_word' id='word_1_110' title='bbox 296 1043 426 1098; x_wconf 76' lang='grc' dir='ltr'><strong><em>ἄρρην</em></strong></span> <span class='ocrx_word' id='word_1_111' title='bbox 456 1049 617 1086; x_wconf 77' lang='lat' dir='ltr'><strong>vocatur</strong></span> <span class='ocrx_word' id='word_1_112' title='bbox 643 1059 810 1098; x_wconf 84' lang='lat' dir='ltr'><strong>coquus,</strong></span> <span class='ocrx_word' id='word_1_113' title='bbox 842 1047 935 1098; x_wconf 85' lang='lat' dir='ltr'><strong>quia</strong></span> <span class='ocrx_word' id='word_1_114' title='bbox 964 1049 1246 1099; x_wconf 82' lang='lat' dir='ltr'><strong>magniloquus</strong></span> <span class='ocrx_word' id='word_1_115' title='bbox 1277 1061 1396 1098; x_wconf 85' lang='lat' dir='ltr'><strong>supra</strong></span> <span class='ocrx_word' id='word_1_116' title='bbox 1425 1049 1584 1087; x_wconf 88' lang='lat' dir='ltr'><strong>modum</strong></span> 
     </span>
     <span class='ocr_line' id='line_1_15' title="bbox 23 1101 1236 1156; baseline 0.002 -14"><span class='ocrx_word' id='word_1_117' title='bbox 23 1103 191 1142; x_wconf 75' lang='lat' dir='ltr'><strong>istorum</strong></span> <span class='ocrx_word' id='word_1_118' title='bbox 222 1103 427 1143; x_wconf 88' lang='lat' dir='ltr'><strong>hominum</strong></span> <span class='ocrx_word' id='word_1_119' title='bbox 458 1116 566 1143; x_wconf 89' lang='lat' dir='ltr'><strong>more</strong></span> <span class='ocrx_word' id='word_1_120' title='bbox 596 1104 705 1143; x_wconf 89' lang='lat' dir='ltr'><strong>nihil·</strong></span> <span class='ocrx_word' id='word_1_121' title='bbox 726 1105 803 1144; x_wconf 88' lang='lat' dir='ltr'><strong>nisi</strong></span> <span class='ocrx_word' id='word_1_122' title='bbox 834 1105 1059 1156; x_wconf 79' lang='lat' dir='ltr'><strong>aenigmata</strong></span> <span class='ocrx_word' id='word_1_123' title='bbox 1089 1101 1236 1147; x_wconf 80' lang='lat' dir='ltr'><strong>fundit.</strong></span> 
     </span>
    </p>
   </div>
   <div class='ocr_carea' id='block_1_5' title="bbox 765 1215 847 1257">
    <p class='ocr_par' dir='ltr' id='par_1_6' title="bbox 765 1215 847 1257">
     <span class='ocr_line' id='line_1_16' title="bbox 765 1215 847 1257; baseline 0 0"><span class='ocrx_word' id='word_1_124' title='bbox 765 1215 847 1257; x_wconf 84' lang='lat'><strong><em>124</em></strong></span> 
     </span>
    </p>
   </div>
   <div class='ocr_carea' id='block_1_6' title="bbox 223 1291 1395 1555">
    <p class='ocr_par' dir='ltr' id='par_1_7' title="bbox 224 1291 1128 1350">
     <span class='ocr_line' id='line_1_17' title="bbox 224 1291 1128 1350; baseline 0 -14"><span class='ocrx_word' id='word_1_125' title='bbox 224 1291 439 1349; x_wconf 81' lang='grc' dir='ltr'><strong><em>γυναικὸς</em></strong></span> <span class='ocrx_word' id='word_1_126' title='bbox 470 1291 677 1346; x_wconf 82' lang='grc' dir='ltr'><strong><em>ἐξόπισθ’</em></strong></span> <span class='ocrx_word' id='word_1_127' title='bbox 701 1293 948 1350; x_wconf 81' lang='grc' dir='ltr'><strong><em>ἐλευθέρας</em></strong></span> <span class='ocrx_word' id='word_1_128' title='bbox 976 1294 1128 1350; x_wconf 82' lang='grc' dir='ltr'><strong><em>βλέπω</em></strong></span> 
     </span>
    </p>

    <p class='ocr_par' dir='ltr' id='par_1_8' title="bbox 223 1361 1395 1554">
     <span class='ocr_line' id='line_1_18' title="bbox 223 1361 1395 1419; baseline 0.002 -15"><span class='ocrx_word' id='word_1_129' title='bbox 223 1361 370 1419; x_wconf 84' lang='grc' dir='ltr'><strong><em>μόνην</em></strong></span> <span class='ocrx_word' id='word_1_130' title='bbox 399 1362 688 1418; x_wconf 80' lang='grc' dir='ltr'><strong><em>θεράπαιναν</em></strong></span> <span class='ocrx_word' id='word_1_131' title='bbox 717 1362 911 1406; x_wconf 83' lang='grc' dir='ltr'><strong><em>κατόπιν</em></strong></span> <span class='ocrx_word' id='word_1_132' title='bbox 941 1361 1219 1406; x_wconf 77' lang='grc' dir='ltr'><strong><em>ἀκολουθεῖν</em></strong></span> <span class='ocrx_word' id='word_1_133' title='bbox 1249 1363 1395 1419; x_wconf 82' lang='grc' dir='ltr'><strong><em>καλὴν</em></strong></span> 
     </span>
     <span class='ocr_line' id='line_1_19' title="bbox 224 1431 1383 1486; baseline 0.001 -13"><span class='ocrx_word' id='word_1_134' title='bbox 224 1431 275 1473; x_wconf 81' lang='grc' dir='ltr'><strong><em>ἐκ</em></strong></span> <span class='ocrx_word' id='word_1_135' title='bbox 305 1433 387 1473; x_wconf 85' lang='grc' dir='ltr'><strong><em>τοῦ</em></strong></span> <span class='ocrx_word' id='word_1_136' title='bbox 418 1432 702 1474; x_wconf 81' lang='grc' dir='ltr'><strong><em>Πλαταιικοῦ</em></strong></span> <span class='ocrx_word' id='word_1_137' title='bbox 731 1446 779 1473; x_wconf 90' lang='grc' dir='ltr'><strong><em>τε</em></strong></span> <span class='ocrx_word' id='word_1_138' title='bbox 809 1431 1251 1486; x_wconf 73' lang='grc' dir='ltr'><strong><em>παρακολουθοῦντα</em></strong></span> <span class='ocrx_word' id='word_1_139' title='bbox 1281 1447 1383 1475; x_wconf 87' lang='grc' dir='ltr'><strong><em>τινα</em></strong></span> 
     </span>
     <span class='ocr_line' id='line_1_20' title="bbox 224 1499 736 1555; baseline 0.002 -14"><span class='ocrx_word' id='word_1_140' title='bbox 224 1499 365 1555; x_wconf 85' lang='grc' dir='ltr'><strong><em>ταύτῃ</em></strong></span> <span class='ocrx_word' id='word_1_141' title='bbox 397 1499 736 1542; x_wconf 75' lang='grc' dir='ltr'><strong><em>κατιλλιόπτειν.</em></strong></span> 
     </span>
    </p>
   </div>
   <div class='ocr_carea' id='block_1_7' title="bbox 16 1579 1583 2884">
    <p class='ocr_par' dir='ltr' id='par_1_9' title="bbox 16 1579 1583 2373">
     <span class='ocr_line' id='line_1_21' title="bbox 132 1579 1583 1635; baseline 0.001 -14"><span class='ocrx_word' id='word_1_142' title='bbox 132 1581 317 1622; x_wconf 80' lang='lat' dir='ltr'><strong>Clemens</strong></span> <span class='ocrx_word' id='word_1_143' title='bbox 346 1582 460 1622; x_wconf 84' lang='lat' dir='ltr'><strong>Alex.</strong></span> <span class='ocrx_word' id='word_1_144' title='bbox 490 1582 612 1622; x_wconf 89' lang='lat' dir='ltr'><strong>Paed.</strong></span> <span class='ocrx_word' id='word_1_145' title='bbox 643 1584 682 1632; x_wconf 89' lang='lat'><strong><em>3,</em></strong></span> <span class='ocrx_word' id='word_1_146' title='bbox 716 1585 780 1634; x_wconf 92' lang='lat'><strong><em>11,</em></strong></span> <span class='ocrx_word' id='word_1_147' title='bbox 814 1584 866 1622; x_wconf 83' lang='lat'><strong><em>73</em></strong></span> <span class='ocrx_word' id='word_1_148' title='bbox 898 1580 973 1635; x_wconf 81' lang='grc' dir='ltr'><strong><em>ἐγώ</em></strong></span> <span class='ocrx_word' id='word_1_149' title='bbox 1002 1582 1077 1633; x_wconf 82' lang='grc' dir='ltr'><strong><em>μὲν</em></strong></span> <span class='ocrx_word' id='word_1_150' title='bbox 1106 1579 1200 1622; x_wconf 80' lang='grc' dir='ltr'><strong><em>οὐδὲ</em></strong></span> <span class='ocrx_word' id='word_1_151' title='bbox 1230 1598 1301 1630; x_wconf 85' lang='grc' dir='ltr'><strong><em>τας</em></strong></span> <span class='ocrx_word' id='word_1_152' title='bbox 1331 1583 1583 1635; x_wconf 83' lang='grc' dir='ltr'><strong><em>θεραπαίνας</em></strong></span> 
     </span>
     <span class='ocr_line' id='line_1_22' title="bbox 16 1634 1580 1705; baseline 0.002 -28"><span class='ocrx_word' id='word_1_153' title='bbox 16 1634 116 1687; x_wconf 72' lang='grc' dir='ltr'><strong><em>ἀξιῶ</em></strong></span> <span class='ocrx_word' id='word_1_154' title='bbox 146 1641 230 1685; x_wconf 88' lang='grc' dir='ltr'><strong><em>ταῖς</em></strong></span> <span class='ocrx_word' id='word_1_155' title='bbox 258 1635 437 1691; x_wconf 76' lang='grc' dir='ltr'><strong><em>ἀρίσταις</em></strong></span> <span class='ocrx_word' id='word_1_156' title='bbox 467 1637 626 1705; x_wconf 81' lang='grc' dir='ltr'><strong><em>γυναιξὶ</em></strong></span> <span class='ocrx_word' id='word_1_157' title='bbox 652 1654 723 1687; x_wconf 89' lang='grc' dir='ltr'><strong><em>τας</em></strong></span> <span class='ocrx_word' id='word_1_158' title='bbox 745 1637 939 1691; x_wconf 77' lang='grc' dir='ltr'><strong><em>ἑπομένας</em></strong></span> <span class='ocrx_word' id='word_1_159' title='bbox 961 1639 1230 1692; x_wconf 84' lang='grc' dir='ltr'><strong><em>αἰσχρολογεῖν</em></strong></span> <span class='ocrx_word' id='word_1_160' title='bbox 1248 1637 1277 1692; x_wconf 77' lang='grc' dir='ltr'><em>ἢ</em></span> <span class='ocrx_word' id='word_1_161' title='bbox 1295 1640 1580 1693; x_wconf 85' lang='grc' dir='ltr'><strong><em>αἰσχροεργεῖν,</em></strong></span> 
     </span>
     <span class='ocr_line' id='line_1_23' title="bbox 18 1691 1581 1750; baseline 0.001 -15"><span class='ocrx_word' id='word_1_162' title='bbox 18 1694 338 1748; x_wconf 79' lang='grc' dir='ltr'><strong><em>σωφρονίζεσθαι</em></strong></span> <span class='ocrx_word' id='word_1_163' title='bbox 372 1694 417 1735; x_wconf 82' lang='grc' dir='ltr'><strong><em>δὲ</em></strong></span> <span class='ocrx_word' id='word_1_164' title='bbox 455 1691 580 1744; x_wconf 73' lang='grc' dir='ltr'><strong><em>αὐτὰς</em></strong></span> <span class='ocrx_word' id='word_1_165' title='bbox 617 1692 716 1749; x_wconf 85' lang='grc' dir='ltr'><strong><em>πρὸς</em></strong></span> <span class='ocrx_word' id='word_1_166' title='bbox 755 1701 839 1737; x_wconf 72' lang='grc' dir='ltr'><strong><em>τῶν</em></strong></span> <span class='ocrx_word' id='word_1_167' title='bbox 876 1696 1118 1736; x_wconf 81' lang='grc' dir='ltr'><strong><em>δεσποινῶν·</em></strong></span> <span class='ocrx_word' id='word_1_168' title='bbox 1166 1695 1322 1748; x_wconf 82' lang='grc' dir='ltr'><strong><em>σφόδρα</em></strong></span> <span class='ocrx_word' id='word_1_169' title='bbox 1359 1697 1460 1750; x_wconf 86' lang='grc' dir='ltr'><strong><em>γοῦν</em></strong></span> <span class='ocrx_word' id='word_1_170' title='bbox 1501 1696 1581 1737; x_wconf 81' lang='grc' dir='ltr'><strong><em>ἐπι</em></strong></span> 
     </span>
     <span class='ocr_line' id='line_1_24' title="bbox 18 1749 1582 1807; baseline 0.001 -16"><span class='ocrx_word' id='word_1_171' title='bbox 18 1750 302 1804; x_wconf 82' lang='grc' dir='ltr'><strong><em>τιμητικώτατα</em></strong></span> <span class='ocrx_word' id='word_1_172' title='bbox 340 1749 361 1792; x_wconf 87' lang='grc' dir='ltr'>ὁ</span> <span class='ocrx_word' id='word_1_173' title='bbox 400 1750 570 1804; x_wconf 77' lang='grc' dir='ltr'><strong><em>κωμικὸς</em></strong></span> <span class='ocrx_word' id='word_1_174' title='bbox 600 1752 795 1805; x_wconf 81' lang='grc' dir='ltr'><strong><em>Φιλήμων</em></strong></span> <span class='ocrx_word' id='word_1_175' title='bbox 832 1752 958 1804; x_wconf 82' lang='grc' dir='ltr'><strong><em>φησὶν</em></strong></span> <span class='ocrx_word' id='word_1_176' title='bbox 988 1749 1080 1802; x_wconf 80' lang='grc' dir='ltr'><strong><em>ε’ξὸν</em></strong></span> <span class='ocrx_word' id='word_1_177' title='bbox 1119 1756 1200 1794; x_wconf 81' lang='grc' dir='ltr'><strong><em>κτλ.</em></strong></span> <span class='ocrx_word' id='word_1_178' title='bbox 1232 1749 1471 1806; x_wconf 75' lang='grc' dir='ltr'><strong><em>ἀναστρέφει</em></strong></span> <span class='ocrx_word' id='word_1_179' title='bbox 1507 1753 1582 1807; x_wconf 80' lang='grc' dir='ltr'><strong><em>γὰρ</em></strong></span> 
     </span>
     <span class='ocr_line' id='line_1_25' title="bbox 20 1805 1581 1865; baseline 0.001 -16"><span class='ocrx_word' id='word_1_180' title='bbox 20 1807 84 1850; x_wconf 75' lang='grc' dir='ltr'><strong><em>ἐπὶ</em></strong></span> <span class='ocrx_word' id='word_1_181' title='bbox 114 1808 188 1861; x_wconf 85' lang='grc' dir='ltr'><strong><em>τὴν</em></strong></span> <span class='ocrx_word' id='word_1_182' title='bbox 216 1808 433 1849; x_wconf 83' lang='grc' dir='ltr'><strong><em>δέσποιναν</em></strong></span> <span class='ocrx_word' id='word_1_183' title='bbox 461 1805 486 1861; x_wconf 80' lang='grc' dir='ltr'><em>ἡ</em></span> <span class='ocrx_word' id='word_1_184' title='bbox 517 1815 589 1860; x_wconf 83' lang='grc' dir='ltr'><strong><em>τῆς</em></strong></span> <span class='ocrx_word' id='word_1_185' title='bbox 619 1811 869 1863; x_wconf 84' lang='grc' dir='ltr'><strong><em>θεραπαίνης</em></strong></span> <span class='ocrx_word' id='word_1_186' title='bbox 898 1807 1103 1850; x_wconf 76' lang='grc' dir='ltr'><strong><em>ἀκολασία.</em></strong></span> <span class='ocrx_word' id='word_1_187' title='bbox 1197 1814 1230 1851; x_wconf 93' lang='lat'><strong><em>1.</em></strong></span> <span class='ocrx_word' id='word_1_188' title='bbox 1254 1813 1291 1852; x_wconf 85' lang='lat'><strong><em>2.</em></strong></span> <span class='ocrx_word' id='word_1_189' title='bbox 1323 1808 1455 1863; x_wconf 82' lang='grc' dir='ltr'><strong><em>βλέπω</em></strong></span> <span class='ocrx_word' id='word_1_190' title='bbox 1481 1810 1487 1865; x_wconf 88' lang='grc' dir='ltr'>Ι</span> <span class='ocrx_word' id='word_1_191' title='bbox 1512 1809 1581 1863; x_wconf 86' lang='grc' dir='ltr'><strong><em>μό-</em></strong></span> 
     </span>
     <span class='ocr_line' id='line_1_26' title="bbox 20 1865 1582 1921; baseline 0.001 -15"><span class='ocrx_word' id='word_1_192' title='bbox 20 1881 96 1918; x_wconf 85' lang='grc' dir='ltr'><strong><em>νην</em></strong></span> <span class='ocrx_word' id='word_1_193' title='bbox 116 1867 340 1907; x_wconf 81' lang='lat' dir='ltr'><strong>Markland.</strong></span> <span class='ocrx_word' id='word_1_194' title='bbox 344 1865 361 1920; x_wconf 97' lang='lat'>]</span> <span class='ocrx_word' id='word_1_195' title='bbox 381 1865 642 1919; x_wconf 86' lang='grc' dir='ltr'><strong><em>βλεπομένην.</em></strong></span> <span class='ocrx_word' id='word_1_196' title='bbox 703 1870 742 1907; x_wconf 90' lang='grc'><strong><em>3.</em></strong></span> <span class='ocrx_word' id='word_1_197' title='bbox 775 1866 817 1907; x_wconf 79' lang='grc' dir='ltr'><strong><em>ἐκ</em></strong></span> <span class='ocrx_word' id='word_1_198' title='bbox 839 1872 909 1906; x_wconf 86' lang='grc' dir='ltr'><strong><em>τοῦ</em></strong></span> <span class='ocrx_word' id='word_1_199' title='bbox 925 1869 1175 1907; x_wconf 85' lang='grc' dir='ltr'><strong><em>Πλαταιικοῦ</em></strong></span> <span class='ocrx_word' id='word_1_200' title='bbox 1195 1868 1582 1921; x_wconf 66' lang='grc' dir='ltr'><strong><em>παρακολουθοῦντα</em></strong></span> 
     </span>
     <span class='ocr_line' id='line_1_27' title="bbox 19 1920 1580 1993; baseline 0.002 -31"><span class='ocrx_word' id='word_1_201' title='bbox 19 1936 58 1962; x_wconf 88' lang='grc' dir='ltr'><strong><em>τε</em></strong></span> <span class='ocrx_word' id='word_1_202' title='bbox 84 1922 90 1977; x_wconf 84' lang='grc' dir='ltr'>Ι</span> <span class='ocrx_word' id='word_1_203' title='bbox 118 1920 239 1993; x_wconf 83' lang='grc' dir='ltr'><strong><em>ταύτῃ</em></strong></span> <span class='ocrx_word' id='word_1_204' title='bbox 270 1923 552 1963; x_wconf 81' lang='grc' dir='ltr'><strong><em>κατιλλώπτειν</em></strong></span> <span class='ocrx_word' id='word_1_205' title='bbox 582 1923 669 1963; x_wconf 80' lang='grc' dir='ltr'><strong><em>τινά</em></strong></span> <span class='ocrx_word' id='word_1_206' title='bbox 700 1925 834 1965; x_wconf 82' lang='lat' dir='ltr'><strong>Bentl.</strong></span> <span class='ocrx_word' id='word_1_207' title='bbox 890 1922 934 1963; x_wconf 79' lang='grc' dir='ltr'><strong><em>ἐκ</em></strong></span> <span class='ocrx_word' id='word_1_208' title='bbox 964 1926 1033 1963; x_wconf 84' lang='grc' dir='ltr'><strong><em>τοῦ</em></strong></span> <span class='ocrx_word' id='word_1_209' title='bbox 1062 1923 1232 1977; x_wconf 87' lang='grc' dir='ltr'><strong><em>πλαγίου</em></strong></span> <span class='ocrx_word' id='word_1_210' title='bbox 1263 1939 1302 1964; x_wconf 92' lang='grc' dir='ltr'><strong><em>τε</em></strong></span> <span class='ocrx_word' id='word_1_211' title='bbox 1332 1928 1580 1975; x_wconf 84' lang='grc' dir='ltr'><strong><em>παρακολου-</em></strong></span> 
     </span>
     <span class='ocr_line' id='line_1_28' title="bbox 19 1977 1580 2049; baseline 0.002 -30"><span class='ocrx_word' id='word_1_212' title='bbox 19 1977 163 2020; x_wconf 83' lang='grc' dir='ltr'><strong><em>θοῦντ’</em></strong></span> <span class='ocrx_word' id='word_1_213' title='bbox 185 1994 240 2020; x_wconf 89' lang='grc' dir='ltr'><strong><em>αν</em></strong></span> <span class='ocrx_word' id='word_1_214' title='bbox 270 1995 359 2020; x_wconf 88' lang='grc' dir='ltr'><strong><em>τινα</em></strong></span> <span class='ocrx_word' id='word_1_215' title='bbox 390 1981 433 2022; x_wconf 89' lang='lat' dir='ltr'><strong><em>C.</em></strong></span> <span class='ocrx_word' id='word_1_216' title='bbox 456 1983 500 2020; x_wconf 81' lang='lat' dir='ltr'><strong><em>F.</em></strong></span> <span class='ocrx_word' id='word_1_217' title='bbox 524 1982 742 2022; x_wconf 83' lang='lat' dir='ltr'><strong>Hermann.</strong></span> <span class='ocrx_word' id='word_1_218' title='bbox 791 1979 1197 2049; x_wconf 79' lang='grc' dir='ltr'><strong><em>παρακολουθοῦντάς</em></strong></span> <span class='ocrx_word' id='word_1_219' title='bbox 1229 1996 1341 2029; x_wconf 87' lang='grc' dir='ltr'><strong><em>τινας</em></strong></span> <span class='ocrx_word' id='word_1_220' title='bbox 1373 1983 1425 2022; x_wconf 90' lang='grc' dir='ltr'><strong><em>Η.</em></strong></span> <span class='ocrx_word' id='word_1_221' title='bbox 1447 1983 1580 2023; x_wconf 82' lang='lat' dir='ltr'><strong>Iacobi</strong></span> 
     </span>
     <span class='ocr_line' id='line_1_29' title="bbox 18 2033 1578 2106; baseline 0 -28"><span class='ocrx_word' id='word_1_222' title='bbox 18 2038 157 2090; x_wconf 80' lang='lat' dir='ltr'><strong>(Mein.</strong></span> <span class='ocrx_word' id='word_1_223' title='bbox 189 2038 227 2076; x_wconf 90' lang='lat' dir='ltr'><strong>V</strong></span> <span class='ocrx_word' id='word_1_224' title='bbox 256 2035 463 2093; x_wconf 81' lang='lat' dir='ltr'>ccxxxw).</span> <span class='ocrx_word' id='word_1_225' title='bbox 551 2040 589 2079; x_wconf 89' lang='lat'>4.</span> <span class='ocrx_word' id='word_1_226' title='bbox 621 2033 707 2091; x_wconf 81' lang='grc' dir='ltr'><strong><em>μέγ’</em></strong></span> <span class='ocrx_word' id='word_1_227' title='bbox 732 2034 1061 2091; x_wconf 78' lang='grc' dir='ltr'><strong><em>ἐγκατιλλώπτειν</em></strong></span> <span class='ocrx_word' id='word_1_228' title='bbox 1090 2040 1215 2106; x_wconf 77' lang='lat' dir='ltr'><strong>D‚⁰b¹&#39;·</strong></span> <span class='ocrx_word' id='word_1_229' title='bbox 1259 2038 1383 2103; x_wconf 77' lang='grc' dir='ltr'><strong><em>ταύτῃ</em></strong></span> <span class='ocrx_word' id='word_1_230' title='bbox 1408 2034 1578 2090; x_wconf 84' lang='grc' dir='ltr'><strong><em>’γκατιλ-</em></strong></span> 
     </span>
     <span class='ocr_line' id='line_1_30' title="bbox 17 2092 1582 2162; baseline 0.001 -28"><span class='ocrx_word' id='word_1_231' title='bbox 17 2092 187 2134; x_wconf 74' lang='grc' dir='ltr'><strong><em>λοίπτειν</em></strong></span> <span class='ocrx_word' id='word_1_232' title='bbox 224 2096 343 2134; x_wconf 86' lang='lat' dir='ltr'><strong>Mein.</strong></span> <span class='ocrx_word' id='word_1_233' title='bbox 407 2096 549 2135; x_wconf 83' lang='lat' dir='ltr'><strong>Aeseh.</strong></span> <span class='ocrx_word' id='word_1_234' title='bbox 582 2096 698 2136; x_wconf 82' lang='lat' dir='ltr'><strong>Eum.</strong></span> <span class='ocrx_word' id='word_1_235' title='bbox 735 2097 814 2135; x_wconf 88' lang='lat'><strong><em>113</em></strong></span> <span class='ocrx_word' id='word_1_236' title='bbox 857 2093 899 2135; x_wconf 79' lang='grc' dir='ltr'><strong><em>ἐκ</em></strong></span> <span class='ocrx_word' id='word_1_237' title='bbox 940 2093 1073 2144; x_wconf 82' lang='grc' dir='ltr'><strong><em>μέσων</em></strong></span> <span class='ocrx_word' id='word_1_238' title='bbox 1108 2092 1368 2162; x_wconf 82' lang='grc' dir='ltr'><strong><em>ἆρκυστατων</em></strong></span> <span class='ocrx_word' id='word_1_239' title='bbox 1405 2093 1582 2146; x_wconf 84' lang='grc' dir='ltr'><strong><em>ω’ρουσεν</em></strong></span> 
     </span>
     <span class='ocr_line' id='line_1_31' title="bbox 16 2147 1580 2206; baseline 0.002 -16"><span class='ocrx_word' id='word_1_240' title='bbox 16 2147 115 2202; x_wconf 80' lang='grc' dir='ltr'><strong><em>ὑμῖν</em></strong></span> <span class='ocrx_word' id='word_1_241' title='bbox 145 2149 441 2204; x_wconf 79' lang='grc' dir='ltr'><strong><em>ἐγκατιλλωψας</em></strong></span> <span class='ocrx_word' id='word_1_242' title='bbox 471 2149 581 2204; x_wconf 87' lang='grc' dir='ltr'><strong><em>μέγα.</em></strong></span> <span class='ocrx_word' id='word_1_243' title='bbox 633 2154 685 2193; x_wconf 83' lang='lat' dir='ltr'><strong><em>of.</em></strong></span> <span class='ocrx_word' id='word_1_244' title='bbox 717 2153 765 2193; x_wconf 86' lang='lat' dir='ltr'><strong><em>fr.</em></strong></span> <span class='ocrx_word' id='word_1_245' title='bbox 798 2154 877 2191; x_wconf 88' lang='grc'><strong><em>222</em></strong></span> <span class='ocrx_word' id='word_1_246' title='bbox 911 2153 962 2192; x_wconf 89' lang='lat' dir='ltr'><strong><em>N.</em></strong></span> <span class='ocrx_word' id='word_1_247' title='bbox 1059 2150 1166 2206; x_wconf 78' lang='grc' dir='ltr'><strong><em>ἐξὸν]</em></strong></span> <span class='ocrx_word' id='word_1_248' title='bbox 1199 2148 1314 2202; x_wconf 83' lang='grc' dir='ltr'><strong><em>ε’ξιων</em></strong></span> <span class='ocrx_word' id='word_1_249' title='bbox 1344 2154 1501 2202; x_wconf 68' lang='lat' dir='ltr'><strong>Markl„</strong></span> <span class='ocrx_word' id='word_1_250' title='bbox 1539 2154 1580 2193; x_wconf 87' lang='lat' dir='ltr'><strong><em>id</em></strong></span> 
     </span>
     <span class='ocr_line' id='line_1_32' title="bbox 17 2203 1579 2264; baseline 0 -17"><span class='ocrx_word' id='word_1_251' title='bbox 17 2208 184 2248; x_wconf 88' lang='lat' dir='ltr'><strong>verbum</strong></span> <span class='ocrx_word' id='word_1_252' title='bbox 220 2212 267 2248; x_wconf 77' lang='lat' dir='ltr'><strong>ut</strong></span> <span class='ocrx_word' id='word_1_253' title='bbox 303 2209 351 2247; x_wconf 88' lang='lat' dir='ltr'><strong><em>ad</em></strong></span> <span class='ocrx_word' id='word_1_254' title='bbox 381 2209 627 2249; x_wconf 78' lang='lat' dir='ltr'><strong>Philemonis</strong></span> <span class='ocrx_word' id='word_1_255' title='bbox 665 2222 804 2249; x_wconf 84' lang='lat' dir='ltr'><strong>versus</strong></span> <span class='ocrx_word' id='word_1_256' title='bbox 841 2211 1063 2260; x_wconf 78' lang='lat' dir='ltr'><strong>pertineret</strong></span> <span class='ocrx_word' id='word_1_257' title='bbox 1092 2203 1247 2264; x_wconf 78' lang='grc' dir='ltr'><strong><em>(ἐξιών)</em></strong></span> <span class='ocrx_word' id='word_1_258' title='bbox 1276 2208 1467 2262; x_wconf 78' lang='grc' dir='ltr'><strong><em>γυναικὸς</em></strong></span> <span class='ocrx_word' id='word_1_259' title='bbox 1498 2212 1579 2250; x_wconf 87' lang='grc' dir='ltr'><strong><em>κτλ.</em></strong></span> 
     </span>
     <span class='ocr_line' id='line_1_33' title="bbox 16 2261 1579 2318; baseline 0.001 -13"><span class='ocrx_word' id='word_1_260' title='bbox 16 2268 61 2305; x_wconf 75' lang='lat' dir='ltr'><strong><em>at</em></strong></span> <span class='ocrx_word' id='word_1_261' title='bbox 88 2266 224 2316; x_wconf 77' lang='lat' dir='ltr'><strong>potius</strong></span> <span class='ocrx_word' id='word_1_262' title='bbox 254 2263 431 2313; x_wconf 69' lang='grc' dir='ltr'><strong><em>ἐξελθὼν</em></strong></span> <span class='ocrx_word' id='word_1_263' title='bbox 461 2267 674 2306; x_wconf 84' lang='lat' dir='ltr'><strong>dicendum</strong></span> <span class='ocrx_word' id='word_1_264' title='bbox 705 2269 805 2305; x_wconf 76' lang='lat' dir='ltr'><strong>erat.</strong></span> <span class='ocrx_word' id='word_1_265' title='bbox 855 2267 953 2305; x_wconf 87' lang='lat' dir='ltr'><strong>mihi</strong></span> <span class='ocrx_word' id='word_1_266' title='bbox 975 2261 1063 2315; x_wconf 83' lang='grc' dir='ltr'><strong><em>ε’ξόν</em></strong></span> <span class='ocrx_word' id='word_1_267' title='bbox 1083 2281 1130 2307; x_wconf 88' lang='lat' dir='ltr'><strong><em>ex</em></strong></span> <span class='ocrx_word' id='word_1_268' title='bbox 1151 2267 1383 2318; x_wconf 88' lang='lat' dir='ltr'><strong>compendio</strong></span> <span class='ocrx_word' id='word_1_269' title='bbox 1403 2268 1579 2307; x_wconf 83' lang='lat' dir='ltr'><strong>nominis</strong></span> 
     </span>
     <span class='ocr_line' id='line_1_34' title="bbox 18 2319 1028 2377; baseline -0.001 -15"><span class='ocrx_word' id='word_1_270' title='bbox 18 2322 243 2362; x_wconf 80' lang='lat' dir='ltr'><strong>comoediae</strong></span> <span class='ocrx_word' id='word_1_271' title='bbox 274 2325 407 2361; x_wconf 82' lang='lat' dir='ltr'><strong>ortum</strong></span> <span class='ocrx_word' id='word_1_272' title='bbox 435 2323 615 2363; x_wconf 81' lang='lat' dir='ltr'><strong>videtur:</strong></span> <span class='ocrx_word' id='word_1_273' title='bbox 644 2319 1028 2391; x_wconf 79' lang='grc' dir='ltr'><strong><em>Ἐξοικιζομένῳ,</em></strong></span> 
     </span>
    </p>

    <p class='ocr_par' dir='ltr' id='par_1_10' title="bbox 16 2350 1581 2828">
     <span class='ocr_line' id='line_1_35' title="bbox 132 2350 1581 2431; baseline 0.001 -14"><span class='ocrx_word' id='word_1_274' title='bbox 132 2377 315 2418; x_wconf 81' lang='lat' dir='ltr'><strong>Clemens</strong></span> <span class='ocrx_word' id='word_1_275' title='bbox 344 2379 698 2430; x_wconf 78' lang='lat' dir='ltr'><strong><em>Paed.3,11,70</em></strong></span> <span class='ocrx_word' id='word_1_276' title='bbox 727 2377 770 2418; x_wconf 87' lang='grc' dir='ltr'><strong><em>τὸ</em></strong></span> <span class='ocrx_word' id='word_1_277' title='bbox 802 2363 1052 2418; x_wconf 78' lang='grc' dir='ltr'><strong><em>ἐνιλλοόπτειν</em></strong></span> <span class='ocrx_word' id='word_1_278' title='bbox 1082 2350 1371 2431; x_wconf 72' lang='lat' dir='ltr'><strong>interpretatur</strong></span> <span class='ocrx_word' id='word_1_279' title='bbox 1401 2373 1468 2418; x_wconf 80' lang='grc' dir='ltr'><strong><em>διὰ</em></strong></span> <span class='ocrx_word' id='word_1_280' title='bbox 1499 2394 1581 2419; x_wconf 87' lang='grc' dir='ltr'><strong><em>των</em></strong></span> 
     </span>
     <span class='ocr_line' id='line_1_36' title="bbox 18 2431 1579 2491; baseline 0.001 -17"><span class='ocrx_word' id='word_1_281' title='bbox 18 2431 244 2486; x_wconf 82' lang='grc' dir='ltr'><strong><em>ὀφθαλμων</em></strong></span> <span class='ocrx_word' id='word_1_282' title='bbox 275 2431 486 2487; x_wconf 81' lang='grc' dir='ltr'><strong><em>μοιχεύειν.</em></strong></span> <span class='ocrx_word' id='word_1_283' title='bbox 555 2436 699 2475; x_wconf 84' lang='lat' dir='ltr'><strong>Pollux</strong></span> <span class='ocrx_word' id='word_1_284' title='bbox 730 2438 775 2486; x_wconf 87' lang='grc'><strong><em>2,</em></strong></span> <span class='ocrx_word' id='word_1_285' title='bbox 805 2437 857 2476; x_wconf 87' lang='grc'><strong>52</strong></span> <span class='ocrx_word' id='word_1_286' title='bbox 898 2435 1106 2475; x_wconf 80' lang='grc' dir='ltr'><strong><em>ι’λλώπτειν</em></strong></span> <span class='ocrx_word' id='word_1_287' title='bbox 1142 2434 1187 2475; x_wconf 81' lang='grc' dir='ltr'><strong><em>ἐν</em></strong></span> <span class='ocrx_word' id='word_1_288' title='bbox 1225 2442 1272 2491; x_wconf 85' lang='grc' dir='ltr'><strong><em>τῇ</em></strong></span> <span class='ocrx_word' id='word_1_289' title='bbox 1310 2435 1496 2490; x_wconf 81' lang='grc' dir='ltr'><strong><em>κωμῳδία</em></strong></span> <span class='ocrx_word' id='word_1_290' title='bbox 1536 2434 1579 2476; x_wconf 90' lang='grc' dir='ltr'><strong><em>τὸ</em></strong></span> 
     </span>
     <span class='ocr_line' id='line_1_37' title="bbox 17 2488 1577 2561; baseline 0.002 -30"><span class='ocrx_word' id='word_1_291' title='bbox 17 2489 302 2543; x_wconf 87' lang='grc' dir='ltr'><strong><em>παραβλέπειν,</em></strong></span> <span class='ocrx_word' id='word_1_292' title='bbox 333 2490 399 2532; x_wconf 82' lang='grc' dir='ltr'><strong><em>καὶ</em></strong></span> <span class='ocrx_word' id='word_1_293' title='bbox 420 2488 703 2532; x_wconf 74' lang='grc' dir='ltr'><strong><em>κατιλλώπτειν</em></strong></span> <span class='ocrx_word' id='word_1_294' title='bbox 723 2490 766 2532; x_wconf 86' lang='grc' dir='ltr'><strong><em>τὸ</em></strong></span> <span class='ocrx_word' id='word_1_295' title='bbox 785 2490 1048 2543; x_wconf 83' lang='grc' dir='ltr'><strong><em>καταβλέπειν</em></strong></span> <span class='ocrx_word' id='word_1_296' title='bbox 1069 2490 1133 2532; x_wconf 78' lang='grc' dir='ltr'><strong><em>ἐπὶ</em></strong></span> <span class='ocrx_word' id='word_1_297' title='bbox 1154 2495 1373 2548; x_wconf 70' lang='grc' dir='ltr'><strong><em>χλευασμῷ.</em></strong></span> <span class='ocrx_word' id='word_1_298' title='bbox 1407 2494 1577 2561; x_wconf 80' lang='lat' dir='ltr'><strong>Hesyeh.</strong></span> 
     </span>
     <span class='ocr_line' id='line_1_38' title="bbox 16 2545 1577 2604; baseline 0.001 -17"><span class='ocrx_word' id='word_1_299' title='bbox 16 2546 36 2587; x_wconf 80' lang='grc' dir='ltr'><em>ἕ</em></span> <span class='ocrx_word' id='word_1_300' title='bbox 35 2549 328 2602; x_wconf 85' lang='grc' dir='ltr'><strong><em>γκατιλλωψαι·</em></strong></span> <span class='ocrx_word' id='word_1_301' title='bbox 352 2546 750 2600; x_wconf 85' lang='grc' dir='ltr'><strong><em>έγκαταμυκτηρίσαι.</em></strong></span> <span class='ocrx_word' id='word_1_302' title='bbox 782 2546 1051 2589; x_wconf 80' lang='grc' dir='ltr'><strong><em>ἒνιλλώπτειν·</em></strong></span> <span class='ocrx_word' id='word_1_303' title='bbox 1073 2548 1331 2603; x_wconf 83' lang='grc' dir='ltr'><strong><em>κεκλεισμένῳ</em></strong></span> <span class='ocrx_word' id='word_1_304' title='bbox 1352 2554 1405 2604; x_wconf 75' lang='grc' dir='ltr'><strong><em>τῷ</em></strong></span> <span class='ocrx_word' id='word_1_305' title='bbox 1420 2545 1577 2598; x_wconf 84' lang='grc' dir='ltr'><strong><em>ὀφθαλ-</em></strong></span> 
     </span>
     <span class='ocr_line' id='line_1_39' title="bbox 17 2603 1579 2660; baseline 0.002 -17"><span class='ocrx_word' id='word_1_306' title='bbox 17 2605 78 2660; x_wconf 76' lang='grc' dir='ltr'><strong><em>μῷ</em></strong></span> <span class='ocrx_word' id='word_1_307' title='bbox 109 2603 329 2657; x_wconf 80' lang='grc' dir='ltr'><strong><em>ἐμβλέπειν,</em></strong></span> <span class='ocrx_word' id='word_1_308' title='bbox 360 2608 689 2656; x_wconf 79' lang='grc' dir='ltr'><strong><em>καταμωκᾶσθαι.</em></strong></span> <span class='ocrx_word' id='word_1_309' title='bbox 727 2604 970 2655; x_wconf 80' lang='grc' dir='ltr'><strong><em>ένιλλώψας·</em></strong></span> <span class='ocrx_word' id='word_1_310' title='bbox 1001 2605 1398 2658; x_wconf 82' lang='grc' dir='ltr'><strong><em>καταμωκησοὶμενος.</em></strong></span> <span class='ocrx_word' id='word_1_311' title='bbox 1443 2610 1579 2655; x_wconf 84' lang='grc' dir='ltr'><strong><em>παριλ-</em></strong></span> 
     </span>
     <span class='ocr_line' id='line_1_40' title="bbox 17 2660 1577 2715; baseline 0.001 -14"><span class='ocrx_word' id='word_1_312' title='bbox 17 2646 606 2715; x_wconf 85' lang='grc' dir='ltr'><strong><em>λαίνουσα·παρεμβλέπουσα.</em></strong></span> <span class='ocrx_word' id='word_1_313' title='bbox 674 2660 1577 2715; x_wconf 69' lang='grc' dir='ltr'><strong><em>Ρῐιοι.παρι11αίνουσαν·παραβλέπουσαν.</em></strong></span> 
     </span>
     <span class='ocr_line' id='line_1_41' title="bbox 19 2716 1575 2772; baseline 0.001 -14"><span class='ocrx_word' id='word_1_314' title='bbox 19 2720 154 2771; x_wconf 75' lang='lat' dir='ltr'><strong>Etym.</strong></span> <span class='ocrx_word' id='word_1_315' title='bbox 187 2733 238 2760; x_wconf 90' lang='lat' dir='ltr'><strong><em>m.</em></strong></span> <span class='ocrx_word' id='word_1_316' title='bbox 270 2720 370 2770; x_wconf 87' lang='grc'><strong>342,</strong></span> <span class='ocrx_word' id='word_1_317' title='bbox 394 2721 446 2759; x_wconf 84' lang='grc'><strong><em>38</em></strong></span> <span class='ocrx_word' id='word_1_318' title='bbox 478 2716 602 2767; x_wconf 85' lang='grc' dir='ltr'><strong><em>ἰλλός·</em></strong></span> <span class='ocrx_word' id='word_1_319' title='bbox 635 2717 842 2772; x_wconf 85' lang='grc' dir='ltr'><strong><em>στρεβλός,</em></strong></span> <span class='ocrx_word' id='word_1_320' title='bbox 873 2718 1061 2772; x_wconf 86' lang='grc' dir='ltr'><strong><em>στραβός,</em></strong></span> <span class='ocrx_word' id='word_1_321' title='bbox 1093 2717 1398 2771; x_wconf 84' lang='grc' dir='ltr'><strong><em>διεστραμμένος</em></strong></span> <span class='ocrx_word' id='word_1_322' title='bbox 1430 2720 1575 2771; x_wconf 83' lang='lat' dir='ltr'><strong><em>(Arist.</em></strong></span> 
     </span>
     <span class='ocr_line' id='line_1_42' title="bbox 19 2773 1550 2828; baseline 0 -13"><span class='ocrx_word' id='word_1_323' title='bbox 19 2776 178 2815; x_wconf 83' lang='lat' dir='ltr'><strong>Thesm.</strong></span> <span class='ocrx_word' id='word_1_324' title='bbox 202 2774 317 2827; x_wconf 87' lang='grc'>846).</span> <span class='ocrx_word' id='word_1_325' title='bbox 368 2773 596 2815; x_wconf 72' lang='grc' dir='ltr'><strong><em>ι’λλοίπτειν·</em></strong></span> <span class='ocrx_word' id='word_1_326' title='bbox 626 2776 860 2828; x_wconf 80' lang='grc' dir='ltr'><strong><em>σιραβίζειν.</em></strong></span> <span class='ocrx_word' id='word_1_327' title='bbox 912 2778 960 2817; x_wconf 86' lang='lat' dir='ltr'><strong><em>cf.</em></strong></span> <span class='ocrx_word' id='word_1_328' title='bbox 992 2777 1176 2817; x_wconf 82' lang='lat' dir='ltr'><strong>Eustath.</strong></span> <span class='ocrx_word' id='word_1_329' title='bbox 1199 2778 1295 2826; x_wconf 88' lang='grc'><strong>206,</strong></span> <span class='ocrx_word' id='word_1_330' title='bbox 1322 2778 1500 2817; x_wconf 84' lang='grc'><strong>13-32,</strong></span> <span class='ocrx_word' id='word_1_331' title='bbox 1547 2819 1550 2822; x_wconf 46' lang='grc'><strong>,</strong></span> 
     </span>
    </p>

    <p class='ocr_par' dir='ltr' id='par_1_11' title="bbox 132 2833 1576 2884">
     <span class='ocr_line' id='line_1_43' title="bbox 132 2833 1576 2884; baseline 0.001 -12"><span class='ocrx_word' id='word_1_332' title='bbox 132 2834 175 2872; x_wconf 88' lang='lat' dir='ltr'><strong>in</strong></span> <span class='ocrx_word' id='word_1_333' title='bbox 211 2833 468 2873; x_wconf 78' lang='lat' dir='ltr'><strong>emendandis</strong></span> <span class='ocrx_word' id='word_1_334' title='bbox 506 2836 648 2884; x_wconf 80' lang='lat' dir='ltr'><strong>poetae</strong></span> <span class='ocrx_word' id='word_1_335' title='bbox 677 2835 807 2874; x_wconf 74' lang='lat' dir='ltr'><strong><em>verbis¹</em></strong></span> <span class='ocrx_word' id='word_1_336' title='bbox 838 2835 914 2874; x_wconf 83' lang='lat' dir='ltr'><strong>tria</strong></span> <span class='ocrx_word' id='word_1_337' title='bbox 946 2834 1116 2874; x_wconf 81' lang='lat' dir='ltr'><strong>tenenda</strong></span> <span class='ocrx_word' id='word_1_338' title='bbox 1145 2837 1259 2873; x_wconf 77' lang='lat' dir='ltr'><strong>sunt:</strong></span> <span class='ocrx_word' id='word_1_339' title='bbox 1304 2834 1576 2874; x_wconf 84' lang='lat' dir='ltr'><strong>Philemonem</strong></span> 
     </span>
    </p>
   </div>
  </div>
 </body>
</html>
