1864 3204
756 179 1029 233 rnp‘rouuz
1596 196 1681 238 253

418 302 605 343 Λυκίων
633 299 896 356 πρυτάνεις·
929 296 1108 355 ψυχρᾲν
1133 299 1282 341 τουτί·

336 379 382 411 20
411 369 564 412 παύου
593 371 773 424 φυσῶν,
805 367 1036 411 Μακεδών
1066 365 1238 423 ἅρχων·
1285 401 1291 408 .

413 438 582 493 σβέννυ
614 437 832 491 Κελτούς,
863 435 924 491 μὴ
955 434 1256 491 προσκαύσῃς.

229 533 456 572 Athenaeus
487 533 532 582 8,
555 532 674 570 346f
707 529 805 581 τάχα
843 527 886 568 δὲ
923 528 990 568 καὶ
1026 522 1138 580 ὑμεῖς
1171 526 1328 576 ἑκόντες
1359 528 1588 580 παρελίπετε
1619 525 1674 576 ὥς

112 588 221 641 ἱερόν
259 603 348 628 τινα
386 586 510 639 ἰχθὺν
548 585 620 627 τὸν
648 583 744 639 παρ’
774 584 959 655 Ἐφίππῳ
990 584 1041 640 τῷ
1060 585 1378 652 κωμῳδιοποιῷ,
1416 600 1465 624 ον
1495 596 1594 637 φησι
1625 591 1678 639 τῷ

113 642 300 715 Γηρυόνῃ
330 644 592 693 σκευάζεσθαι
622 642 665 684 ἒν
695 649 747 698 τῷ
778 640 975 697 ὁμωνύμῳ
996 626 1164 695 δράματι
1186 641 1252 682 διὰ
1274 642 1426 681 τούτων
1446 641 1572 694 λέγων
1592 645 1673 681 κτλ.

115 704 151 742 2.
183 699 298 741 ελωσ’
324 699 485 756 Β1οᾶ1.]
517 699 657 740 ελωσιν
685 702 734 741 A.
824 702 862 740 3.
895 699 1033 747 δαλίας
1067 701 1114 739 A.
1204 701 1243 742 5.
1275 697 1458 752 τούτους]
1483 698 1677 746 Κνωσοὺς

113 760 320 802 Herwerd.
353 760 468 799 Stud.
500 760 586 799 0111.
618 760 671 798 86
688 755 752 813 (1).
843 759 883 797 6.
914 754 1057 809 ταύτῃ]
1090 766 1217 824 φασιν
1246 757 1392 796 Naber.
1416 757 1563 796 Mnem.
1584 770 1679 797 nov.

111 816 211 855 VIII
243 818 339 856 249.
426 814 550 870 ταύτῃ
580 814 758 862 Σινδούς
789 797 1036 867 Schweigh.]
1068 812 1239 879 ταύτης
1224 812 1311 852 ἐσϊν
1339 811 1477 860 ἰ’νὸοὺς
1507 814 1556 855 Α.
1590 809 1680 852 ταύ-

109 887 180 924 της
211 869 385 920 Σιντούς
415 873 611 924 Droysen.
672 873 721 918 de
759 874 925 911 accentu
952 871 1125 911 nominis
1157 869 1304 916 Σίνδος
1335 871 1508 910 Meinek.
1541 871 1679 921 Steph.

110 930 208 981 Byz.
240 932 346 980 569,
369 932 436 972 27.
545 932 582 969 7.
618 926 911 998 Μυγδονιατας
940 941 1022 967 11011
1053 930 1140 967 31110
1171 928 1421 967 dubitatione
1453 927 1678 978 Schweigh.

114 989 179 1026 11.
210 983 326 1039 ὅρος,
356 985 449 1034 τοὺς
479 982 519 1025 δ’
524 983 543 1040 ]
564 983 657 1036 ὅρος
679 982 811 1038 τῆσδ’,
842 986 963 1025 Mein.
987 986 1049 1024 ed.
1071 986 1169 1024 min.
1261 986 1326 1023 17.
1357 984 1676 1035 πεντεσκάλμους

112 1042 252 1083 Cobet.
283 1044 334 1085 N.
366 1045 394 1084 l.
426 1045 519 1083 775.
543 1043 586 1095 6]
619 1040 942 1094 πεντασκάλμους
973 1044 1024 1082 Α.
1056 1042 1107 1081 cf.
1138 1042 1348 1110 Hermipp.
1382 1043 1449 1081 34.
1541 1043 1606 1082 18.
1638 1056 1676 1080 τε

112 1096 210 1151 κούχ
249 1100 306 1152 A]
351 1096 389 1138 τ’
419 1097 493 1151 οὐχ
524 1095 1073 1152 8οὴννο1811.υποκαίειν
1103 1095 1158 1152 Α]
1189 1095 1386 1137 ὖποκᾶειν
1414 1093 1676 1138 Dindf.n013

112 1156 359 1227 παρακούειν
389 1157 611 1209 Schweigh.
703 1159 768 1196 19.
800 1142 971 1195 Λυκίων
1002 1153 1243 1221 Schweigh.]
1277 1154 1446 1194 λυκείων
1476 1156 1528 1194 Α.
1610 1157 1677 1196 20.

41 1247 44 1251 .
109 1209 210 1253 παῦ’
230 1228 307 1253 ουν
337 1213 474 1254 Cobet.
507 1215 554 1253 V.
585 1211 634 1256 l.²
665 1215 746 1253 265
777 1226 974 1264 nusquam
1004 1214 1100 1252 alibi
1129 1213 1302 1253 inveniri
1331 1211 1467 1251 παύου
1496 1225 1674 1252 1110110113.

111 1272 176 1311 21.
223 1268 374 1324 σβέννυ
420 1268 595 1318 Κελτοὺς
640 1268 882 1323 Schweigh.]
926 1270 1236 1322 σβεννυκελτους
1281 1270 1333 1308 Α.
1422 1267 1679 1335 προσκαύσης

113 1327 354 1380 Schweigh.]
387 1326 634 1382 προσκλύσῃς
654 1329 705 1368 A.
735 1324 834 1379 πρὸς
864 1324 1040 1381 κλαύσῃς
1070 1327 1190 1367 Both.
1222 1323 1388 1378 σβέννυ,
1419 1322 1594 1373 Κελτους
1623 1324 1677 1377 μὴ

111 1383 370 1438 προσκαύσῃς
401 1386 523 1424 Μο111.
553 1385 669 1424 Anal.
701 1386 797 1424 Ath.
831 1386 926 1423 153.

225 1444 418 1493 repetivit
454 1443 632 1507 eclogam
671 1445 789 1492 poeta
827 1442 1033 1480 Athenaeo
1070 1443 1175 1481 teste
1213 1437 1314 1493 (347
1333 1437 1380 1506 b)
1426 1441 1468 1479 in
1506 1441 1679 1480 Peuasta

113 1495 184 1552 (fr.
210 1496 294 1554 19).
343 1512 424 1539 non
454 1500 587 1538 omnia
616 1499 691 1538 sibi
721 1499 763 1538 in
790 1498 851 1537 his
881 1498 1091 1549 perspicua
1111 1498 1235 1537 fuisse
1255 1498 1349 1537 vel
1339 1510 1424 1548 lpse
1446 1498 1677 1537 Athenaeus
1737 1524 1739 1527 .

114 1556 265 1596 indicat
295 1552 396 1609 (347
408 1557 433 1595 b
465 1559 559 1606 post
589 1556 767 1606 eclogam
805 1568 851 1594 ex
881 1555 1059 1594 Peltasta
1096 1551 1351 1607 excerptam).
1401 1557 1566 1604 propter
1604 1555 1676 1593 mi-

112 1625 199 1652 ram
229 1616 360 1652 rectae
391 1613 584 1652 orationis
615 1613 658 1651 in
689 1612 891 1662 obliquam
922 1613 1223 1651 conversionem
1253 1614 1344 1651 ante
1375 1625 1414 1652 v.
1439 1613 1463 1650 6
1494 1611 1679 1651 nonnihil

113 1670 305 1710 excidisse
336 1671 559 1720 suspicatur
589 1669 827 1710 Meinekius.
876 1669 1020 1708 Sindos
1049 1669 1099 1707 ad
1128 1669 1315 1718 paludem
1344 1669 1581 1707 Maeoticam
1610 1668 1678 1706 ha-

111 1726 262 1766 bitasse
291 1726 398 1766 idem
429 1726 649 1767 adnotavit.
700 1723 839 1764 Σιντοὶ
868 1725 1123 1764 Macedoniae
1153 1725 1316 1764 fuerunt
1342 1726 1465 1764 natio.
1498 1725 1676 1776 ‘Kouma-

113 1780 185 1829 οὺς
217 1796 318 1834 quos
348 1784 454 1822 dicat
484 1783 694 1822 obscurum
724 1785 798 1821 est.
846 1783 1077 1832 Droysenus
1109 1782 1372 1821 Athenienses
1401 1782 1677 1832 intellegebat.

114 1841 143 1878 ii
173 1841 321 1879 rectius
352 1841 580 1879 dicerentur
610 1840 819 1891 Κραναῖοι.
859 1838 995 1888 Steph.
1018 1839 1115 1889 Byz.
1138 1839 1339 1889 Κρανάη.’
1385 1851 1456 1888 pro
1488 1837 1677 1887 Παφίους

114 1895 307 1936 ‘fortasse
342 1895 557 1947 Παρίους’.
605 1897 726 1935 Μο111.
816 1898 881 1936 11.
927 1896 1146 1945 ‘quantum
1184 1895 1295 1934 urbis
1334 1896 1511 1934 ambitus
1550 1898 1675 1945 patet.

114 1953 254 2003 Eurip.
283 1953 381 1994 Hec.
415 1955 466 1992 16
496 1957 570 2004 γῆς
602 1949 808 2004 ὁρίσματα.
813 1953 825 1971 ’

225 2023 325 2060 quae
355 2011 398 2050 in
427 2010 707 2050 obscurissima
736 2010 875 2076 ecloga
904 2009 1002 2048 mihi
1031 2009 1234 2048 emendari
1265 2010 1307 2048 et
1337 2009 1540 2059 explanari
1560 2021 1676 2058 posse

113 2067 318 2116 videntur,
363 2068 460 2106 haec
505 2069 609 2107 sunt.
698 2068 736 2105 2.
779 2062 852 2117 οὐχ
890 2062 1162 2116 ἡμεδαπόν.
1211 2066 1260 2104 01.
1293 2066 1418 2105 Α1131.
1449 2065 1529 2104 Pac
1577 2066 1674 2104 220.

110 2123 529 2175 Plat.Theag.124d.
618 2125 656 2162 5.
688 2121 841 2173 δυνατὴ
871 2118 1082 2168 πόντους
1113 2124 1255 2190 χωρεῖν
1286 2118 1440 2161 ἑκατόν.
1530 2123 1566 2163 8.
1599 2123 1673 2161 101·-

112 2183 216 2220 tasse
252 2180 521 2232 Κρονίους,
557 2178 793 2230 Ταφίους.
845 2180 894 2219 01.
927 2178 1100 2227 Κρόνιος
1131 2177 1275 2226 πόντος
1305 2179 1523 2218 Bernhard.
1555 2179 1672 2218 Dion.

111 2250 150 2287 p.
173 2238 242 2277 32.
292 2251 329 2277 v.
355 2241 402 2275 11
436 2238 606 2277 fortasse
635 2239 728 2287 post
756 2251 796 2276 v.
818 2237 843 2275 8
875 2237 1163 2276 conlocandus.
1195 2237 1332 2286 utique
1363 2238 1571 2286 corruptus
1600 2239 1675 2275 est.

115 2294 183 2332 12.
217 2294 388 2333 fortasse
417 2289 627 2344 ὑποκᾶειν,
663 2291 756 2340 τοὺς
788 2287 828 2331 δ’
853 2287 1016 2344 ἐπάγειν
1044 2292 1200 2343 λίμνην.
1312 2295 1376 2332 13.
1410 2292 1464 2338 εἰς
1495 2290 1568 2343 τὴν
1599 2294 1675 2330 λε-

111 2347 283 2399 κάνην.
359 2351 422 2391 18.
451 2348 744 2402 περιαγγέλλειν
772 2346 821 2387 θ’
847 2345 1183 2391 υποκοὶουσιν.
1265 2351 1331 2388 19.
1363 2350 1586 2388 omittenda
1615 2352 1677 2388 est

112 2407 274 2445 alterius
311 2417 501 2457 personae
538 2407 713 2447 notatio:
757 2420 850 2446 nam
888 2406 931 2444 in
967 2407 1025 2445 eis
1063 2418 1164 2455 quae
1202 2408 1421 2455 sequuntur
1461 2406 1673 2456 exponitur

113 2463 208 2513 quid
247 2463 461 2513 Lyciorum
501 2466 690 2514 prytanes
728 2463 1033 2512 imperaverint:
1083 2456 1244 2514 ψυχρὸν
1284 2461 1411 2512 τουτί,
1449 2463 1476 2501 1.
1506 2476 1540 2503 0.
1579 2463 1673 2500 haee

111 2520 229 2569 piscis
256 2533 347 2569 pars
377 2521 555 2559 nondum
584 2520 736 2558 mollita
766 2522 838 2558 est.
901 2520 966 2560 20.
998 2523 1186 2557 παῦσαι
1216 2521 1374 2569 φυσῶν,
1406 2520 1500 2569 quia.
1529 2520 1572 2557 in
1602 2519 1671 2557 illa.

110 2578 223 2625 parte
253 2577 361 2615 calor
389 2577 468 2615 iam
497 2577 643 2615 nimius
672 2579 772 2615 erat.
854 2577 919 2614 21.
950 2577 1042 2626 post
1070 2573 1124 2626 μὴ
1154 2571 1408 2628 προσκαύσῃς
1439 2578 1558 2625 poeta.
1591 2575 1671 2614 for-

108 2635 214 2671 tasse
251 2633 458 2672 addiderat
480 2629 648 2671 Ἑλλαδα
686 2637 823 2671 πᾶσαν
859 2633 922 2671 vel
952 2629 1026 2682 τὴν
1053 2637 1132 2684 γῆν
1161 2637 1311 2670 πᾶσαν.
1364 2627 1571 2670 Μακεδών
1598 2625 1671 2682 ἆρ-

111 2703 192 2739 χων
222 2689 448 2728 Alexander
475 2702 543 2728 rex
573 2689 732 2728 videtur
760 2702 857 2728 esse.
889 2702 1019 2740 quem,
1052 2690 1086 2728 si
1116 2690 1158 2727 in
1188 2690 1315 2728 tantis
1345 2688 1521 2727 tenebris
1546 2690 1675 2727 restat

113 2746 360 2784 coniectandi
389 2745 547 2795 fiducia,
578 2748 696 2796 poeta
725 2746 856 2785 iocose
886 2745 1132 2793 adhortatur,
1164 2758 1214 2783 ne
1247 2747 1386 2783 contra
1416 2746 1560 2795 ingens
1579 2745 1674 2783 Per-

115 2799 247 2841 sarum
277 2815 446 2852 regnum
478 2803 689 2852 quicquam
719 2803 918 2852 moliatur,
950 2802 1019 2842 sed
1040 2801 1237 2840 Gallicum
1260 2801 1482 2850 periculum
1503 2803 1673 2851 avertat,

118 2871 197 2908 quo
228 2861 314 2917 tota
343 2858 507 2898 Graecia
533 2859 660 2910 possit
688 2859 937 2899 inflammari.
