1890 3190
569 215 841 253 osrzzssrx
865 235 904 243 -
936 216 1200 252 ΠΔΝΔΑΡΟΣ
1583 215 1664 259 149

99 302 113 323 ⁴
178 320 394 362 otavimus.
453 316 748 374 θεατροτορύνη
780 318 969 362 Μέλισσα
1000 321 1147 362 Athen.
1178 322 1379 373 4‚157a.
1469 323 1534 363 10.
1567 322 1662 373 ‘pro

115 427 117 429 ,
234 378 370 429 potius
392 378 607 430 Thyestem
637 379 937 420 commemorari
968 379 1209 431 exspectes&
1254 379 1373 420 Mein.
1395 379 1498 427 conl,
1521 379 1660 431 Eurip.

114 433 162 520 ¹1.
191 433 766 488 ⁷19.Pr0110r.Myth.g1-.2
795 435 951 476 H388.

721 578 1083 617 onAOMAxoz'

212 664 404 716 Magister
422 663 566 715 aliquis
586 677 787 704 armorum
808 663 1078 715 significatam,
1102 665 1261 715 qualem
1282 665 1449 705 ridicule
1471 666 1662 706 describit

95 721 212 764 Plato
243 722 284 762 in
312 721 500 762 Lachete.
559 724 647 760 orta
683 723 771 760 erat
807 716 834 772 ἡ
872 716 1092 772 ὁπλομαχία
1130 721 1203 760 snb
1242 722 1391 760 exitum
1423 722 1519 761 belli
1549 723 1661 762 Pelo·

94 778 324 832 ponneeiaei
354 780 395 818 et
419 778 683 830 ambigebant
712 778 760 817 de
792 778 967 818 utilitate
996 778 1082 818 eius
1111 777 1388 818 Athenienses.
1578 810 1581 814 ,

851 887 908 931 35

298 968 497 1025 μάγαδιν
526 967 706 1024 λαλήσω
737 965 901 1024 μικρὸν
931 965 1020 1023 ἅμα
1051 978 1123 1011 σοι
1153 968 1229 1011 καὶ
1257 968 1410 1024 μέγαν.

72 1087 75 1114 3
206 1063 438 1104 Athenaeus
459 1063 607 1112 4,182
624 1063 650 1101 d
681 1058 702 1101 ὁ
734 1059 778 1101 δὲ
796 1056 966 1114 μάγαδις
987 1060 1231 1114 καλούμενος
1253 1059 1423 1109 αὐλὸς..
1443 1061 1508 1103 ,ἐν
1528 1060 1659 1119 ταύτῷ

93 1113 195 1170 ὀξὺν
224 1118 290 1159 καὶ
319 1112 452 1172 βαρυν
482 1118 668 1172 φθόγγον
705 1117 997 1179 ἐπιδείκνυται,
1035 1115 1090 1166 ὦς
1125 1115 1438 1173 Ἀναξανδρίδης
1473 1105 1657 1174 (ἀλεξαν-

90 1175 231 1228 δρίδης
266 1178 327 1228 A,
365 1190 466 1218 corr.
506 1174 672 1231 Meurs.)
719 1173 764 1215 ἐν
796 1168 1024 1243 Οπλομᾶχῳ
1070 1174 1174 1227 φησί
1207 1179 1288 1216 κτλ.
1356 1181 1398 1216 et
1437 1179 1508 1225 14,
1539 1179 1658 1218 6340

95 1232 272 1284 Τρύφων
313 1229 353 1272 δ’
393 1232 436 1272 ἐν
475 1230 644 1286 δευτέρῳ
682 1230 773 1283 περὶ
808 1229 1037 1284 ὀνομασιῶν
1075 1230 1177 1286 λέγει
1213 1231 1339 1281 οὕτως
1384 1232 1575 1286 ’μαγαδις
1614 1233 1658 1274 ἐν

66 1287 223 1345 ’ταύτῷ
260 1286 360 1340 ὀξύν
398 1287 466 1329 καὶ
505 1287 638 1342 βαρὺν
680 1285 866 1342 φθόγγον
909 1287 1205 1341 ἐπιδείκνυται,
1252 1305 1308 1338 ως
1344 1287 1657 1343 Ἀναξανδρίδης

92 1330 392 1399 (ἅλεξανδρίδης
422 1344 479 1403 Α)
517 1345 562 1386 ἐν
590 1343 824 1400 Ὁπλομάχῳ
854 1345 1004 1398 φησίν’
1042 1349 1122 1387 κτλ.
1181 1349 1360 1399 magadis
1392 1350 1526 1388 utrum
1558 1350 1658 1388 tibia

67 1405 148 1444 ‘sit
176 1418 229 1444 an
257 1404 411 1445 cithara.
441 1406 688 1455 disceptatur
707 1405 854 1444 Athen.
879 1404 945 1453 14,
968 1405 1146 1444 6340—
1161 1406 1242 1444 636
1260 1406 1298 1444 b.
1356 1402 1456 1456 μέγα
1487 1404 1655 1445 Casaub.

69 1502 71 1504 .
91 1461 184 1502 'aut
218 1458 376 1511 λαλησω
414 1465 646 1513 corruptum
686 1463 756 1501 aut
793 1461 1047 1501 scribendum
1086 1457 1236 1514 μάγαδι
1264 1464 1306 1501 et
1333 1459 1476 1513 μέγα’.
1538 1463 1656 1502 Mein.

0 1534 1 1537 ¹
66 1526 172 1561 finon
201 1519 406 1570 intellego.

360 1640 636 1694 λεπτοτέροις
845 1583 901 1626 36

200 1719 512 1774 Ἀναξανδρίδης
539 1719 783 1777 Ὁπλομάχῳ.
846 1722 1016 1762 Bekker.
1049 1723 1198 1764 Aneed.
1230 1725 1322 1774 106,
1349 1725 1412 1763 18.

340 1897 342 1900 >
740 1869 1004 1904 ΠΔΝΔΑΡΟΣ

203 1950 319 1992 Hom.
349 1950 396 1989 11.
429 1951 469 2001 2,
491 1951 589 1990 827.
620 1951 660 1999 4,
681 1951 810 2001 eesq.
842 1952 883 1999 5,
909 1951 986 1990 168
1003 1962 1063 2000 sq.

844 2064 896 2102 37

359 2138 443 2183 οὐκ
475 2138 762 2195 ἐπικεκυφῶς
791 2137 953 2194 ὀρθός,
985 2132 1020 2182 ὦ
1050 2139 1262 2194 βέλτιστ’,
1294 2142 1408 2184 ἔσει·

359 2206 473 2264 αὕτη
504 2208 553 2251 δὲ
586 2209 768 2262 καριδοῖ
793 2206 844 2250 τὸ
877 2210 1004 2262 σῶμα
1036 2207 1272 2264 καμπύλη,

358 2274 534 2332 ἄγκυρά
565 2274 604 2318 τ’
637 2275 759 2319 ἐστὶν
789 2273 1004 2330 ἄντικρυς
1032 2278 1115 2318 τοῦ
1143 2276 1359 2332 σώματος.

55 2403 66 2421 7.
202 2371 430 2410 Athenaeus
451 2372 490 2421 3,
515 2371 611 2410 105.
635 2372 659 2409 6
690 2365 711 2408 ὁ
743 2366 783 2408 δ’
807 2365 925 2415 αὐτὸς
955 2366 1308 2424 (Ἀναξανδρίδης)
1338 2385 1416 2409 καν
1449 2366 1650 2424 Πανδάρῳ

61 2426 212 2478 φησίν
241 2429 320 2467 κτλ.
379 2428 613 2467 Eustathiue
653 2427 784 2475 1220,
805 2428 858 2466 49
898 2423 941 2465 ἐκ
978 2430 1048 2477 τῆς
1084 2426 1246 2479 καρῖδος
1284 2426 1451 2478 χρηστόν
1487 2425 1567 2466 ἐστι
1606 2426 1648 2466 τὸ

76 2483 261 2552 μαριδῳ,
298 2482 427 2553 ἤγουν
457 2479 510 2531 ὥς
541 2483 668 2523 εἰπεῖν
707 2488 887 2534 σφαιρῶ,
925 2477 1011 2522 οἷον
1048 2480 1150 2535 αυτη
1190 2481 1232 2523 δὲ
1261 2483 1422 2535 καριδοῖ
1446 2482 1490 2523 τὸ
1521 2490 1650 2535 σωμα,

57 2559 64 2583 J
82 2539 272 2609 καμπύλη
302 2555 323 2579 τ
366 2554 526 2592 αγκυρα
556 2538 650 2580 ἐστι.
742 2542 779 2579 1.
802 2537 1055 2609 ἐπικεκυφὼς
1078 2539 1266 2594 casaub]
1297 2539 1595 2609 ε’τισικεκρυφώς,Ι
1598 2543 1647 2581 A.

61 2591 351 2645 ·.ἆνακεκυφώς
381 2610 471 2637 cum
505 2599 698 2648 interrog.
738 2599 830 2647 post
867 2594 947 2636 ἔσει
977 2597 1096 2637 Mein.
1134 2598 1251 2637 Anah
1291 2599 1386 2637 Ath.
1426 2599 1493 2637 48.
1572 2596 1653 2638 ἔσει

60 2653 239 2705 .-Dindf.]
271 2651 358 2705 ἔσηι
386 2655 435 2695 A.
533 2655 569 2694 2.
600 2653 761 2700 καριδοι
790 2654 839 2693 A.
899 2650 1087 2705 καμπύλη
1118 2650 1154 2691 τ’
1187 2652 1342 2706 ἄγκυρά
1374 2650 1410 2692 τ’
1443 2655 1492 2693 A.
1553 2668 1651 2704 καμ-

83 2708 191 2761 πύλη
222 2706 259 2748 τ’
290 2708 448 2762 ἄγκυρα
478 2714 638 2761 praeter
667 2710 853 2750 Eustath.
886 2710 928 2752 C.
989 2708 1200 2762 καμπύλον
1221 2712 1340 2750 Mein.
1429 2712 1468 2751 3.
1500 2706 1648 2762 σχήμα-

66 2777 151 2815 ’τος
182 2766 231 2807 G.
254 2767 303 2806 A.
325 2767 527 2818 Hirschig.
550 2767 658 2807 Ann.
689 2767 775 2807 crit.
807 2769 832 2806 5
863 2768 965 2807 conl.
992 2768 1113 2807 Arist.
1137 2768 1243 2806 Ecol.
1265 2769 1345 2806 150
1374 2765 1649 2819 διερεισαμένη

70 2819 130 2864 τὸ
159 2827 292 2876 σχῆμα
313 2823 359 2878 τῇ
387 2822 597 2891 βακτηρία.
655 2821 759 2873 αὕτη
788 2827 895 2864 certe
925 2827 987 2863 est
1007 2822 1215 2874 βακτηρία
1275 2824 1373 2863 mihi
1395 2824 1648 2864 scribendum

65 2880 242 2932 findetur
269 2877 426 2933 αγκυρᾶ
456 2874 492 2918 τ’
525 2877 630 2919 ἐστὶν
657 2894 744 2920 αντ.
774 2876 825 2920 τὸ
856 2878 1014 2932 σχῆμά
1046 2890 1148 2921 σου.
