1890 3190
263 185 318 229 38
874 187 1197 220 ΑΝΊῚΦΑΝΟΤΣ

1013 286 1068 328 65

534 363 722 419 βότρυς,
755 363 883 418 ῥόας,
915 365 1024 419 φοίι
1026 379 1146 420 ικας,
1176 365 1305 419 ἕτερα
1335 366 1528 421 νώγαλα.

377 446 543 485 Photius
565 447 661 494 306,
682 447 735 484 24
761 439 999 496 Ἀντιφάνης
1031 445 1236 497 Βουσίριδι
1264 451 1345 488 κτλ.
1405 449 1631 490 Athenaeus
1663 452 1701 502 2,
1722 452 1819 491 47d

260 499 502 552 Ἀντιφάνης
533 504 612 541 κτλ.
675 503 856 542 Eustath.
881 505 1011 551 1163,
1036 505 1087 542 26
1129 503 1393 556 τρισυλλάβως
1423 504 1599 556 νώγαλα,
1629 481 1717 546 οἷον
1744 505 1819 560 βό·-

267 573 360 608 τρυς
391 560 471 596 κτλ.
585 556 742 610 νώγαλα
772 559 866 600 Ath.
897 559 926 598 C
957 562 998 598 et
1027 559 1232 613 Eustassh]
1267 558 1548 613 νωγαλεύματα
1577 563 1673 606 Ath.
1704 565 1828 616 vulg:

266 615 466 653 νωταλαιν
495 613 948 667 οοᾶ.Ρ1ιοί;.νωγαλεόν
979 629 1025 655 ex
1047 617 1250 656 Athenaeo
1282 618 1439 658 Suidas.
1491 613 1718 671 βουσήριδι·
1732 621 1820 662 eod.
1859 650 1862 655 .

264 672 382 710 thot
414 693 468 700 —
499 672 685 722 Ephippo
716 668 810 726 (24)
841 672 1007 711 eundem
1039 686 1198 712 versum
1227 674 1371 714 tribuit
1400 675 1546 716 Athen.
1571 678 1608 724 1,
1627 677 1719 728 28f,
1750 677 1819 718 sed

265 723 413 778 κάρυα,
455 741 535 768 ιιοιι
572 727 717 780 βότρυς
755 742 989 768 memorans.
1049 720 1181 779 potnit
1215 732 1381 780 uterque
1419 745 1483 771 eas
1513 733 1698 783 cupediae
1729 746 1822 773 enu-

267 797 434 823 merare.
1017 839 1073 880 66
1814 807 1816 810 ’

535 916 587 958 τὸ
619 919 874 972 χερνιβεῐον
905 920 1105 970 πρῶτον·
1146 917 1173 972 ἡ
1206 917 1358 973 πομπὴ
1389 921 1548 975 σαφής.

379 1011 521 1049 Pollux
554 1011 619 1062 10,
640 1011 692 1049 65
724 1007 904 1056 εἰπόντος
930 1006 1194 1059 Ἀντιφάνους
1225 1009 1269 1050 ἐν
1298 1011 1501 1064 Βουσίριδι
1531 1015 1610 1053 κτλ.
1699 1029 1824 1067 χερνι-

266 1067 376 1116 βεῐον
406 1066 546 1117 Mein.]
590 1065 799 1118 χερνίβιον.
857 1067 1116 1107 Plutarchus
1145 1069 1205 1107 De
1234 1069 1361 1107 1s.et
1392 1069 1493 1109 Osir.
1524 1070 1752 1112 observavit
1779 1073 1822 1112 in

264 1124 419 1173 pompis
441 1123 590 1163 Osiridi
621 1123 822 1163 adornatis
851 1128 932 1162 τῶν
952 1123 1070 1174 ιερων
1099 1122 1476 1175 προπομπεύειν
1506 1123 1557 1165 τὸ
1586 1123 1821 1179 ὑδρεῖον]

265 1180 396 1221 Kuhn.
447 1180 498 1219 cf.
529 1181 648 1218 etiam
680 1180 860 1219 Sehoem
892 1181 987 1220 Ant.
1016 1178 1098 1232 gr.²
1119 1182 1159 1220 II
1181 1183 1273 1220 229.
1324 1195 1395 1232 per
1424 1183 1591 1222 ironiam
1622 1184 1721 1224 haee
1751 1185 1822 1224 ali-

266 1236 356 1285 quis
401 1236 529 1275 dicere
573 1237 732 1276 videtur
768 1237 949 1276 homines
988 1238 1179 1288 quosdam
1223 1239 1402 1288 praelata
1443 1253 1543 1278 urna
1588 1241 1818 1281 incedentes

267 1293 528 1342 conspicatus,

537 1422 670 1480 δρᾶμ’
693 1423 885 1467 ἀκοῦσαι
1017 1369 1070 1412 67

378 1502 467 1544 ἀντὶ
512 1505 580 1545 τοῦ
625 1505 819 1559 δράματος
863 1503 1046 1547 άκοῦσαι.
1108 1504 1349 1560 Ἀντιφάνης
1381 1508 1593 1563 Βουσίριδι.
1653 1511 1821 1552 Bekker.

268 1563 418 1602 Anecd.
450 1565 516 1612 89,
541 1565 606 1603 32.
1786 1589 1789 1591 Α

905 1676 1195 1710 ΒΟΤΤΑΛΙΩΝ

381 1753 441 1794 Cf.
473 1768 573 1805 quae
602 1757 652 1795 ad
676 1753 886 1812 ’Ἀγροικον
914 1758 1204 1799 adnotavimus.
1255 1758 1400 1798 Athen.
1423 1760 1462 1809 8,
1481 1759 1601 1798 358d
1631 1757 1738 1812 παρὰ
1769 1765 1826 1815 τῷ

266 1806 376 1864 αὐτῷ
412 1811 556 1880 ποιητῆ
579 1804 871 1875 (Ἀντιφάνει)
903 1811 947 1852 ἐν
976 1813 1238 1865 Βουταλίωνι,
1278 1811 1374 1865 ὅπερ
1405 1813 1533 1867 δρᾶμα
1563 1819 1647 1855 τῶν
1672 1801 1823 1871 Ἀγροί-

269 1881 352 1905 κων
383 1865 493 1908 ἐστὶν
523 1851 612 1916 ενὸς
644 1868 851 1921 διασκευή.
903 1867 990 1917 ἑνὸς
1012 1871 1199 1910 Lehrsius
1226 1872 1442 1912 Aristareh.
1460 1873 1540 1912 352
1562 1873 1690 1915 eiecit.
1729 1875 1824 1914 fort.

267 1937 342 1962 ser.
373 1920 800 1977 ὁμολογουμένως.
842 1929 1015 1966 eeteium
1046 1928 1095 1967 cf.
1117 1928 1236 1969 Mein.
1257 1928 1277 1966 I
1299 1929 1392 1967 331.
1418 1930 1455 1969 2.
1491 1951 1538 1957 -
1572 1932 1634 1969 est
1662 1931 1824 1971 Butalio

267 1981 388 2020 etiam
417 1983 626 2022 Xenarchi.
676 1983 806 2022 Schol.
839 1984 961 2023 Arist.
984 1984 1082 2023 Ran.
1105 1985 1187 2023 990
1219 1981 1454 2034 Δίδυμος,
1441 1982 1501 2023 ότι
1534 1983 1824 2036 Μαμμάκυθος
1869 1987 1873 1989 ’

267 2035 334 2075 καὶ
350 2037 580 2102 Μελητίδης
611 2035 685 2077 ἐπι
713 2039 867 2093 μωρία
898 2037 1241 2091 διεβέβληντο,
1270 2039 1456 2093 καθάπερ
1484 2040 1551 2081 καὶ
1581 2038 1601 2081 ὁ
1635 2044 1824 2083 Βουτα-

267 2092 387 2132 λίων
416 2093 482 2133 καὶ
512 2089 533 2132 ὁ
565 2092 770 2147 Κόροιβος.

1022 2206 1076 2248 68

830 2289 884 2330 Α.
916 2282 990 2326 καὶ
1021 2282 1110 2340 μὴν
1141 2284 1329 2327 ἑστιάσω
1360 2285 1555 2341 τήμερον

387 2346 501 2405 ὑμᾶς
533 2350 640 2406 ἐγώ·
676 2349 732 2394 σὺ
764 2351 806 2394 δ’
829 2351 1067 2407 ἀγοράσεις
1095 2349 1202 2408 ἡμῖν
1231 2351 1399 2407 λαβών,

383 2417 537 2474 Πίστ’,
570 2417 804 2475 ἀργύριον.
854 2423 912 2462 Π.
945 2418 1092 2470 ἄλλως
1120 2418 1205 2474 γὰρ
1235 2417 1319 2462 οὐκ
1351 2421 1589 2476 ἐπίσταμαι

379 2490 580 2541 χρηστῶς
609 2485 855 2543 ἀγοράζειν.
909 2491 962 2529 A.
997 2486 1134 2542 φράζε
1165 2488 1243 2543 δή,
1277 2489 1576 2544 Φιλούμενον,

331 2554 353 2594 b
384 2551 479 2611 ὄψῳ
510 2557 598 2597 τίνι
628 2558 815 2611 χαίρεις;
870 2559 924 2599 Φ.
958 2557 1079 2598 πᾶσι.
1131 2559 1185 2598 Α.
1217 2554 1326 2598 καθ’
1347 2556 1538 2599 ἕκαστον
1567 2557 1690 2612 λέγε·

383 2620 521 2676 ἰχθύν
550 2621 640 2665 τίν’
663 2620 804 2678 ἡδέως
833 2623 994 2679 φάγοις
1024 2620 1102 2674 ἅνς
1156 2627 1210 2666 Φ.
1245 2624 1308 2674 εἰς
1337 2621 1478 2679 ἀγρὸν

382 2682 528 2745 ἦλθεν
560 2691 714 2745 φέρων
744 2689 842 2734 ποτ’
867 2690 1152 2746 ἰχθυοπώλης
1180 2692 1389 2745 μαινίδας

382 2757 458 2799 καὶ
486 2759 736 2814 τριγλίδας,
769 2759 842 2800 καὶ
872 2758 926 2813 νὴ
961 2756 1040 2800 Δί’
1072 2756 1235 2814 ἤρεσεν
1266 2759 1444 2813 σφόδρα

383 2821 490 2879 ἡμῖν
519 2823 702 2868 ἅπασιν.
754 2830 809 2868 Α.
842 2822 936 2868 εἶτα
965 2825 1040 2868 καὶ
1069 2828 1172 2880 νῦν,
1205 2826 1303 2869 εἰπέ
1327 2842 1424 2882 μοι,
