1890 3190
1869 0 1890 167 ³

295 154 351 196 22
922 158 1237 194 ΑΝΤΙΦΑΝΟΤΣ
1485 195 1493 203 ,
1839 175 1861 228 ‚¹
1879 173 1890 209 π,

296 255 636 310 ταριχοπώλου
667 256 796 307 υἱούς.
844 262 893 300 ef.
918 262 1083 301 Timocl.
1108 263 1174 301 14.
1201 265 1265 302 17.
1369 266 1435 303 22.
1467 264 1541 317 γάρ
1570 266 1768 318 particula
1796 268 1852 308 in·

298 316 489 355 solentius
520 317 743 367 conlocata,
789 319 834 355 ut
868 319 965 367 115,
995 320 1032 357 6.
1074 320 1166 369 163,
1189 320 1229 358 4.
1273 321 1374 370 164,
1397 323 1433 360 1.
1471 323 1571 373 212,
1595 325 1633 362 7.
1676 324 1854 365 Nicostr.
1887 346 1890 354 ·

297 373 363 422 20,
387 374 424 412 3.
475 373 640 422 Dionys.
664 374 701 422 2,
725 375 763 413 3.
825 373 974 423 Sophil.
998 375 1036 425 4,
1059 375 1099 412 4.
1161 375 1282 426 Soph.
1303 376 1472 416 Philoct.
1499 379 1620 418 1451.
1671 380 1723 420 ef.
1753 393 1854 431 quae
1887 398 1890 428 j

297 428 346 466 ad
376 429 502 469 Arist.
531 428 607 469 Av.
633 429 740 468 1545
774 431 1061 470 adnotavimus.
1160 433 1226 471 23.
1259 432 1306 471 de
1337 433 1466 482 Apm‘s
1495 435 1543 476 cf.
1573 435 1762 487 Archipp.
1785 438 1851 480 16.

295 484 443 523 Athen.
469 486 540 534 13,
565 486 645 524 586
664 486 720 524 ab
754 482 986 537 εΥπερείὸης
1025 485 1069 526 έν
1104 492 1158 526 τῶ
1196 486 1294 526 κατὰ
1323 485 1596 542 Ἀρισταγόρας
1634 492 1736 543 φησί
1762 491 1853 532 ’καὶ

296 539 417 578 πάλιν
449 534 516 587 τὰς
547 536 683 590 ἆφύας
713 540 960 593 καλουμένας
992 536 1059 582 τὸν
1090 527 1215 583 αὖτόν
1244 541 1389 594 τρόπον
1419 544 1654 587 ἕκαλέσατε.’
1687 546 1880 598 ἑταιρῶν

300 594 505 647 ἐπωνυμία
535 596 583 635 αἱ
606 595 748 646 ἀφύαι.
789 600 856 638 ‘ac
886 600 1054 640 fortasse
1084 602 1204 640 etiam
1230 603 1387 652 Tryqon
1416 605 1536 644 scorti
1565 617 1710 644 nomen
1735 607 1852 647 erat!

299 653 422 692 Mein.
512 655 578 692 24.
611 653 763 694 Θεανοῖ
785 657 932 705 pendet
962 658 1009 696 ab
1040 653 1316 709 ἀντιρρόπους.
1367 662 1473 700 recte
1503 661 1706 701 Iacobsius
1734 664 1854 703 inter-

298 712 481 759 pretatur
518 713 646 760 pisces
689 713 886 752 meretriei
921 715 1092 762 pondere
1128 716 1316 763 aequales.
1376 730 1470 756 nam
1506 719 1696 769 gracilem
1734 718 1854 760 fuisse

298 766 485 806 Theanus
515 770 711 807 staturam
738 769 889 808 indicat
918 770 1108 810 Anaxilas
1139 772 1204 822 22,
1227 773 1294 811 20.

1045 879 1099 922 27

567 933 818 976 δεκατοόνια

410 1012 594 1067 κέχρηται
625 1020 678 1069 τῷ
708 1010 871 1066 ὀνόματι
898 1013 1137 1067 Ἀντιφάνης
1170 1017 1213 1057 ἕν
1237 1016 1503 1074 (Λλιευομένῃ.
1562 1023 1703 1062 Pollux
1724 1026 1762 1072 9,
1785 1026 1852 1063 29.

296 1072 452 1111 scilieet
481 1074 527 1111 ut
556 1071 734 1113 τελώνια.
786 1077 879 1113 sunt
908 1076 1094 1114 tabernae
1125 1089 1259 1114 eorum
1292 1078 1359 1126 qui
1381 1079 1592 1129 vectigalia
1614 1078 1695 1130 (vel
1716 1082 1852 1130 porto-

296 1127 373 1179 ria)
407 1129 582 1180 exigunt.
633 1130 685 1168 cf.
717 1130 889 1169 Boeekh.
915 1129 1081 1171 Oeoon.²
1101 1132 1121 1170 I
1142 1133 1238 1171 443.
1259 1133 1356 1172 453.

966 1257 968 1259 ’
1046 1241 1101 1283 28

565 1293 734 1349 ὁρμιάν

403 1373 645 1427 Ἀντιφάνης
663 1374 933 1432 Ἁλιευομένῃ.
963 1379 1141 1420 Photius.
1200 1383 1374 1432 pertinet
1403 1383 1452 1421 ad
1483 1383 1621 1423 falsam
1643 1385 1851 1425 Atticista-

292 1447 381 1472 rum
415 1434 636 1473 doctrinam
666 1449 738 1485 pro
770 1431 891 1490 ὃρμιςῖ
920 1449 1078 1487 semper
1098 1436 1208 1476 λίνον
1229 1439 1305 1477 dici
1325 1440 1561 1480 iubentium.
1587 1442 1638 1480 ef.
1661 1442 1763 1480 Plat.
1783 1444 1849 1481 11.

946 1559 1202 1593 ΑΛΚΗΣΤΙΣ

408 1637 624 1678 Alcestidis
656 1639 933 1690 Antipha-neae
962 1641 1004 1679 in
1028 1639 1076 1680 O.
1109 1641 1141 1679 Ι.
1173 1642 1194 1680 Ι
1215 1643 1294 1680 231
1325 1643 1569 1683 mentionem
1599 1644 1684 1683 fieri
1714 1647 1849 1696 opinio

292 1695 369 1733 fuit
397 1695 608 1735 Boeckhii:
657 1708 760 1746 quae
800 1698 833 1735 si
870 1709 965 1736 vera
1004 1701 1084 1747 est,
1129 1700 1258 1737 aetam
1297 1711 1381 1739 esse
1411 1702 1566 1738 constat
1596 1699 1659 1740 01.
1695 1703 1786 1750 106,
1810 1704 1846 1742 2.

292 1752 462 1801 Argum.
493 1751 632 1802 Eurip.
665 1753 816 1792 Alcest.
865 1751 971 1805 παρὰ
1009 1757 1089 1800 τοῖς
1129 1758 1316 1805 κωμικοῖς
1354 1751 1428 1822 <sic
1466 1756 1739 1797 Lachmannus
1775 1772 1848 1809 pro

292 1805 511 1862 τραγικοῖς)
551 1806 778 1858 ἐκβάλλεται
817 1807 862 1863 (i.
887 1823 920 1849 e.
954 1811 1225 1862 exploduntur)
1263 1808 1317 1858 ὥς
1353 1811 1533 1850 ανοίκεια
1562 1818 1632 1864 τῆς
1661 1819 1848 1866 τραγικῆς

290 1861 485 1914 ποιήσεως
516 1861 539 1902 ὅ
568 1879 607 1903 τε
633 1860 815 1917 Ὀρέστης
845 1864 911 1904 καὶ
938 1863 963 1917 ἡ
988 1865 1208 1918 Ἄλκηστις,
1239 1864 1292 1914 ὥς
1324 1866 1367 1907 ἐκ
1397 1871 1600 1921 συμφορᾶς
1629 1867 1703 1920 μὲν
1730 1868 1845 1924 ἀρχό-

289 1934 403 1971 μενα,
433 1921 489 1968 εἰς
520 1917 778 1973 εὐδαιμονίαν
807 1919 851 1961 δὲ
881 1921 948 1962 καὶ
977 1921 1105 1975 χαρὰν
1133 1922 1418 1974 καταλήξαντα.
1459 1926 1554 1965 haec
1584 1928 1632 1965 ad
1654 1927 1847 1979 Antipha-

290 1978 352 2016 nis
373 1978 554 2018 Alcestin
584 1979 734 2018 incerta
764 1981 811 2018 ut
839 1980 935 2019 mihi
967 1981 1126 2031 quidem
1157 1982 1315 2021 videtur
1344 1983 1568 2022 coniectura.
1599 1984 1723 2023 refert
1751 1986 1847 2024 Mei-

290 2034 430 2074 nekius
459 2035 479 2073 I
510 2036 604 2074 324.
1042 2090 1098 2133 29

910 2167 982 2211 ἐπὶ
1012 2168 1062 2212 τὸ
1094 2164 1385 2225 καινουργεῖν
1415 2172 1574 2227 φέρου,

564 2234 730 2290 οὕτως,
764 2236 970 2291 ἐκείνως,
1003 2239 1136 2279 τοῦτο
1165 2238 1432 2292 γιγνώσκων
1462 2237 1529 2282 ὅτι

563 2303 612 2345 ἓν
642 2301 803 2346 καινὸν
833 2303 1092 2360 ἐγχείρημα,
1125 2301 1211 2348 κᾶν
1239 2306 1465 2361 τολμηρὸν
1493 2301 1545 2363 ᾗ,

561 2373 745 2413 πολλῶν
774 2375 978 2414 παλαιῶν
1010 2372 1103 2415 ἐστι
1134 2373 1478 2429 χρησιμώτερον.

401 2464 632 2503 Athenaeus
655 2466 692 2513 3,
713 2467 792 2503 122
810 2466 835 2504 d
860 2460 1177 2516 Ἀντιφάνης-ἐν
1203 2462 1427 2518 Ἀλκήστιδι
1456 2466 1531 2517 ἔφη
1558 2471 1637 2509 κτλ.
1698 2484 1737 2510 v.
1760 2472 1800 2510 3.
1817 2472 1843 2510 4
1888 2504 1890 2506 .

288 2521 471 2562 Eustath.
497 2521 618 2571 1422,
643 2523 710 2560 52.
803 2524 839 2561 1.
871 2520 947 2573 ἐπὶ,
978 2536 1058 2563 non
1088 2520 1183 2574 ἐπεὶ,
1214 2525 1261 2565 Α.
1351 2522 1475 2575 φέρου
1505 2525 1662 2578 Dindf.]
1686 2523 1778 2578 φέρ’
1791 2527 1841 2567 Α.

291 2578 329 2614 2.
361 2574 521 2623 ἐκείνως
552 2577 598 2616 G.
623 2577 760 2617 Herm.
791 2579 889 2619 Eur.
918 2580 1068 2619 Alcest.
1101 2579 1208 2632 xvn]
1243 2578 1390 2627 ἐκεῖνος
1421 2582 1468 2622 A.
1594 2584 1632 2622 4.
1662 2584 1844 2622 παλαιῶν

291 2630 372 2670 ἐστι
401 2631 451 2684 Ρ]
486 2631 567 2671 ἐστι
595 2635 778 2673 παλαιῶν
806 2635 844 2673 Α
874 2639 913 2675 et
944 2637 1189 2675 Eustathius.

403 2686 526 2740 φέρου
557 2686 701 2743 (sturae
730 2691 832 2741 dien)
866 2694 912 2730 ut
934 2693 1138 2743 Theophil.
1159 2695 1223 2743 11,
1244 2694 1281 2731 2.
1314 2694 1438 2734 Arist.
1474 2695 1551 2734 Av.
1589 2697 1710 2735 1638.
1768 2696 1842 2735 ita-

290 2759 366 2795 que
396 2759 477 2785 non
517 2759 614 2796 opus
653 2749 713 2786 est
750 2748 897 2787 Naberi
936 2752 1095 2799 arrepta
1132 2750 1179 2788 de
1217 2751 1337 2789 trivio
1361 2751 1655 2792 ,emendatione
1699 2749 1841 2804 τρέπου

290 2798 457 2855 (Mnem.
489 2815 583 2843 nov.
605 2803 704 2842 VIII
734 2800 822 2858 44).
841 2826 894 2832 --
916 2806 1129 2844 Admetum
1159 2806 1222 2845 vel
1252 2807 1462 2846 Herculem
1493 2809 1698 2847 admoneri
1727 2811 1840 2859 puta.-
