1864 3204
270 180 348 243 162
818 199 1200 239 ΑΝΑΞΑΝΔΡΙΔΟΤ

1021 302 1076 344 65

538 378 710 435 ἄρκτῆ,
733 381 913 435 λεοντῆ,
945 369 1175 435 παρδαλῆ,
1207 385 1371 434 μοσχῆ,
1403 378 1533 433 κυνῆ.

379 474 522 512 Pollux
544 475 645 523 5,16
676 471 742 511 καὶ
771 478 900 524 μοσχῆ
929 470 954 524 ἡ
985 477 1056 511 τοῦ
1084 469 1233 523 μόσχου
1255 469 1411 539 (δορα),
1439 465 1493 518 ὥς
1510 458 1833 524 ἈναξανδρίδηςΙ
1860 512 1863 514 ,

266 528 424 580 εἴρηκεν
453 531 532 567 κτλ.
593 530 764 580 Hesyoh.
794 526 944 582 ἆρκτῆ·
975 526 1001 579 ἡ
1036 534 1107 581 τῆς
1135 527 1282 579 α’ρκτου
1313 525 1422 579 δορά.

1016 650 1071 693 66
1091 668 1094 672 ’

537 726 638 784 οὐχὶ
667 727 790 783 παρὰ
820 731 1004 779 πολλοῖς
1032 727 1059 783 ἡ
1091 729 1219 783 χάρις
1246 729 1387 771 τίκτει
1417 727 1575 783 χάριν..

382 823 566 872 Append.
598 822 712 861 Stob.
743 823 850 863 Flor.
880 837 920 873 p.
943 825 993 862 31
1029 821 1150 861 Gaisf.
1178 813 1502 873 Ἀναξανδρίδου.
1561 822 1612 861 ef.
1643 834 1744 872 quae
1773 821 1823 860 ad
1843 825 1864 861 31

266 879 474 929 Eupolidis
492 878 730 928 Νουμηνίας
752 880 1042 919 adnotavimus.
1084 880 1242 918 videtur
1271 881 1393 928 poeta
1422 879 1617 928 respicere
1638 877 1822 928 Sophoel.

267 936 333 977 Ai.
365 937 446 975 522
478 933 591 986 χάρις
621 933 737 986 χάριν
765 931 840 987 γάρ
871 933 978 974 ἔστιν
1005 931 1031 985 ’ἡ
1063 931 1236 972 τίκτουσ’
1259 930 1331 972 ἆεί.

1015 1056 1068 1098 67

537 1133 564 1189 ἡ
595 1134 723 1184 πόλις
754 1132 984 1189 ἐβούλεθ’,
1015 1129 1047 1189 ᾗ
1077 1133 1229 1188 νόμων
1259 1132 1396 1177 οὐδὲν
1425 1133 1559 1188 μέλει.

380 1229 620 1267 Aristoteles
654 1228 778 1267 Ethic.
809 1229 966 1267 Nieom.
999 1230 1035 1276 7,
1062 1231 1110 1266 11
1151 1226 1255 1266 ἔοικε
1295 1225 1342 1278 δὴ
1379 1223 1401 1266 ὁ
1441 1223 1614 1278 ἀκρατὴς
1649 1225 1762 1266 πόλει
1795 1223 1824 1278 ἢ

267 1284 486 1335 ψηφίζεται
515 1281 588 1335 μὲν
617 1278 773 1322 ἅπαντα
803 1282 848 1322 τὰ
880 1282 1019 1323 δέοντα
1049 1283 1115 1322 καὶ
1136 1281 1282 1335 νόμους
1304 1282 1380 1334 ἔχει
1401 1283 1656 1334 σπουδαίους,
1684 1286 1864 1336 χρῆται

267 1338 310 1379 δὲ
339 1338 475 1391 οὐδέν,
514 1338 646 1405 ω’σπερ
671 1337 983 1391 Ἀναξανδρίδης
1021 1339 1202 1390 ἔσκωψεν
1236 1342 1315 1379 κτλ.
1377 1341 1550 1391 Cyrillus
1580 1341 1638 1380 De
1667 1341 1763 1380 trin.
1795 1341 1820 1378 2

263 1412 305 1448 p.
341 1399 407 1437 96.
459 1392 686 1449 ἐβουλεύετο
715 1395 769 1436 Lb
783 1395 852 1436 Ob.
910 1398 1090 1437 imissatus
1132 1400 1267 1436 autem
1305 1400 1390 1436 erat
1417 1399 1538 1447 poeta
1566 1397 1864 1449 Euripidem:

266 1455 316 1492 cf.
355 1454 511 1492 Aelian.
553 1454 603 1492 H.
644 1467 706 1495 an.
743 1455 786 1506 4,
807 1455 861 1492 54
893 1451 1068 1505 Όμηρος
1110 1451 1184 1504 μὲν
1225 1467 1300 1492 ουν
1340 1451 1484 1491 ἔδωκεν
1521 1451 1629 1506 ἵππῳ
1666 1451 1823 1505 φωνήν,
1844 1459 1864 1489 ἓ

264 1507 405 1548 ἀσπίδι
436 1507 478 1548 δὲ
508 1506 534 1559 ἡ
565 1508 710 1559 φύσις,
741 1507 766 1563 ᾖ
796 1509 929 1560 νόμων
960 1507 1078 1548 οὐδὲν
1107 1508 1234 1561 μέλει,
1265 1508 1385 1559 φησὶν
1419 1493 1652 1561 Εὐριπίδης.
1713 1509 1822 1549 Sext.

266 1568 382 1615 Emp.
416 1580 446 1608 e
480 1567 605 1604 Math.
640 1570 687 1604 11
722 1580 761 1616 p.
784 1569 886 1614 576,
913 1569 936 1605 9
976 1563 1048 1617 οὐχ
1085 1563 1189 1617 ἡμᾶς
1219 1566 1427 1605 αἰτιᾶσθαι
1457 1565 1539 1605 δεῖ.
1587 1562 1710 1605 ,ἀλλὰ
1749 1563 1864 1621 τὴν
1848 1575 1864 1603 8

266 1622 405 1674 φύσιν,
437 1624 462 1676 ᾑ
494 1621 629 1673 νόμων
658 1619 780 1661 οὐδὲν
808 1620 926 1672 μέλει.
987 1626 1160 1662 ceterum
1190 1624 1239 1662 cf.
1270 1624 1388 1662 Mein.
1418 1623 1438 1662 I
1468 1624 1563 1663 368.
1844 1630 1864 1677 9¹5

1848 1730 1864 1752 ξ

1015 1745 1069 1787 68

534 1820 815 1879 ὑπερήμεροί
839 1839 913 1879 μοι
943 1826 1034 1866 τῶν
1064 1824 1221 1878 γάμων
1251 1823 1300 1865 αἱ
1325 1824 1559 1878 παρθένοι.

378 1918 614 1956 Aristoteles
645 1918 762 1956 Rhe‘n.
795 1919 918 1967 3,10
959 1914 1024 1954 καὶ
1066 1914 1108 1955 τὸ
1144 1912 1454 1966 Ἀναξανδρίδου
1499 1914 1680 1966 ἰαμβεῖον
1720 1911 1840 1967 ὑπὲρ

264 1977 343 2012 τῶν
372 1971 610 2025 θυγατέρων
637 1972 735 2024 πρὸς
767 1971 838 2011 τὸν
867 1973 995 2024 γάμον
1025 1970 1334 2025 ἐγχρονιζουσῶν
1362 1974 1444 2010 κτλ.
1557 1969 1821 2024 Ἀναξανδρί-

263 2028 353 2082 δου]
383 2027 627 2081 αλεξάνδρου
661 2027 835 2077 QYbe.
895 2031 1054 2079 proprie
1093 2025 1337 2081 ὑπερήμερος
1375 2030 1519 2067 dieitur
1556 2030 1623 2078 qui
1653 2029 1839 2067 multam'

262 2088 479 2137 inpositam
509 2087 729 2126 constituta
760 2087 823 2125 die
853 2099 933 2125 non
962 2086 1168 2136 persolvit.
1219 2086 1388 2124 Bekker.
1419 2084 1567 2124 Aneed.
1600 2087 1697 2133 311,
1719 2085 1786 2125 28.

1017 2207 1072 2249 69

569 2285 629 2337 ὣς
659 2286 712 2341 δή
746 2293 933 2341 παχεῖαν
962 2285 1045 2340 τὴν
1075 2286 1378 2340 περιζώστραν
1408 2287 1508 2340 ἔχει.

374 2380 515 2419 Pollux
538 2382 575 2429 2,
600 2371 775 2419 166'xa2
803 2378 1071 2431 περιζώστραν
1096 2374 1403 2431 Ἀναξανδρίδης
1433 2378 1592 2431 εἴρηκεν
1620 2379 1700 2418 κτλ.
1745 2377 1818 2429 δῆ-

262 2438 331 2475 λον
360 2434 419 2474 ὅτι
449 2435 523 2486 τὴν
552 2434 695 2487 ζώνην,
725 2434 779 2487 ’ἣν
795 2433 977 2487 Ῥωμαῖοι
999 2438 1165 2475 καλοῦσι
1194 2435 1387 2485 φασκία
1398 2450 1434 2475 ν.
1513 2433 1561 2486 δὴ
1590 2434 1733 2486 Mein.]
1763 2431 1819 2476 δὲ.

1015 2548 1070 2600 70

803 2627 1034 2679 τρίκλινον
1065 2624 1106 2667 δ’
1131 2624 1298 2675 εὐθέως
1328 2623 1547 2680 συνήγετο

533 2693 608 2736 καὶ
639 2695 881 2735 συναυλίαι
909 2695 1099 2750 γέροντι.

265 2845 282 2881 t
351 2787 678 2882 hAthenaeus‚
636 2788 678 2835 2,
702 2787 756 2825 48
774 2800 796 2825 a
831 2783 1143 2839 Ἀναξανδρίδης
1173 2789 1254 2825 κτλ.
1291 2787 1503 2838 reliquiae
1533 2788 1628 2826 sunt
1655 2788 1814 2849 tetram.
1820 2760 1827 2792 ‘V

283 2855 349 2881 roc
