1890 3190
311 181 392 222 102
920 179 1236 213 ΑΝΤΙΦΑΝΟΤΣ
1843 191 1864 216 u,

421 285 563 323 Pollux
585 285 719 334 4,183
752 281 796 321 ἐν
821 280 1085 332 Ἀντιφάνους
1119 281 1347 335 Τραυματία
1377 278 1444 319 καὶ
1474 287 1597 320 ταῦτα
1627 279 1707 320 τῶν
1737 279 1823 334 ἰατρ
1860 315 1866 319 ..

310 346 395 379 κῶν
425 345 584 379 σκευων
613 342 694 378 κτλ.
743 340 885 378 Pollux
918 341 982 390 10,
1005 341 1058 378 46
1089 353 1154 377 και
1186 344 1300 377 τοῦτο
1328 335 1500 388 τοῦνομα
1532 333 1825 406 (λουτήριον)..
1841 367 1866 379 .

311 394 375 435 ε’πὶ
413 411 492 435 των
529 391 635 448 παρὰ
671 399 751 442 τοῖς
791 395 936 463 ἰατροῖς
975 391 1195 447 ἐκλούτρων
1223 390 1522 445 ὀνομαζομένων
1545 389 1788 444 Ἀντιφάνης
1828 407 1867 430 -ἐ

316 452 542 507 Τραυματία
574 455 656 492 κτλ.
759 454 798 492 2.
829 448 1031 502 εὐχάλκοις
1061 451 1198 521 Mein.]
1232 449 1432 516 ε’γχάλκοις
1463 451 1527 490 vel
1557 446 1806 501 εὐλοὶμπροις.
1858 478 1863 481 >

427 512 465 548 3.
504 511 627 551 Arist.
659 510 755 549 Aah.
789 510 895 548 1063
933 505 1051 559 ’ὕπεχ’
1085 503 1163 547 ωδε
1201 503 1610 558 τούξάλειπτρον.
1673 507 1748 557 Eq.
1781 508 1870 548 90

313 563 385 618 ἐγώ
416 563 461 604 δὲ
490 564 693 616 κυλίχνιόν
722 562 766 617 γε’
796 576 855 603 σοι
884 564 951 604 καὶ
981 563 1192 616 φάρμακον
1222 562 1398 614 δίδωμι.
1422 563 1595 614 Hesych.
1617 561 1866 614 manvides*

380 620 510 662 ,ἄλλοι
539 621 707 670 πυξίδας
738 618 929 673 ἰατρικάς.
979 623 1096 661 Phot.
1128 619 1356 671 κυλιχνίδα·
1388 618 1465 672 τὴν
1493 616 1676 671 ἰατρικὴν
1702 618 1851 668 πυξίδα

312 654 359 719 4.
385 681 433 718 de
464 677 622 726 σικύαις
653 680 704 718 ef.
736 679 881 718 Eubul.
917 680 1009 717 147.
1060 677 1205 717 Cratet.
1238 678 1304 715 41.
1351 677 1475 716 Arist.
1505 677 1596 716 Pae.
1628 676 1722 716 542.

890 811 1289 846 ΤΡΙΤΑΓῼΝΙΣΤΗΣ

430 895 624 945 Scriptam
657 907 740 933 esse
770 895 864 943 post
894 893 954 934 01.
979 894 1072 943 100,
1098 894 1118 930 1
1152 905 1199 931 ex
1228 893 1277 930 fr.
1302 892 1395 939 209,
1420 892 1444 930 5
1476 892 1740 943 cognoscitur.

1047 1002 1131 1044 209

520 1081 638 1126 πολύ
667 1080 710 1137 γ’
737 1081 832 1125 ἐστὶ
861 1081 1043 1124 πάντων
1073 1083 1164 1123 τῶν
1195 1082 1392 1136 ποιητῶν
1422 1080 1641 1135 διάφορος

519 1150 542 1194 ὁ
574 1150 828 1202 Φιλόξενος.
877 1151 1105 1204 πρώτιστα
1135 1148 1217 1204 μὲν
1246 1148 1335 1203 γὰρ
1366 1147 1584 1202 ὀνόμασιν

521 1220 675 1262 ἰδίοισι
707 1217 781 1260 καὶ
799 1224 1007 1260 καινοῖσι
1036 1219 1193 1273 χρῆται
1224 1218 1473 1271 πανταχοῦ·

521 1289 673 1330 ἔπειτα
705 1303 758 1328 τα
791 1286 899 1341 μέλη
929 1287 1195 1340 μεταβολαῖς
1224 1282 1299 1327 καὶ
1329 1283 1559 1340 χρώμασιν

470 1364 491 1397 5
522 1354 581 1405 ὠς
611 1348 664 1397 εὗ
696 1354 917 1407 κέκραται.
968 1352 1074 1403 θεὸς
1106 1354 1157 1395 ἐν
1187 1350 1499 1406 ανθρώποισιν
1527 1346 1587 1407 ἦν

526 1423 711 1477 ἐκεῖνος,
744 1420 871 1472 εἰδώς
900 1420 982 1477 τὴν
1012 1419 1193 1475 άληθῶς
1222 1419 1466 1475 μουσικήν·

525 1491 571 1533 οἱ
599 1490 687 1533 νῦν
718 1489 768 1533 δὲ
799 1488 1097 1532 κισσόπλεκτα
1128 1486 1202 1530 καὶ
1233 1494 1426 1543 κρηναῖα
1457 1487 1531 1529 καὶ

523 1556 856 1600 ἀνθεσιπότατα
885 1553 1018 1610 μέλεα
1047 1555 1220 1611 μελέοις
1249 1553 1466 1610 ὀνόμασιν

523 1628 736 1669 ποιοῦσιν
768 1624 1064 1679 ἐμπλέκοντες
1093 1622 1307 1678 ἀλλότρια
1335 1623 1458 1678 μέλη.

433 1722 662 1761 Athenaeus
687 1720 750 1769 14,
769 1720 886 1759 643c1
916 1714 936 1757 ὅ
968 1716 1176 1770 Κυθήριος
1206 1714 1439 1768 Φιλόξενος,
1471 1710 1515 1755 ὃν
1547 1714 1723 1756 ἐπαινῶν
1748 1713 1875 1766 Ἀντι-Ὶ

321 1793 402 1829 φαι
406 1793 452 1828 ης
491 1775 534 1816 ἐν
569 1781 627 1830 τῷ
660 1778 951 1828 Τριταγωνιστῇ
989 1786 1113 1825 φησιν
1143 1775 1221 1813 κτλ.
1319 1775 1355 1812 2.
1388 1771 1585 1825 πρώτιστα
1614 1768 1874 1815 Βοὶ)1’.Αᾶν.

321 1837 362 1876 II
393 1833 492 1886 349]
524 1838 659 1886 πρῶτα
691 1834 738 1872 A.
829 1835 867 1871 3.
899 1830 1033 1871 ἰδίοισι
1063 1831 1227 1870 Grotius
1256 1830 1438 1881 Exceipt.
1472 1828 1595 1882 629]
1605 1828 1720 1876 ἰδίοις
1747 1831 1799 1870 A.

324 1895 497 1931 καινοῖσι
528 1888 709 1942 Grotius]
741 1892 905 1928 κοινοῖσι
936 1891 985 1928 A.
1035 1884 1108 1926 κού
1138 1889 1305 1925 κοινοῐσι
1335 1887 1479 1937 Bergk.
1513 1901 1575 1937 ap.
1606 1887 1727 1926 Mein.
1749 1887 1787 1926 V
1808 1888 1860 1926 78
1872 1888 1874 1891 ’

323 1953 361 1988 4.
394 1964 439 1988 τα
470 1948 558 1987 add.
581 1947 750 1987 casaub.
840 1947 877 1985 5.
908 1941 961 1995 ἠν
990 1945 1040 1983 A.
1121 1945 1159 1983 6.
1191 1940 1264 1993 τὴν
1287 1939 1455 1994 ἀληθῶς
1488 1941 1618 1995 Grot.]
1650 1939 1687 1982 τ’
1709 1940 1882 1995 ἆληθω

276 2002 281 2006 ’
323 2007 372 2044 A.
491 2006 531 2046 7.
569 2001 828 2042 κισσόπλεκτα
859 2000 996 2065 Mein]
1038 1996 1278 2051 κισόπληκτα
1308 2000 1358 2038 A.
1415 2000 1597 2039 consulto
1627 2000 1767 2039 formis
1796 2013 1848 2040 110
1860 2020 1882 2046 κῑ

324 2061 560 2113 vulgalibus
589 2061 732 2099 utitur.
821 2060 859 2098 8.
891 2052 1184 2096 ἀνθεσιπότατα
1214 2057 1354 2095 Elmsl.
1376 2056 1498 2095 Ar1st.
1521 2057 1620 2096 Ach.
1644 2055 1772 2108 1151]
1803 2052 1877 2096 ανέ

325 2115 573 2158 θεσιπότατοὶ
603 2131 642 2155 τε
674 2117 721 2155 A.
758 2119 871 2164 flores
900 2115 1250 2155 circumvolitantia
1278 2126 1397 2162 apum
1426 2111 1563 2152 instar.
1652 2110 1767 2162 μέλεα
1797 2113 1862 2164 epi

325 2177 467 2214 theton
504 2175 584 2224 est,
624 2185 704 2212 non
743 2172 1049 2212 substantivum.
1102 2170 1340 2220 perstringit
1374 2169 1541 2220 lyricos,
1583 2169 1687 2220 quod
1717 2182 1765 2209 ex
1794 2183 1838 2210 so

324 2245 458 2271 rerum
496 2233 639 2269 natum
676 2230 868 2280 imagines
905 2230 1052 2279 petant.
1103 2224 1218 2277 μέλεα
1255 2222 1517 2278 μελιπτέρωτα
1556 2227 1723 2264 Μοισᾶν
1759 2239 1834 2276 poe
1862 2243 1881 2260 ι.

326 2289 430 2339 apud
463 2288 606 2327 Athen.
642 2287 705 2337 14,
731 2286 856 2326 6333..

963 2406 1232 2442 ΤΤΡΡΗΝΟΣ

440 2492 680 2542 Antiphanis
719 2493 759 2530 et
796 2490 980 2529 Axioniei
1019 2489 1166 2527 fabulis
1201 2489 1274 2527 1100
1311 2487 1472 2526 nomine
1509 2486 1569 2525 ins
1565 2486 1712 2535 eniptis
1749 2486 1836 2527 luce
1862 2506 1880 2521 ·.

328 2551 482 2590 adferre
520 2546 679 2588 videtur
717 2548 765 2586 ad
802 2559 921 2596 quem
951 2545 1171 2584 Meinekius
1202 2544 1238 2582 V
1271 2545 1322 2582 78
1359 2543 1514 2593 relegat
1551 2542 1780 2582 Athenaeus
1811 2545 1877 2595 13,

330 2607 447 2647 607f
481 2600 570 2644 οἶδα
606 2602 650 2643 δὲ
688 2602 755 2642 καὶ
786 2601 1143 2653 Πολύστρατον
1183 2595 1270 2639 τόν
1295 2596 1588 2666 Ἀθηναῖον,
1618 2596 1806 2650 μαθητὴν
1833 2598 1875 2639 δ,-

332 2658 610 2727 Θεοφράστου,
649 2658 718 2700 τὸν
748 2654 1150 2709 ἐπικαλούμενον
1183 2652 1462 2709 Τυρρηνόν,
1493 2652 1553 2694 ότι
1583 2659 1663 2693 τῶν
1691 2651 1860 2706 αὕλητρί

330 2720 414 2758 δων
444 2733 490 2757 τα
521 2714 653 2768 ἱμάτια
682 2713 875 2768 περιέδυε.
922 2718 1007 2755 eiat
1035 2716 1140 2754 enim
1170 2715 1204 2753 is
1234 2726 1319 2752 mos
1349 2713 1655 2763 Tyrrhenorum.
1697 2712 1872 2752 Timaeu

331 2777 476 2815 Athen.
510 2776 574 2823 12,
598 2774 719 2813 517d
749 2786 856 2824 παρα
887 2769 931 2811 δὲ
965 2773 1236 2823 Τυρρηνοῖς..
1256 2769 1330 2810 ,αἰ
1355 2766 1596 2822 θεράπαιναι
1624 2765 1771 2819 γυμναὶ
1801 2771 1881 2810 τοῖ’

330 2828 497 2884 ἆνδρασι
525 2830 816 2870 διακονοῦνται.
1878 2838 1882 2839 ’
