1864 3204
405 217 796 254 ΠΤΘΑΡοΡιεΤΗΣ
820 235 863 242 -
887 215 1094 258 ΑΔΗΛΩΝ
1122 213 1391 248 ΔΡΑΜΑΤῼΝ
1608 211 1689 254 281

334 320 534 364 τούτοισι
564 316 644 362 τὸν
669 317 923 362 Πλούτωνα
954 305 1185 360 συσσιτεῖν
1215 315 1302 371 ἔφη

280 399 302 430 5
331 387 392 432 δι’
417 387 664 443 εὐσέβειαν.
717 390 766 430 Β.
799 385 960 442 εὐχερῆ
990 385 1103 429 θεὸν
1135 384 1301 439 λέγεις,

332 458 374 500 εί
399 463 492 508 τοῖς
522 454 672 511 ῥύπου
701 461 932 511 μεστοῖσιν
962 451 1118 509 ἥδεται
1149 451 1310 504 ξυνών.

965 580 1177 623 ἐσθίουσί
1204 594 1251 622 τε

333 650 508 708 λάχανά
536 666 584 693 τε
614 648 690 692 καὶ
719 650 935 692 πίνουσιν
967 647 1039 691 ἐπὶ
1069 648 1249 698 τούτοις
1278 646 1427 704 ὕδωρ·

333 724 526 775 φθεῖρας
556 715 604 762 δὲ
636 716 710 761 καὶ
740 718 939 773 τρίβωνα
969 717 1053 772 τήν
1082 715 1122 758 τ’
1145 714 1368 759 ἀλουσίαν

266 799 307 830 10
338 785 488 838 οὐδεὶς
517 803 576 830 αν
606 784 863 843 ὑπομείνειε
892 800 983 828 των
1013 783 1258 839 νεωτέρων.

237 865 445 923 Diogenes
475 870 606 913 Laert.
636 868 675 921 8,
697 871 751 910 38
779 865 1026 922 Ἀριστοφῶν
1057 869 1351 922 Πυθαγοριστῇ
1381 866 1458 919 ἔφη
1478 890 1526 896 --
1546 866 1694 916 ξυνών.

134 928 188 968 ἔτι
220 927 264 968 ἐν
294 928 345 982 τῷ
376 924 484 966 αὐτῶ
514 925 698 966 ἐσθίουσι
726 928 812 965 κτλ
865 926 1006 966 Suidas
1038 923 1268 978 Πυθαγόρα
1299 924 1345 964 τὰ
1376 922 1566 976 σύμβολα.
1660 927 1694 964 1.

132 985 208 1037 ἔφη
239 985 396 1037 Cobet]
431 982 508 1035 ἔφη
539 999 578 1024 τε
607 985 740 1035 Diog.‚
772 997 850 1025 om.
883 983 991 1022 Suid.
1082 981 1155 1033 τὴν
1185 980 1344 1021 δίαιταν
1375 983 1548 1022 Froben.
1579 983 1696 1033 Diog.

131 1047 173 1083 et
203 1039 364 1095 Suidas]
395 1041 564 1082 δίαιταν.
626 1038 726 1094 τῶν]
758 1034 899 1079 αυτῶν
925 1040 1037 1079 Suid.
1109 1041 1148 1078 2.
1180 1037 1358 1090 διαφέρει
1389 1040 1423 1077 V
1446 1040 1556 1078 Suid.
1615 1040 1653 1078 4.
1658 1015 1696 1077 05

132 1098 318 1139 σύσσιτον
350 1095 403 1136 δι’
428 1094 633 1150 εὐσέβειαν
663 1095 921 1147 ἔφηνὸυἱᾶ.
1013 1097 1051 1135 5.
1084 1093 1247 1149 εὐχερῆ]
1282 1096 1457 1149 δυσχερῆ
1487 1096 1626 1136 Cobet.
1658 1099 1700 1134 at

93 1159 96 1162 ’
132 1154 271 1209 εὐχερῆ
301 1169 371 1207 per
401 1157 569 1195 ironiam
599 1155 712 1194 dixit.
802 1156 840 1194 5.
864 1156 888 1193 6
918 1151 1055 1206 λέγεις,
1082 1152 1088 1206 Ι
1115 1153 1152 1193 εἰ
1182 1152 1280 1206 τοῖς]
1311 1151 1439 1205 λέγειν
1469 1152 1591 1200 σίτοις
1622 1153 1697 1192 AV

134 1215 247 1255 Suid.
352 1215 508 1264 μεστοῖς
537 1211 613 1251 AV
644 1211 755 1252 Suid.
865 1213 901 1252 7.
934 1208 1123 1250 ἐσθίουσί
1148 1224 1188 1250 τε
1219 1224 1295 1250 om.
1328 1211 1453 1261 Suid.,
1485 1212 1598 1250 cuius
1627 1211 1698 1249 ali-

132 1276 230 1322 quot
268 1270 419 1310 codices
457 1271 549 1320 post
586 1266 739 1319 λάχανά
770 1282 808 1307 τε
838 1269 1023 1308 inserunt
1051 1266 1126 1319 γὰρ
1157 1265 1409 1319 κατέδονται,
1448 1269 1554 1318 quod
1586 1268 1701 1307 deest

133 1330 175 1367 in
204 1327 342 1367 ABV.
434 1329 498 1366 10.
532 1331 610 1364 τῶν
641 1322 856 1376 ἐνερτέρων
884 1325 1030 1364 Naber.
1064 1326 1211 1364 Mnem.
1242 1338 1335 1365 nov.
1358 1325 1458 1364 VIII
1490 1326 1587 1364 253.
1621 1339 1701 1363 των

138 1381 360 1447 ἐνεωτέρων
390 1384 540 1423 Nauck.
572 1383 715 1422 Philol.
737 1383 795 1421 VI
827 1383 928 1421 118:
959 1382 1230 1433 Pythagoreos
1262 1383 1368 1422 enim
1399 1396 1470 1422 sua
1500 1382 1701 1421 sententia

135 1455 219 1482 esse
240 1435 330 1487 τούς
353 1436 524 1490 σοφούς,
546 1441 720 1490 reliquos
741 1452 879 1479 omnes
901 1436 992 1486 τοὺς
1015 1434 1162 1486 ἐνεούς.
1199 1439 1269 1478 ubi
1288 1440 1385 1489 quid
1406 1440 1701 1489 comparativus

136 1499 211 1539 sibi
243 1498 343 1537 velit
371 1498 517 1548 neseio,
549 1497 618 1536 sed
649 1497 831 1536 desidero
861 1493 1122 1548 χαριεστέρων
1151 1496 1215 1535 vel
1243 1494 1513 1548 μετριωτέρων
1533 1497 1598 1535 νθῖ
1621 1497 1700 1534 tale

135 1556 298 1606 aliquid.
335 1576 383 1583 -
425 1557 600 1594 ceterum
640 1554 690 1592 cf.
728 1567 829 1604 quae
867 1554 916 1592 de
953 1553 1026 1592 hac
1064 1554 1201 1604 ecloga
1230 1553 1452 1604 disputavit
1481 1554 1528 1592 E.
1560 1553 1701 1592 Rhode

137 1615 239 1653 Mus.
271 1612 395 1651 Rhen.
429 1611 560 1650 XXVI
591 1611 685 1650 557.
710 1612 808 1650 81et
839 1609 993 1650 Griech.
1027 1610 1192 1650 Roman.
1225 1611 1308 1650 260
1338 1624 1377 1650 n.
1401 1612 1439 1651 3.

774 1734 858 1767 ΦΙΛ
865 1733 1055 1768 ΩΝῙΔΗΣ

250 1819 491 1857 Melitensem
531 1816 778 1855 Philone'dem
817 1816 1034 1866 significari
1072 1816 1207 1855 docuit
1243 1816 1399 1856 Hanov.
1442 1817 1580 1855 Exere.
1614 1817 1700 1855 crit.

141 1877 207 1914 28.
232 1878 272 1914 9.
322 1874 443 1913 Mein.
475 1874 493 1911 I
524 1874 620 1911 410.
679 1873 727 1911 cf.
761 1873 892 1912 Schol.
923 1873 1049 1912 Arist.
1081 1873 1190 1911 Plut.
1226 1874 1319 1914 179.
1366 1873 1467 1912 Plat.
1499 1885 1599 1912 com.
1633 1873 1699 1911 64.

139 1932 384 1982 Theopomp.
416 1943 514 1970 com.
549 1928 586 1971 4.
608 1931 645 1968 5.
698 1929 903 1969 Nicochar.
938 1932 976 1970 3.
1027 1930 1190 1980 Philyll.
1223 1931 1289 1969 23.

899 2018 951 2059 14

544 2086 790 2139 τοιγαροῦν
823 2083 922 2140 ἐμοὶ
951 2085 1036 2140 μὲν
1066 2083 1228 2141 ἀρτίως
1259 2084 1282 2128 ὁ
1314 2083 1533 2141 δεσπότης

284 2153 343 2198 δι’
369 2152 534 2211 α’ρετὴν
563 2156 656 2196 τῶν
686 2155 964 2210 θηρικλείων
996 2151 1286 2197 εὐκύκλωτον
1316 2152 1509 2207 α’σπίδα,

285 2221 698 2278 ὑπεραφρίζουσαν,
729 2225 994 2277 τρυφῶσαν,
1026 2226 1127 2264 ἴσον
1158 2226 1240 2279 ἴσῳ
1270 2222 1569 2278 κεκραμένην,

285 2291 558 2346 προσφέρων
587 2290 771 2342 ἔδωκεν,
803 2285 948 2344 οἶμαι,
981 2290 1289 2346 χρηστότητος
1309 2291 1472 2333 εἵνεκα.

235 2370 256 2400 5
288 2356 368 2402 εἶτ’
392 2357 640 2413 ἐλευθέραν
670 2355 818 2413 ἀφῆκε
848 2359 1070 2412 βαπτίσας
1101 2359 1379 2414 ἐρρωμένως.

259 2443 486 2481 Athenaeus
519 2442 584 2489 11,
607 2441 721 2479 4720
747 2436 995 2491 Ἀριστοφῶν
1026 2439 1070 2480 ἐν
1098 2440 1300 2494 Φιλωνίδῃ
1330 2443 1413 2483 κτλ.
1500 2442 1538 2480 4.
1572 2439 1706 2478 εἵνεκα

144 2498 218 2553 Κ.]
250 2496 397 2538 οὕνεκα
428 2499 478 2538 A.
502 2519 551 2525 —
583 2497 634 2536 of.
657 2496 876 2547 Antiphan.
900 2498 1029 2547 25,4.
1065 2500 1145 2537 112
1177 2511 1266 2539 cum
1298 2499 1353 2538 eis
1385 2511 1485 2549 quae
1514 2499 1707 2536 adnotan-

145 2561 223 2599 tur.
273 2564 408 2607 χρηστ.
439 2552 529 2605 εἴν.,
559 2555 606 2594 ut
634 2554 677 2592 in
707 2554 850 2596 titulis.
908 2553 1088 2604 loquitur
1118 2568 1246 2596 serva.

679 2674 887 2711 ΑΔΗΛΩΝ
911 2678 1181 2713 ΔΡΑΜΑΤΩΝ

901 2745 954 2789 15

422 2812 470 2857 τὰ
502 2811 626 2859 τέλος
655 2807 824 2853 ἅπασίν
855 2812 949 2856 ἐστι
978 2821 1071 2864 τοῖς
1100 2821 1314 2869 πτωχοῖσι
1343 2812 1445 2865 νύξ·

422 2882 652 2930 ἐπισκοτεῖ
676 2877 764 2934 γὰρ
794 2888 887 2933 τοῖς
916 2889 1097 2924 κακοῖσι
1128 2885 1371 2936 πανταχοῦ.
