1864 3204
0 0 30 135 lv*

0 150 14 167 ΓΑ.

0 174 58 239 {3

580 189 860 225 ΠΑΡΑΣῙΤΟΣ
884 206 927 213 -
951 185 1193 222 ΠοιΗΤΡῐΑ
1583 180 1669 240 365

104 299 205 395 IXen.
240 298 417 404 ξίθὲιὲ,
379 299 417 348 3,
440 298 477 345 7,
501 297 539 337 4.
572 295 676 334 Plat.
710 294 838 334 Aleib.
870 293 890 333 1
922 292 1053 331 114b.
1084 291 1181 342 Leg.
1206 290 1271 338 11,
1289 288 1422 328 873d.
1457 289 1522 338 12,
1540 287 1665 326 9423.

128 368 205 395 sae.

762 429 796 462 n
802 428 944 461 Ezom
950 428 1017 461 KH

854 529 931 572 181

221 479 283 519 cf.
315 478 486 519 Meinek.
513 478 533 517 1
562 478 660 517 401.

376 591 550 646 μᾶλλον
579 589 754 644 μᾶλλον

218 668 308 712 ἀντὶ
338 678 407 711 τοῦ
436 668 499 711 ἀεὶ
520 668 627 723 [καὶ]
658 670 855 721 μᾶλλον..
874 666 1042 716 .’Ἀλεξις
1065 664 1279 720 Πεζονίκη.
1322 665 1490 704 Photius
1519 667 1561 703 et
1582 664 1678 704 Sui--

107 732 190 770 das.
241 730 408 770 Bekker.
444 728 593 769 Anecd.
628 729 720 777 108,
743 727 781 766 5.
829 726 878 765 ef.
910 725 1073 764 Anaxil.
1105 724 1173 762 32.

713 874 718 883 .
778 848 987 884 nonum

846 915 926 959 182

354 997 378 1041 ὁ
410 995 698 1054 συκοφάντης
727 994 784 1040 οὐ
814 996 998 1045 δικαίως
1023 990 1221 1049 τοῦνομα

356 1067 408 1111 ἐν
437 1073 554 1109 τοῖσι
582 1066 883 1121 μοχθηροῖσίν
914 1064 1009 1106 ἐστι
1039 1063 1261 1117 κείμενον.

355 1135 447 1178 ἔδει
475 1134 564 1190 γὰρ
595 1132 718 1184 ὅστις
749 1129 939 1188 χρηστὸς
967 1123 1026 1186 ἦν
1054 1128 1168 1186 ἡδύς
1198 1126 1240 1172 τ’
1263 1126 1380 1184 ἀνὴρ

356 1203 411 1246 τὰ
441 1206 559 1245 σῦκα
590 1202 897 1257 προστεθέντα
929 1200 1102 1255 δηλοῦν
1133 1196 1213 1240 τὸν
1241 1196 1424 1252 τρόπον.

311 1282 333 1313 5
359 1270 466 1314 νυνὶ
496 1270 546 1314 δὲ
578 1270 691 1325 πρὸς
719 1265 954 1324 μοχθηρὸν
982 1265 1070 1319 ἡδὺ
1102 1265 1357 1320 προστεθὲν

355 1337 545 1393 ἀπορεῖν
575 1339 790 1394 πεποίηκε
821 1335 896 1379 διὰ
926 1338 972 1379 τί
997 1333 1133 1378 τοῦθ’
1155 1333 1300 1384 οὕτως
1329 1335 1431 1389 ἔχει.

223 1435 452 1474 Athenaeus
481 1435 520 1485 3,
547 1434 630 1472 74e
666 1427 815 1480 ’Ἄλεξις
845 1429 888 1471 ἐν
923 1430 1074 1485 Ποιητῇ
1111 1439 1237 1480 φησιν
1273 1430 1353 1468 κτλ.
1442 1429 1481 1470 2.
1513 1425 1576 1480 ἐν]
1609 1424 1674 1466 ἐπὶ

108 1492 313 1532 Herwerd.
351 1491 454 1531 Nov.
494 1490 586 1529 add.
626 1491 715 1529 crit.
747 1490 801 1528 33
842 1489 944 1529 conl.
983 1488 1164 1538 Xenoph.
1197 1486 1290 1537 Cyr.
1322 1486 1436 1536 2,2,
1462 1486 1530 1524 12.
1633 1487 1676 1523 at.

107 1551 347 1600 μοχθηροῖσι
376 1550 565 1588 neutrum
596 1548 657 1586 est
685 1541 904 1611 (ὀνόμασι).
979 1546 1019 1584 3.
1050 1544 1172 1584 velba
1202 1542 1480 1593 coniungenda
1510 1544 1604 1581 sunt
1632 1542 1675 1580 in

109 1606 214 1645 hunc
252 1605 435 1644 modum:
482 1602 561 1643 ἔδει
597 1600 672 1674 γὰρ
712 1597 758 1640 τᾶ
796 1603 897 1641 σῦκα
934 1597 1204 1654 προστεθέντα
1241 1599 1393 1650 δηλοῦν
1430 1596 1500 1637 τὸν
1529 1596 1676 1650 τρόπον

108 1658 280 1713 ἀνδρός,
310 1658 416 1707 ὅστις
447 1657 610 1713 χρηστὸς
639 1655 693 1712 ἦν
720 1655 822 1710 ἡδύς
852 1673 906 1699 τε.

850 1769 931 1813 183

926 1846 1050 1891 πάνυ
1079 1862 1149 1890 τοι
1177 1845 1402 1902 βούλομαι

337 1917 454 1961 οὕτω
483 1921 705 1973 γελᾶσθαι
735 1917 811 1960 καὶ
840 1913 978 1971 γέλοι’
1002 1913 1073 1958 ἀεὶ
1103 1916 1251 1970 λέγειν

331 1984 441 2043 μετὰ
471 1984 552 2030 τὸν
582 1985 794 2041 Κόρυδον
823 1981 1004 2039 μάλιστ’
1034 1982 1289 2039 Ἀθηναίων
1318 1979 1451 2024 πολύ.

227 2082 453 2121 Athenaeus
485 2082 529 2127 6,
552 2080 671 2119 241d
707 2076 769 2118 ὅτι
806 2075 852 2118 δὲ
888 2081 1022 2129 γελοῖα
1060 2075 1194 2129 ἔλεγεν
1232 2090 1254 2115 ο
1286 2074 1470 2127 Κόρυδος
1508 2073 1576 2113 καὶ
1614 2073 1678 2113 ἐπὶ

115 2134 263 2185 τούτοις
293 2140 488 2190 γελᾶσθαι
516 2132 665 2189 ἤθελεν
694 2133 715 2175 ὃ
745 2131 864 2183 αὐτὸς
887 2134 1044 2184 ’Ἀλεξις
1075 2132 1119 2173 ἐν
1139 2135 1333 2185 Ποιηταῖς
1364 2143 1464 2183 φησι
1493 2134 1575 2171 κτλ.
1640 2134 1675 2170 1.

113 2208 170 2234 τοι
201 2193 255 2247 A]
288 2208 324 2232 τι
354 2194 400 2234 C.
487 2195 527 2233 2.
558 2190 682 2246 οὕτω]
712 2186 829 2240 οὗτος
860 2195 908 2232 Α.
996 2190 1127 2244 γέλοια
1159 2191 1207 2230 A.
1296 2192 1335 2229 3.
1368 2187 1538 2240 μάλιστα
1569 2189 1619 2227 A.

228 2252 267 2290 2.
298 2251 511 2290 Herodian.
540 2251 559 2289 I
594 2251 686 2299 137,
714 2251 763 2289 14
794 2246 943 2317 ὁμοῖος,
974 2250 1144 2299 γελοῖος.
1163 2246 1224 2287 ,οι
1250 2243 1295 2285 δὲ
1323 2242 1676 2298 μεταγενέστε-

114 2322 191 2359 ροι
229 2313 309 2346 τῶν
333 2303 522 2346 Ἀττικῶν
554 2306 595 2345 τὸ
626 2281 775 2359 γελοῖος
805 2303 874 2345 καὶ
901 2301 1034 2356 ὁμοῖος
1069 2301 1570 2356 προπαροξύνουσιν.
1630 2303 1678 2341 de

115 2365 264 2415 Cmydo
295 2365 441 2403 Athen.
472 2366 518 2414 6,
550 2376 634 2414 cap.
657 2364 723 2403 39.

775 2473 1021 2507 nonrrpm

853 2539 935 2582 184

155 2610 157 2613 ¹
233 2624 372 2664 Pollux
394 2625 532 2674 9,153
564 2621 627 2661 ἐπὶ
656 2619 701 2661 τὸ
730 2623 909 2673 πλῆθος,
940 2619 1003 2660 ἐπὶ
1036 2619 1078 2660 τὸ
1108 2619 1224 2663 πολύ,
1256 2616 1311 2666 ὡς
1343 2616 1406 2658 ἐπὶ
1436 2614 1479 2657 τό
1510 2621 1678 2670 πλῆθος,

118 2679 171 2729 ὡς
210 2679 273 2720 ἐπὶ
310 2695 357 2719 τα
395 2678 531 2719 πολλά.
581 2678 696 2717 τοῦτο
730 2675 804 2730 μὲν
842 2674 916 2730 γὰρ
937 2676 1087 2725 ’Ἄλεξις
1125 2675 1167 2715 ἐν
1199 2676 1392 2730 Ποιητρία
1423 2674 1582 2727 εἴρηκεν
1618 2673 1679 2724 ὥς

118 2737 198 2778 ἐπὶ
228 2735 281 2776 τὰ
312 2734 481 2776 πολλὰ
497 2736 644 2775 τοῦτο
682 2739 815 2774 ποιῶ.
866 2735 1030 2774 dubium
1068 2734 1226 2773 videtur
1263 2737 1378 2772 τοῦτο
1407 2738 1510 2771 ποιῶ
1546 2736 1679 2772 utrum

118 2795 298 2890 Aflexgilldis
331 2795 411 2833 sint
439 2806 490 2833 an
522 2793 694 2832 Pollucis
715 2795 855 2843 poetae
875 2793 1089 2831 dictionem
1120 2791 1300 2840 exemplo
1332 2790 1599 2829 inlustrantis.
1625 2812 1676 2819 -

119 2865 139 2891 c
161 2883 170 2891 .
203 2877 211 2889 .
262 2880 271 2889 .
