1864 3204
607 206 810 242 AoAMAz
834 225 876 231 -
901 207 1188 242 BAAANmoN
1599 205 1682 249 237

709 356 1093 390 ΑΜΠΕΛΟΤΡΓΟΣ

883 435 910 478 3

391 511 474 556 οὐκ
505 515 629 556 ἔστιν
659 511 799 558 οὐδὲν
829 512 1014 569 ἀτυχίας
1043 512 1338 570 ἀνθρωπίνης

388 580 684 638 παραμύθιον
713 581 997 636 γλυκύτερον
1029 583 1080 624 ἐν
1109 584 1194 639 βίῳ
1223 581 1398 638 τέχνης·

389 649 463 693 ἐπὶ
494 653 575 692 τοῦ
605 650 870 706 μαθήματος
899 648 985 705 γὰρ
1017 648 1212 706 ἑστηκώς
1243 647 1266 692 ὁ
1296 653 1407 701 νοῦς

386 715 527 762 αὐτὸν
557 719 720 774 λέληθε
750 719 1024 774 παραπλέων
1053 717 1131 769 τὰς
1160 719 1413 774 συμφοράς.

229 814 424 853 Stobaeus
444 814 581 855 Floril.
603 811 937 863 60,1’Ἀμφιδος
969 811 1009 862 ἐξ
1035 808 1328 865 Ἀμπελουργοῦ
1348 814 1399 853 Α.
1480 816 1520 853 4.
1554 811 1683 853 αὑτὸν

38 897 49 903 -
115 867 258 924 Mein]
289 864 427 913 αὐτοῦ
463 869 703 922 παραπλέων
722 871 857 910 Trinc.
880 870 1001 910 Gesn.
1027 868 1068 923 1]
1099 868 1339 922 παραπλέον.
1381 872 1546 911 seientia
1566 874 1680 922 quasi

114 928 228 967 navis
257 930 337 978 est,
371 941 450 978 qua
478 928 596 968 homo
627 928 875 967 calamitates
904 930 1111 978 tamquam
1141 930 1277 968 cautes
1307 929 1640 979 praetervehitur.

883 1039 912 1081 4

376 1119 428 1162 ε’ν
458 1112 524 1169 οἷς
553 1117 611 1161 ἂν
641 1116 842 1175 ἀτυχήσῃ
873 1134 939 1168 τις
968 1117 1214 1173 ἅνθρωπος
1243 1119 1418 1175 τόποις,

374 1186 536 1242 ἥκιστα
566 1187 741 1238 τούτοις
770 1186 1027 1242 πλησιάζων
1056 1186 1224 1243 ἥδεται.

231 1281 429 1321 Stobaeus
450 1283 590 1321 Floril.
617 1282 709 1332 104,
733 1284 757 1321 6
780 1279 979 1333 ’Ἀμφιδος
1001 1280 1041 1330 ἐξ
1057 1278 1355 1334 Ἀμπελουργοῦ
1376 1286 1425 1324 Α.
1457 1284 1684 1324 ‘Phaedrus

115 1350 226 1378 nemo
257 1340 418 1379 libenter
445 1340 573 1379 recolit
602 1341 671 1389 qui
699 1340 809 1379 laesit
839 1340 1000 1380 locum’.
1032 1339 1220 1380 Valcken.

386 1506 554 1563 μικρόν
583 1522 626 1550 τι
655 1507 795 1562 κέρμα
886 1465 913 1495 o

227 1585 360 1640 ωσπερ
381 1586 425 1627 ἐν
445 1594 499 1643 τῷ
511 1587 709 1639 ’Ἀμφιδος
736 1586 1028 1658 Ἀμπελουργῷ.
1059 1590 1204 1630 Pollux
1226 1593 1266 1642 9,
1290 1593 1355 1631 88.
1408 1592 1513 1631 idem
1537 1594 1684 1641 7,17o

114 1642 237 1696 κέρμα
275 1643 417 1692 ἑνικῶς
438 1644 588 1697 ’Ἀμφις
627 1645 790 1699 εἴρηκεν
827 1644 871 1685 ἐν
906 1644 1200 1701 Ἀμπελουργςό.
1251 1649 1301 1688 of.
1334 1648 1553 1699 Antiphan.
1589 1651 1682 1689 131.

117 1703 270 1742 seilicet
299 1704 427 1743 multo
457 1704 707 1755 frequentius
736 1717 905 1744 numero
935 1705 1093 1755 plurali.

733 1827 1061 1862 ΑΜΦΙΚΡΑΤΗΣ

888 1907 915 1949 6

262 1983 312 2027 τὸ
343 1982 389 2026 δ’
420 1982 596 2040 ἀγαθὸν
626 1983 652 2028 ὅ
681 2000 724 2027 τι
754 1983 854 2027 ποτ’
887 1985 1030 2040 ἐστίν,
1062 1980 1118 2028 οὗ
1148 1983 1206 2028 σύ
1237 1986 1481 2042 τυγχάνειν

256 2052 432 2107 μέλλεις
461 2051 535 2096 διὰ
564 2053 750 2108 ταύτην,
788 2046 925 2109 ἦττον
956 2050 1072 2097 οἶδα·
1088 2053 1212 2097 τοῦτ’
1248 2053 1354 2110 ἐγώ,

255 2135 290 2162 ω
322 2119 523 2176 δέσποτ’,
555 2116 584 2177 ἢ
614 2119 665 2164 τὸ
697 2121 945 2172 Πλάτωνος
975 2120 1168 2177 ἀγαθόν.
1209 2126 1260 2166 Β.
1284 2124 1478 2179 πρόσεχε
1509 2124 1580 2180 δή.

227 2213 427 2265 Diogenes
456 2216 588 2258 Laert.
619 2218 657 2267 3,
680 2218 733 2255 27
756 2212 906 2268 ’Ἄμφις
933 2213 1190 2268 Ἀμφικράτει
1221 2218 1303 2256 κτλ.
1350 2218 1573 2269 Hesychius
1595 2219 1679 2258 Mil.

145 2271 255 2310 ..48
350 2273 387 2310 2.
421 2268 585 2322 ταύτην,
617 2273 909 2324 philosophiam
939 2276 985 2312 ut
1013 2275 1185 2313 videtur.
1293 2276 1331 2313 3.
1364 2276 1486 2314 verba
1514 2271 1681 2326 πρόσεχε

119 2323 204 2377 ‹525‘
216 2328 273 2366 eri
295 2330 390 2367 sunt
409 2330 688 2379 respondentis
711 2333 751 2370 et
772 2330 902 2380 quod’
925 2331 1107 2370 servulus
1130 2331 1272 2371 nescit
1292 2332 1448 2381 aperire
1469 2333 1679 2382 parantis'.

51 2408 53 2410 -
117 2382 257 2422 Cobet.
288 2384 338 2426 N.
370 2385 396 2423 1.
430 2386 497 2425 20.

755 2510 1039 2545 BAAANEION

877 2589 901 2631 7

259 2661 469 2722 ἀνεβόησ’
501 2664 625 2722 ὕδωρ
658 2666 862 2721 ἐνεγκεῖν
890 2668 1080 2723 θερμόν,
1113 2666 1247 2719 αλλος
1276 2669 1531 2725 μετάκερας.

232 2760 458 2799 Athenaeus
489 2762 667 2809 3,123e
707 2759 750 2801 τὸ
788 2760 832 2802 δὲ
870 2758 1036 2815 χλιαρὸν
1071 2760 1181 2814 ὕδωρ
1218 2758 1427 2813 Ἀθηναῖοι
1464 2762 1678 2817 μετάκερας

117 2816 329 2862 καλοῦσιν,
368 2813 455 2864 ὥς.
503 2815 678 2869 .”Αμφις
709 2817 754 2858 ἐν
794 2819 995 2873 Βαλανείῳ
1026 2822 1107 2859 κτλ.
1166 2816 1356 2871 άνεβόησ’
1397 2820 1552 2874 Dindf.]
1590 2818 1676 2860 ἆνε·

115 2871 260 2923 βόησεν
290 2874 338 2912 Α.
