1864 3204
0 0 146 104 r
167 6 171 10 ·
191 0 252 26 τ’·-
277 11 280 13 Ᾰ
349 0 357 3 ·

532 234 740 269 ΠΟΝΗΡΑ
764 252 806 259 -
834 233 1170 268 nPszroxopoz:
1553 229 1638 273 369

71 335 159 379 τὸν
187 337 371 391 ῥήτορα
400 335 824 405 πολιτευομένων,
855 335 980 388 φησίν
1008 338 1088 379 κτλ.
1161 337 1197 379 3.
1227 331 1403 386 προσεῖτ’
1426 350 1481 374 αν
1508 332 1637 382 ἄλλως

4 417 8 421 ’
75 406 322 461 Schweigh]
354 403 458 458 πρὸς
487 388 640 446 {ramae
668 407 718 449 A
768 401 939 459 προσεῖτ’
962 400 1016 444 ὄίν
1044 408 1167 455 Astu,
1205 405 1230 443 i.
1255 417 1289 445 e.
1321 398 1378 451 εἷς
1409 418 1483 455 ων,
1520 405 1637 449 solus,

73 465 175 515 ‘quo
206 464 320 504 ducit
350 464 580 515 oppositum
610 467 691 510 πᾶς
721 477 790 510 τις.
834 463 884 504 cf.
916 462 1041 502 Arist.
1074 462 1147 512 Eq
1170 462 1266 501 861
1300 461 1423 512 Soph.
1446 460 1528 501 ΟΒ..
1554 461 1636 500 247

72 521 142 561 a1.’
173 521 378 561 Herwerd.
410 521 556 560 Mnem.
587 533 679 560 nov.
711 520 767 559 VI
800 520 867 559 70.
920 519 1027 570 quod
1057 519 1155 557 mihi
1187 518 1347 585 quidem
1379 518 1444 557 hic
1475 518 1637 556 minime

0 597 2 603 ·
72 579 213 629 aptum
243 578 417 617 videtur.
468 577 535 617 sed
566 580 612 616 ut
643 576 927 628 Aristophanes
959 576 1006 615 fr.
1040 576 1119 615 661
1152 575 1255 614 dixit
1283 569 1408 613 ἀλοᾶν
1439 572 1508 621 τὰς
1538 571 1637 626 γνά-

70 636 191 685 θους,
220 635 249 674 i.
271 647 306 674 e.
337 646 486 684 vorare,
518 634 573 673 sic
603 634 724 685 vulgo
755 634 875 673 etiam
905 629 1030 671 ἀλοᾶν
1058 632 1242 672 absolute
1273 645 1319 671 ea
1349 631 1639 696 significatione

71 691 234 731 videtur
276 693 513 759 usurpatum
554 702 652 732 esse.
712 692 956 741 quapropter
1001 689 1184 728 existimo
1228 688 1387 727 Alexim
1433 688 1639 739 scripsisse

74 742 250 800 προσεῖτ’
271 763 325 787 αν
352 742 512 787 ὀλοῶν
539 742 667 787 ἄποθ.

581 892 1062 928 ΠΡΟΣΚΕΔΑΝΝΤΜΕΝ
1065 893 1130 928 ΟΣ

189 975 294 1023 Quid
323 975 398 1015 hoc
427 974 548 1015 titulo
578 974 803 1015 faciendum
833 974 888 1014 sit
915 974 1064 1015 nescio.

819 1085 902 1128 194

346 1141 577 1198 ἰσχυρικός

185 1219 276 1264 ἀντὶ
311 1229 384 1264 τοῦ
421 1222 594 1278 ἰσχυρός.
635 1221 791 1273 ’Ἄλεξις
822 1222 1234 1294 Προσκεδαννυμένῳ.
1282 1225 1454 1265 Bekker.
1485 1225 1639 1266 Anecd.

74 1282 259 1332 100,13.
291 1282 458 1322 Photius
477 1284 519 1322 et
539 1281 653 1322 Suid.
676 1278 896 1333 ἰσχυρικός·
924 1277 1015 1321 άντὶ
1036 1287 1107 1321 τοῦ
1128 1279 1301 1334 ἰσχυρός.
1331 1279 1459 1330 οὕτως
1470 1280 1638 1331 Ἄλεξις.
1680 1319 1684 1323 .

74 1336 278 1390 ἰσχυρικός
308 1336 449 1392 Mein]
480 1336 700 1390 ἰσχυρίσκος
730 1339 891 1390 ubique.
931 1339 1001 1379 sed
1030 1339 1199 1379 Photius
1229 1337 1443 1391 ἰσχυρικοί·
1476 1339 1640 1391 ἰσχυροί.

73 1407 117 1435 ac
148 1395 252 1436 Plat.
286 1395 453 1436 Theaet.
490 1396 607 1436 169b
638 1396 793 1436 codices
822 1398 869 1436 ut
898 1396 1087 1437 videntur
1117 1409 1254 1436 omnes
1285 1394 1601 1450 ἰσχυρικωτερος.

685 1541 1022 1576 ΠΡΩΤΟΧΟΡΟΣ

187 1622 321 1662 Etiam
353 1622 548 1663 Antidoto
577 1623 876 1674 adsignabatur.
926 1623 1099 1663 Meinek.
1130 1623 1150 1662 I
1181 1616 1292 1666 377.'
1310 1624 1405 1663 392.
1429 1625 1468 1663 3.

814 1733 894 1777 195

1031 1789 1371 1845 ἐπιπονώτερον

283 1858 419 1912 ἔργον
448 1855 509 1912 μὰ
539 1855 620 1900 τὸν
651 1858 887 1901 Διόνυσον
916 1855 1000 1901 οὐκ
1032 1857 1184 1914 εἴληφ’
1208 1856 1318 1913 ἐγώ,

280 1922 362 1980 ἀφ’
386 1917 444 1967 οὗ
473 1927 716 1981 παρασιτῶ.
767 1925 1027 1981 μεμβράδας
1055 1941 1132 1981 μοι
1163 1933 1370 1982 κρεῖττον
1397 1920 1458 1981 ἦν

287 1995 406 2048 ἔχειν
434 1991 530 2049 μετ’
558 1991 793 2036 Ἀττικιστὶ
823 1993 1083 2051 δυναμένου
1113 1996 1282 2039 λαλεῖν.

232 2070 254 2101 5
284 2063 333 2103 Β.
368 2059 647 2117 ὀνησιφόρον
675 2077 736 2117 ην
765 2064 913 2105 τοῦτο.

191 2154 423 2194 Athenaeus
454 2157 491 2206 7,
516 2156 635 2195 287f
668 2153 860 2211 (Ἄλεξις)
900 2153 944 2195 ἐν
985 2153 1230 2210 Πρωτοχόρῳ
1269 2158 1352 2196 κτλ.
1451 2159 1487 2197 2.
1527 2155 1643 2209 ἔργον

77 2211 171 2253 add.
199 2211 364 2252 Porson.
466 2208 594 2263 εἴληχ’
628 2212 798 2253 Casaub.
887 2215 926 2252 3.
956 2223 1176 2266 παρασιτωι
1207 2216 1249 2252 et
1278 2209 1530 2266 μεμβράδας,
1561 2228 1641 2254 non

79 2266 330 2320 βεμβράδας,
361 2268 411 2308 A.
455 2271 586 2308 recte:
617 2282 710 2309 nam
739 2270 848 2309 illius
880 2270 1031 2309 formae
1061 2271 1290 2310 testimonia
1320 2283 1361 2310 se
1390 2272 1641 2321 prolaturum

79 2324 317 2375 promiserat
345 2325 425 2365 287
438 2325 477 2365 d.
528 2326 577 2364 cf.
608 2326 820 2377 Phrynich.
851 2327 920 2365 50.

193 2381 373 2432 loquitur
392 2383 589 2432 parasitus
610 2383 792 2432 opulenti
813 2382 979 2422 alicuius
999 2383 1216 2433 peregrini,
1248 2383 1318 2422 sed
1339 2382 1493 2425 Graeci.
1532 2397 1642 2434 prae-

80 2438 290 2478 ferendum
321 2451 405 2478 esse
435 2439 533 2479 dicit
561 2439 711 2478 victum
741 2439 1018 2478 tenuissimum
1048 2451 1136 2478 cum
1166 2439 1325 2478 homine
1345 2438 1482 2479 Attico
1513 2441 1641 2491 splen·

82 2494 298 2534 didissimis
329 2495 455 2545 epulis
487 2495 621 2535 Croesi
650 2496 819 2534 alicuius
848 2496 1050 2535 ineruditi.
1126 2497 1166 2534 2.
1197 2496 1312 2535 Phot.
1339 2497 1402 2546 12,
1421 2498 1476 2536 20
1506 2494 1641 2548 ἔργον

81 2546 103 2590 ὃ
132 2548 295 2600 μισθός.
354 2549 422 2590 καὶ
457 2552 630 2604 λαβεῖν
668 2549 812 2603 ἔργον
850 2548 900 2590 τὸ
937 2554 1194 2601 μισθῶσαι
1232 2549 1427 2591 ἑαυτόν
1490 2554 1640 2593 victum

81 2620 198 2647 suum
227 2608 372 2647 comice
403 2608 459 2647 sio
488 2608 586 2648 dicit
613 2608 823 2659 parasitus.
930 2610 970 2650 3.
1007 2607 1250 2677 μεμβράδες,
1280 2622 1472 2659 apuarum
1502 2622 1642 2675 genus,

82 2666 177 2704 sunt
211 2664 340 2714 pisces
370 2664 565 2706 vilissimi.
622 2664 750 2704 Arist.
779 2665 898 2716 Vesp.
928 2666 1024 2705 493.
1114 2667 1152 2705 5.
1190 2660 1434 2717 ὀνησιφόρον
1472 2668 1570 2714 mk,
1609 2668 1643 2706 si

82 2721 210 2760 eidem
235 2721 413 2771 parasito
443 2721 645 2761 tribuatur
681 2723 773 2771 post
807 2724 987 2773 κρεῖττον
1020 2715 1075 2773 ἦν
1110 2722 1255 2761 mirum
1287 2722 1329 2761 in
1361 2723 1525 2762 modum
1557 2724 1642 2763 lan·

140 2777 268 2826 dum,
314 2777 430 2816 alteri
468 2790 662 2828 personae
698 2778 803 2817 dedi.
853 2779 923 2818 sed
961 2779 1128 2818 fortasse
1166 2774 1413 2829 ὀνησιφόρον
1454 2772 1505 2828 ἦν
1534 2775 1640 2819 τοῦτ’

81 2847 152 2872 αν.
203 2829 442 2885 ὀνησιφόρος
480 2835 640 2874 serioris
679 2836 740 2874 est
767 2836 1007 2886 graecitatis.
1059 2835 1107 2874 ef.
1136 2835 1274 2885 adesp.
1306 2836 1483 2886 43o,11
1517 2837 1640 2876 Mein.

85 2890 194 2929 Plut.
228 2890 328 2930 Mor.
360 2891 487 2932 555e.
537 2890 700 2930 Lucian.
721 2890 804 2931 Vit.
835 2895 941 2932 auct.
974 2893 1028 2931 26
1059 2894 1160 2931 extr.

153 2960 271 2988 Comici
291 2962 410 2994 graeci.
433 2961 482 2988 ed.
503 2961 564 2988 Th.
584 2961 699 2988 Kook.
731 2962 775 2989 11.
1329 2959 1373 2991 24
