1806 3216
571 186 778 221 ΑΔΗΛΩΝ
803 185 1074 221 Amnum<
1520 183 1601 227 521

330 284 467 332 ἔπειτ’
493 285 831 343 ε’πεθειόρησαν,
863 282 945 331 εἶτ’
967 287 1029 337 εἰς
1059 287 1220 330 ἐλπίδα

331 354 566 399 ἐνέπεσον·
598 353 720 398 οὕτω
751 354 893 409 γίνετ’
917 355 967 399 ἐκ
997 355 1172 398 τούτων
1204 356 1328 410 ἔρως.

156 448 340 490 Clemens
370 450 484 490 Alex.
507 450 654 490 Strom.
677 452 715 500 6,
729 451 770 501 2,
789 451 843 490 23
872 448 1062 500 Φιλήμων
1091 445 1113 488 ὁ
1146 441 1319 500 κωμικὸς
1348 446 1494 502 γράφει
1522 450 1604 488 κτλ.

45 507 82 549 2
115 503 236 546 ἔπειτ’
273 504 424 559 Bent1.]
455 500 543 545 εἶτ’.
642 508 680 546 3.
706 480 899 546 ἰἐνέπεσοι
929 504 1062 558 Sylb.]
1096 503 1300 549 ἐνέπεσαν.
1351 506 1400 546 cf.
1433 506 1606 546 Lobeck.

42 563 192 616 Phryn.
227 564 307 604 724
338 566 381 603 et
409 564 456 602 de
488 564 687 603 sententia.
716 577 835 604 anon.
861 565 939 604 182
973 564 1092 603 Mein.

786 675 864 717 139

274 751 375 796 ἀλλ’
401 754 452 797 ἐν
485 751 622 811 Σάμῳ
651 754 737 809 μὲν
766 756 849 797 τοῦ
881 757 1064 797 λιθίνου
1094 753 1209 809 ζῴου
1240 753 1347 797 ποτὲ

276 819 522 878 ἄνθρωπος
551 820 729 879 ἠράσθη
759 838 846 878 τις,
879 818 959 865 εἶτ’
984 822 1047 873 εἰς
1076 819 1157 864 τὸν
1187 820 1306 864 νεών

279 890 565 934 κατέκλεισεν
595 890 749 934 αὐτόν.

158 985 387 1026 Athenaeus
411 987 476 1033 13,
499 987 596 1025 605.
620 987 644 1026 6
667 984 938 1035 Κλείσοφος.
957 990 1050 1025 ,τοῦ
1081 983 1124 1024 ἐν
1142 983 1270 1053 Σάμῳ
1306 984 1459 1037 Παρίου
1489 980 1611 1037 ἀγάλ-

44 1055 165 1093 ματος
197 1040 385 1093 ἐρασθεὶς
415 1039 664 1081 κατέκλεισεν
683 1039 808 1082 αὑτὸν
838 1040 880 1081 ἐν
902 1057 955 1081 τω
989 1042 1094 1092 ναῶ,
1125 1037 1179 1089 ὦς
1200 1038 1415 1094 πλησιάσαι
1437 1039 1611 1093 δυνησό-

44 1113 189 1151 μενος.
239 1097 332 1140 ,καὶ
361 1095 555 1150 Φιλημων
594 1105 664 1138 τοῦ
694 1096 819 1139 αὐτοῦ
847 1083 1110 1152 μνημονειῖων
1139 1098 1264 1152 φησίν
1294 1101 1376 1139 κτλ.
1471 1102 1506 1138 1.
1536 1096 1612 1148 μὲν

44 1155 132 1210 τοῦ]
163 1154 296 1208 μέντοι
326 1157 472 1196 Naber.
495 1157 640 1196 Mnem
670 1170 762 1197 nov.
784 1157 882 1196 VIII
903 1158 999 1197 412.
1088 1155 1206 1206 ζώιου
1238 1157 1286 1195 A
1341 1154 1487 1205 ξοάνου
1508 1159 1613 1195 recte

49 1213 184 1254 Bentl.
235 1216 324 1253 erat
363 1214 467 1253 enim
503 1214 647 1264 puella.
700 1209 820 1262 ξόανα
856 1217 991 1254 autem
1028 1227 1144 1266 saepe
1183 1214 1304 1253 etiam
1345 1215 1440 1253 sunt
1477 1227 1611 1264 aenea,

45 1283 166 1311 aurea
194 1272 260 1312 vel
289 1271 457 1323 lapidea.
481 1293 530 1299 —
563 1272 612 1310 cf.
645 1271 799 1311 Alexid
821 1272 890 1311 40.

729 1382 821 1425 140.
852 1382 931 1425 141

280 1463 429 1511 καλῶς
458 1462 651 1517 ποιήσας
680 1462 827 1511 καλῶς
857 1459 1094 1511 ὠνείδισας

282 1531 415 1585 ἔργον
445 1532 655 1580 καθεῖλες
685 1531 908 1573 πλουσίου
939 1528 1111 1585 πτωχὸς
1141 1528 1272 1586 λόγῳ.

282 1596 572 1654 καυχώμενος
601 1593 652 1640 τὸ
681 1598 832 1653 δῶρον
863 1595 890 1641 ὃ
919 1598 1116 1648 δέδωκας
1146 1600 1264 1655 φίλῳ

284 1668 401 1724 ἔργῳ
431 1663 680 1722 στρατηγὸς
708 1667 897 1721 γέγονας
928 1667 978 1710 ἐν
1009 1666 1127 1724 λόγῳ
1158 1666 1341 1722 φονεύς.

164 1762 347 1812 Compar.
379 1761 484 1800 Men.
515 1763 556 1800 et
584 1761 687 1800 Phil.
718 1775 756 1812 p.
779 1763 874 1801 360.
981 1763 1017 1800 1.
1049 1759 1219 1812 ποιήσας
1250 1759 1387 1812 Grot.]
1418 1757 1612 1810 πονήσας.

50 1816 194 1872 καλῶς]
226 1814 273 1857 οὔ
303 1819 433 1865 καλῶς
465 1816 575 1857 Grot.
606 1817 643 1856 εἰ
669 1822 802 1864 κακῶς
832 1818 953 1858 Mein.
1021 1813 1069 1857 οὐ
1099 1820 1229 1865 καλῶς
1260 1813 1460 1864 ὀνειδίσας
1491 1817 1616 1859 Dobr.

54 1875 223 1916 Adv.11
244 1875 338 1915 290.
428 1877 467 1913 2.
498 1873 691 1914 πλουσίου
721 1868 874 1926 πτωχὸς
904 1876 954 1915 D.
979 1872 1183 1943 Heinsius]
1214 1870 1406 1913 πλούσιον
1436 1878 1616 1923 πτωχῶν.

50 1935 90 1973 4
130 1929 231 1986 λόγῳ
268 1942 350 1983 στρ.
389 1946 424 1984 γ.
465 1927 524 1969 ω“ν
566 1930 665 1985 ἔργῳ
705 1947 749 1980 φ.
779 1933 903 1974 Dobr
972 1929 1069 2000 ἔργῳ
1103 1928 1302 1984 ’παρωγὸς
1341 1932 1402 1971 vel
1450 1928 1616 1983 χορηγὸς

52 1990 259 2031 Herwerd.
299 1989 445 2030 Mnem.
484 2001 576 2028 nov.
606 1989 664 2028 VI
702 1990 768 2029 73.
825 1990 943 2029 scrib.
985 1987 1101 2041 ἔργου
1140 1988 1406 2040 κρατίστου
1453 1985 1617 2040 γέγονας

54 2045 99 2087 ἕν
129 2048 162 2085 λ.
194 2060 237 2095 φ.
290 2045 340 2085 cf.
376 2047 470 2085 176

166 2115 248 2143 non
269 2103 456 2142 videntur
475 2102 600 2142 Attici
631 2106 771 2153 poetae
801 2116 885 2143 esse
904 2103 1117 2143 Meinekio.
1162 2116 1244 2142 non
1273 2105 1380 2142 recte
1411 2114 1499 2141 meo
1530 2101 1615 2152 qui·

53 2162 145 2200 dem
174 2160 334 2206 iudicio,
366 2160 580 2199 dummodo
607 2162 713 2199 recte
745 2161 1019 2200 emendentur.
1043 2183 1098 2188 —
1121 2161 1156 2201 2.
1178 2158 1295 2212 ἔργον
1323 2154 1482 2211 ἀγαθὸν
1511 2160 1615 2196 καθ-

52 2220 156 2257 ελεῖν
185 2217 373 2256 dicuntur
404 2217 439 2255 ei
470 2217 540 2267 qui
570 2217 848 2256 liberalitatem
871 2230 914 2256 re
936 2220 1129 2267 exercent,
1163 2230 1257 2256 voce
1279 2219 1321 2255 et
1341 2215 1618 2266 exprobrando

52 2273 243 2315 beneficia
272 2272 512 2313 rescindunt.
587 2287 609 2312 a
638 2287 674 2313 v.
699 2275 723 2313 3
755 2275 926 2313 alterum
956 2275 1129 2324 incipere
1162 2274 1430 2324 fragmentum
1462 2272 1620 2311 monuit

53 2331 268 2372 Dobraeue.

802 2383 882 2426 142

286 2462 461 2516 βουνὸν
493 2461 567 2506 ἐπὶ
596 2463 738 2519 ταύτῃ
769 2460 1037 2517 καταλαβών
1067 2460 1163 2505 ἅνω
1193 2461 1295 2504 τινά
1324 2487 1379 2493 ——

290 2533 337 2574 B.
369 2532 435 2581 τίς
464 2526 565 2574 ἔσθ’
590 2528 614 2573 ὁ
643 2530 830 2585 βουνός;
874 2530 951 2573 ἵνα
982 2532 1138 2587 σαφῶς
1167 2541 1253 2572 σου
1283 2527 1515 2585 μανθάνω.

171 2625 423 2687 Phrynichus
454 2625 562 2676 Epit.
594 2626 676 2664 355
713 2622 883 2692 βουνός·
924 2620 1071 2665 deusta
1106 2619 1132 2674 ἡ
1173 2621 1291 2675 φωνὴ
1322 2623 1391 2674 τῆς
1420 2618 1619 2672 Ἀττικῆς·

57 2682 125 2722 καὶ
163 2680 239 2734 γὰρ
268 2675 388 2728 αυτὸς
417 2677 439 2719 ὁ
470 2679 717 2750 χρησαμενος
747 2685 800 2736 τῷ
831 2676 1007 2732 ὀνόματι,
1038 2679 1172 2728 συνεὶς
1204 2679 1324 2729 ξένως
1356 2676 1526 2733 (ξένῳῗ)
1557 2692 1621 2718 κε-

59 2737 273 2790 χρημένος,
312 2737 546 2787 σημαίνεται
582 2734 637 2785 ὡς
667 2722 834 2788 ἀσαφῶς
865 2735 1160 2790 διαλεγόμενος·
1200 2735 1379 2783 εἰπόντος
1409 2735 1485 2789 γάρ
1516 2749 1622 2783 τινος

61 2793 119 2850 (v.
147 2796 184 2847 1)
226 2792 246 2834 ὁ
285 2793 689 2864 προσδιαλεγόμενος,
734 2791 781 2834 οὐ
818 2794 952 2842 συνεὶς
982 2793 1024 2834 τὸ
1057 2792 1170 2858 ξένον
1199 2798 1271 2832 τοῦ
1301 2789 1492 2845 ὀνόματός
1523 2802 1624 2843 φησι

59 2854 116 2907 (v.
133 2853 213 2903 2).
262 2848 307 2893 ,ὅ
340 2848 379 2891 δ’
404 2845 477 2891 οὖν
507 2850 741 2903 κεχρημένος
772 2857 826 2891 τῶ
854 2849 1002 2904 βουνὸς
1024 2846 1186 2903 ὀνόματι
1204 2848 1395 2902 Φιλήμων
1415 2848 1534 2900 ἐστίν,
1566 2843 1622 2896 εἷς
