1890 3190
635 184 815 221 u'rpoz
840 204 883 211 -
908 185 1073 221 κΑΡΕε
1581 185 1639 229 55

742 310 965 347 KAINETz

180 393 243 435 De
273 392 424 434 anneo
453 393 517 433 vel
549 391 717 433 anm‘de
747 393 796 434 cf.
827 393 992 435 Pindar.
1025 394 1073 432 fr.
1097 393 1175 432 144
1208 393 1354 444 Bergk.
1405 393 1511 432 Plut.
1534 392 1635 432 Mor.

0 443 1 505 l
72 451 180 492 105⁷
195 449 263 493 do.
313 450 500 501 Aponon.
531 449 657 489 Rhod.
692 450 736 500 ι,
759 450 812 489 59
829 462 887 499 sq
940 449 1062 501 νοις.
1092 450 1193 489 Aen.
1227 451 1272 500 6,
1295 450 1379 490 448
1420 462 1509 489 cum
1540 450 1631 489 adn.

0 510 1 515 ’
68 507 212 549 Servii.
262 506 382 548 Ovid.
414 506 510 546 Met.
546 507 612 557 12,
635 507 715 545 172
732 519 793 556 sq.
825 511 865 545 et
895 506 1032 545 454-—
1039 507 1134 546 531.
1187 507 1353 546 Preller.
1388 506 1518 558 Myth.
1549 503 1634 559 gr.²

67 564 110 606 11
141 566 207 604 11.
228 565 296 604 20.
347 562 482 603 fabula
512 563 631 603 etiam
663 563 712 602 ab
742 562 966 603 artificibus
996 563 1225 614 saepissime
1258 565 1568 614 repraesentata.
1621 616 1623 618 -

811 672 892 715 112

379 750 462 796 ειτ’
482 752 648 809 ηδηλος
677 751 847 808 φιάλην
876 749 927 795 τὸ
959 749 1102 795 ὅπλον
1120 750 1313 809 Ἄρεως,

377 819 488 865 κατὰ
526 819 766 877 Τιμόθεον,
797 818 965 872 ξυστόν
996 836 1044 864 τε
1072 820 1217 877 βέλος.

183 917 415 957 Athenaeus
448 916 513 965 10,
533 915 652 955 4330
690 910 765 954 οὐκ
801 911 856 954 ἃν
891 908 1064 966 ἁμάρτοι
1100 913 1143 955 δέ
1178 930 1237 964 τις
1268 914 1336 955 καὶ
1365 914 1410 955 τὸ
1440 913 1634 967 ποτήριον

64 970 190 1015 αὐτοῦ
212 970 461 1041 (Νέστορος)
471 969 595 1024 λέγων
615 969 768 1024 φιάλην
779 969 941 1024 ’Ἀρεως,
973 968 1074 1012 κατὰ
1094 970 1166 1012 τὸν
1182 965 1444 1022 Ἀντιφάνους
1464 971 1632 1019 Καινέα,

65 1028 110 1071 ἕν
147 1024 185 1087 ω
221 1027 373 1082 λέγεται
412 1026 540 1077 οὕτως
580 1030 662 1068 κτλ.
723 1030 893 1070 Aristot.
927 1029 1039 1069 Poet.
1062 1031 1114 1069 21
1149 1027 1248 1082 λέγω
1276 1027 1321 1069 δὲ
1358 1024 1447 1069 οἷον
1483 1027 1631 1095 ὁμοίως

65 1071 163 1141 ἔχει
173 1085 297 1138 φιάλη
326 1084 424 1139 πρὸς
455 1084 678 1138 Διόνυσον,
723 1083 792 1126 καὶ
819 1081 935 1133 άσττις
966 1080 1064 1136 πρὸς
1087 1085 1237 1138 ’Ἀοην·
1284 1085 1371 1136 ἐρεῖ
1393 1086 1529 1126 τοίνυν
1558 1081 1632 1138 την

65 1142 218 1197 φιάλην
245 1139 398 1183 ἀσπίδα
419 1141 625 1183 Διονύσου
654 1139 721 1182 καὶ
752 1137 826 1194 τὴν
853 1139 1003 1181 ἀσπίδα
1025 1141 1175 1194 φιάλην
1186 1141 1349 1196 ”.Αρεως
1396 1145 1445 1184 cf.
1467 1144 1631 1185 Rhetor.

66 1205 110 1252 3,
131 1204 159 1243 4
179 1203 296 1253 extr„
327 1201 398 1241 ubi
427 1200 583 1241 codices
604 1194 745 1251 ”Apsos
771 1212 845 1251 pro
867 1197 1040 1265 Ἄρεως,
1072 1204 1114 1240 et
1142 1201 1418 1241 Anaxandrid.
1441 1203 1510 1241 80.

179 1260 238 1300 sie
265 1261 313 1298 ut
342 1270 462 1309 supra
491 1258 684 1309 seriptum
714 1258 765 1297 A.
866 1249 909 1296 τὸ
937 1254 1062 1298 ὅπλον
1091 1258 1200 1298 delet
1224 1258 1434 1309 Koppiers.
1467 1258 1634 1300 Observ.

65 1318 134 1358 40.
197 1312 366 1368 Ἄρεως]
386 1311 528 1362 ’Ἀρεος
557 1315 680 1355 Mein,
754 1314 871 1354 initio
900 1311 986 1369 ᾔτει
1017 1311 1055 1352 δ’
1079 1312 1186 1367 ἥρως
1217 1315 1431 1366 Tyrwhitt.
1463 1315 1635 1355 Aristot.

27 1392 29 1394 ·
66 1374 179 1414 Poet.
210 1386 251 1424 Ρ.
269 1373 362 1414 176.
412 1365 485 1410 εἶτ’
508 1369 590 1423 ἤδη
620 1369 690 1419 δὸς
721 1371 946 1421 Emperius.

178 1430 228 1469 de
240 1430 434 1470 Timotheo
454 1432 573 1479 poeta
593 1430 634 1468 et
648 1429 877 1468 citharoedo
898 1428 947 1468 cf.
957 1429 1141 1468 Pherecr.
1157 1430 1249 1480 145,
1262 1430 1330 1468 21.
1353 1429 1582 1471 Anaxandr.
1595 1423 1634 1469 6'.

65 1487 218 1539 Diphil.
242 1488 308 1526 77.
358 1486 532 1526 dubitari
559 1498 642 1526 non
671 1486 807 1537 potest
826 1485 923 1536 quin
944 1486 1212 1538 fmgmentum
1233 1486 1377 1525 misere
1403 1488 1633 1537 corruptum

66 1558 114 1584 ex
133 1543 512 1584 Centauromachiae
532 1543 700 1594 parodia
719 1544 948 1593 excerptum
970 1544 1035 1584 sit.
1068 1544 1268 1582 senssentia
1288 1544 1429 1583 saltem
1450 1544 1634 1595 intellegi

68 1599 235 1652 poterit,
277 1601 311 1640 si
349 1613 448 1651 quae
485 1600 722 1640 exciderunt
759 1601 816 1639 ita
853 1599 935 1640 fere
974 1601 1164 1651 suppleas
1201 1595 1434 1654 (ἀντίπαλος
1464 1597 1636 1655 τούτοις)

66 1656 183 1709 ἔστη
205 1655 424 1708 Πηλεύς,
454 1652 604 1707 φιάλην
614 1654 755 1709 ’Ἀρεος
785 1653 885 1695 κατὰ
920 1654 1124 1708 Τιμόθεον
1153 1654 1300 1706 ξυστόν
1329 1671 1369 1696 τε
1395 1655 1508 1709 βέλος
1535 1657 1635 1708 (χερ-

71 1713 137 1754 σὶν
176 1713 353 1766 νωμῶν).
413 1714 464 1754 of.
496 1713 613 1754 Ovid.
645 1715 743 1754 Met.
778 1714 848 1764 12,
873 1715 954 1753 366
972 1727 1033 1765 sq.
1098 1716 1217 1764 atque
1246 1711 1340 1765 ἔστη
1370 1714 1449 1753 iam
1479 1714 1632 1754 Iacobs.

67 1774 173 1812 teste
201 1770 423 1811 Dindorfio.

763 1870 928 1904 ΚΑΡΕΣ

826 2025 909 2083 οὐχ
939 2023 1047 2084 ὁρᾷς
1076 2025 1360 2084 ὀρχούμενον

336 2104 432 2147 ταῖς
461 2095 586 2151 χερσὶ
615 2093 695 2139 τὸν
724 2095 947 2151 βάκηλον;
979 2094 1082 2139 οὐδ’
1100 2095 1361 2152 αἰσχύνεται

338 2158 363 2207 6
393 2162 474 2207 τὸν
497 2162 789 2220 (Ηράκλειτον
819 2165 959 2207 πᾶσιν
990 2161 1310 2221 ἐξηγούμενος,

340 2230 365 2275 6
395 2230 478 2288 τὴν
501 2230 752 2275 Θεοδέκτου
781 2231 919 2288 μόνος
948 2230 1214 2289 ἄνευρηκοις
1242 2233 1418 2291 τέχνην,

290 2309 310 2342 5
343 2298 367 2343 6
394 2298 449 2343 τὰ
478 2299 702 2356 κεφάλαια
731 2299 1012 2356 συγγράφων
1043 2298 1285 2358 Εὐριπίδῃ.

183 2396 414 2436 Athenaeus
435 2395 610 2446 4,134b
637 2388 880 2445 Ἀντιφάνης
910 2391 955 2433 ἐν
974 2393 1106 2445 Καρσὶ
1137 2393 1235 2434 κατὰ
1266 2389 1308 2435 τὸ
1325 2392 1508 2436 Ἀττικὸν
1532 2395 1628 2444 ἔθος

66 2452 135 2504 τῆς
173 2447 371 2504 ὀρχήσεως
409 2450 594 2505 κωμῳδεῖ
619 2465 709 2490 τινα
739 2451 819 2490 τῶν
849 2456 989 2502 σοφῶν
1017 2448 1081 2500 ὥς.
1102 2448 1211 2504 παρὰ
1244 2451 1408 2492 δεῖπνον
1434 2448 1628 2506 ὀρχούμε-

67 2523 153 2561 νον,
184 2506 304 2560 λέγων
334 2505 459 2554 οὕτως
489 2510 568 2547 κτλ.
665 2520 703 2548 ι.
729 2510 764 2547 1.
788 2509 812 2547 2
843 2508 1027 2549 Eustath.
1062 2510 1154 2561 159,
1176 2510 1230 2549 45
1261 2507 1425 2557 ἀστείως
1456 2507 1477 2550 6
1509 2524 1627 2578 κωμι-

64 2563 137 2613 κὸς
170 2562 413 2616 Ἀντιφάνης
450 2559 650 2604 ἀνάπαλιν
683 2562 783 2616 πρὸς
820 2562 864 2604 τὸ
901 2560 1104 2617 ὠρχήσατο
1139 2564 1319 2606 σκέλεσιν
1348 2564 1427 2618 ἔφη
1458 2564 1501 2606 τὸ
1535 2561 1631 2618 εοὐχ

65 2617 163 2691 ὁρᾷς
193 2644 247 2651 -
274 2621 486 2674 βάκηλονζ
545 2622 759 2673 Phrynich.
791 2622 901 2673 Epit.
931 2623 1013 2662 272
1057 2622 1241 2674 σημαίνει
1283 2618 1304 2662 ὁ
1343 2622 1516 2675 βάκηλος
1562 2621 1635 2663 τὸν

65 2661 387 2730 ἀπὀτετμημένον
416 2676 462 2717 τὰ
492 2676 648 2728 αἰδοῖα,
678 2674 728 2718 ὃν
758 2677 930 2719 Βιθυνοὶ
960 2677 1027 2718 καὶ
1054 2675 1231 2719 Ἀσιανοὶ
1262 2675 1417 2719 Γάλλον
1446 2682 1628 2720 καλοῦσι.

68 2736 121 2777 of.
151 2736 310 2776 Alexid.
335 2737 428 2776 100.
480 2736 705 2776 Tribaaebus
733 2736 937 2776 comoedia
965 2739 1027 2777 est
1056 2736 1129 2777 Cn.
1160 2737 1303 2777 Naevii
1319 2734 1404 2802 (0.
1436 2738 1630 2778 Ribbeck.

69 2792 181 2833 Gom.
212 2790 348 2833 Rom.²
368 2805 410 2842 p.
429 2790 516 2843 23),
548 2805 595 2831 ex
624 2805 765 2844 graeco
796 2796 842 2833 ut
870 2793 1030 2834 videtur
1058 2794 1266 2836 translata..
1312 2786 1517 2845 ὀρχεῖσθαι
1547 2797 1634 2842 ταῖς

74 2848 210 2902 χερσίν
238 2845 437 2890 Meinekio
474 2848 602 2889 iudice
638 2849 673 2890 is
703 2850 849 2891 dieitur
879 2851 948 2901 qui
979 2862 1079 2902 quae
1109 2850 1287 2902 loquimr
1315 2864 1503 2892 manuum
1535 2864 1633 2905 quo·
