1864 3204
571 203 696 238 ARPA
721 221 766 228 —
789 202 1241 237 ΑΠΕΛΑΤΝΟΜΕΝΟΣ
1614 199 1695 242 221

132 311 170 351 3.
199 304 307 362 παρὰ
338 311 381 348 et
410 309 450 349 4.
482 305 550 348 καὶ
577 303 642 360 ἀγ.
676 308 725 348 A.
829 308 869 347 5.
902 309 1048 346 τιλιτον
1076 308 1128 346 A.
1235 308 1274 347 6.
1306 303 1329 346 ὅ
1389 302 1498 345 ὀὐκ
1529 305 1699 346 Oasaub.

134 367 172 406 7.
203 366 260 406 sic
289 367 340 406 A.
372 370 490 414 τριῶν
519 363 798 411 κατεσθίοντες
828 361 922 403 οὐδὲ
951 362 1108 403 δώδεκα
1140 360 1205 418 (ac
1235 359 1392 402 δωδεκοὶ
1422 377 1465 417 γε
1486 359 1581 416 ΡΒ)
1603 363 1699 402 Por-

130 435 218 463 son.
250 423 353 462 Adv‚
386 424 452 462 67.
505 419 555 472 νὴ
587 420 666 460 Δία
697 420 798 473 (pot
830 419 885 472 μὰ
918 418 986 475 Δ.)
1023 426 1143 473 τριῶν
1172 423 1254 461 κτλ.
1286 421 1407 460 Mein.
1458 424 1579 469 τριῶν
1608 433 1700 459 κατ-

130 477 334 526 εσθίοντες
364 476 479 526 ὄντες
510 476 666 518 δωδεκα
688 477 827 520 Cobet.
846 479 897 517 N.
919 479 946 518 1.
969 480 1021 518 37
1055 478 1154 518 conl.
1176 478 1386 529 Hermipp.
1407 478 1475 528 45,
1494 479 1543 517 3.
1572 477 1698 517 Arist.

129 536 252 588 Vesp.
275 538 368 576 693.
407 536 500 576 fort.
523 540 644 586 τριῶν
663 531 871 582 ε’δεστᾶς
896 532 1161 582 ἑστιῶντες
1182 533 1350 574 δώδεκα.
1399 534 1451 573 cf.
1476 535 1698 584 Antiphan-

131 595 199 642 26,
223 594 288 635 15.
333 593 526 632 Herodot.
559 594 599 640 3,
623 594 689 632 99.

246 650 296 689 de
317 650 561 690 salsamento
576 648 777 689 Gaditano
807 649 858 688 cf.
879 649 1026 699 Eupol.
1047 650 1141 688 186.
1175 648 1394 699 Antiphan
1414 650 1481 697 77,
1514 649 1564 688 de
1584 649 1700 703 τιλτῷ

128 707 230 747 Plat.
262 719 362 747 com.
399 709 492 747 193.
543 708 647 746 est‘
663 707 1000 756 desquamatum’.
1034 706 1154 745 Mein.
1206 706 1379 756 Hesych.
1412 701 1561 744 τιλτόν·
1595 689 1699 751 εἶδος

129 762 318 816 ταριχίου.

898 840 926 882 6
1213 878 1216 880 ,

703 912 750 962 τί
776 913 863 962 οὖν
895 916 1122 974 ἄγοροὶζω;
1155 916 1295 975 φράζε
1323 918 1424 974 γάρ.

302 990 352 1030 Β.
392 986 451 1043 μὴ
485 989 767 1041 πολυτελῶς,
800 984 916 1029 ἀλλὰ
947 989 1230 1042 καθαρείως,
1262 987 1526 1041 δασύποδα,

303 1054 386 1098 ἐὰν
415 1055 677 1112 περιτύχῃς,
709 1051 938 1110 ἀγόρασον
969 1054 1043 1097 καὶ
1074 1057 1251 1110 νηττία,

304 1121 451 1166 ὁπόσα
480 1124 538 1166 σύ
568 1123 750 1178 βούλει,
782 1123 857 1166 καὶ
888 1125 1044 1178 κίχλας
1074 1123 1150 1165 καὶ
1183 1125 1424 1179 κοψίχους,

255 1202 276 1232 5
309 1189 554 1247 ὀρνιθάριά
583 1207 631 1235 τε
661 1194 753 1234 τῶν
782 1189 955 1246 ἀγρίων
985 1191 1161 1246 τούτων
1191 1191 1358 1247 συχνοὶ·

305 1259 461 1315 χάριεν
489 1259 590 1316 γάρ.

244 1336 471 1383 Αἰὴθιιιιειιε
493 1344 532 1394 2,
550 1343 642 1383 65ᾶ
673 1340 948 1395 Νικόστρατος
978 1339 1007 1394 ἢ
1035 1340 1266 1395 Φιλέταιρος
1288 1345 1368 1383 κτλ.
1422 1344 1472 1382 ad
1491 1343 1699 1394 Antyllum

129 1401 291 1440 rettulit
319 1401 441 1439 Mein.
462 1400 482 1439 I
503 1401 599 1440 347.
690 1401 726 1439 1.
750 1395 934 1453 ἀγοράσω
954 1400 1079 1440 Dobr.
1170 1402 1208 1441 6.
1240 1395 1377 1450 χάριεν
1406 1398 1482 1451 γάρ
1505 1400 1694 1453 Casaub.]

129 1455 282 1510 χαίρειν
310 1453 385 1510 γάρ
414 1457 499 1497 cod.
531 1457 666 1508 Steph.
700 1471 762 1509 ap.
787 1456 954 1498 casaub.
993 1456 1145 1509 χαίρειν
1165 1456 1237 1497 BC
1247 1458 1297 1497 D.
1348 1458 1397 1498 ef.
1430 1458 1577 1497 Eubul.
1603 1460 1696 1497 110.

881 1667 1040 1712 οὔποτ’
1065 1665 1203 1720 αὖθις

598 1739 767 1793 σηπίαν
797 1735 885 1780 ἀπὸ
915 1739 1118 1793 τηγάνου

595 1806 866 1862 τολμήσαιμι
897 1813 1063 1861 φαγεῖν
1093 1804 1243 1862 μόνος.

243 1871 473 1942 Athenaeus
505 1901 689 1949 3,1080
717 1897 879 1967 ἤσθιον
918 1896 960 1938 δὲ
991 1898 1058 1938 καὶ
1087 1898 1326 1952 ταγηνιστὰς
1358 1900 1518 1950 σηπίας
1569 1900 1698 1940 Νικό-

129 1967 293 2027 στρατος
323 1974 349 2009 η
384 1954 614 2008 Φιλέταιρος
645 1954 690 1995 ἕν
717 1951 913 2023 Ἀντύλλῳ
943 1956 1068 2007 φησίν
1097 1959 1178 1996 κτλ.
1256 1959 1292 1999 1.
1325 1954 1467 1997 οὔποτ’
1490 1954 1545 1996 o't'v
1574 1952 1698 2006 αὖθις

129 2008 181 2054 αὖ
212 2015 375 2055 Porson.
426 2009 611 2053 οὐδέποτ’
633 2007 759 2061 αὖθις
791 2029 844 2052 αν
873 2015 995 2053 Mein.
1115 2015 1154 2053 2.
1186 2013 1331 2065 σηπίας
1364 2037 1413 2043 —-
1445 2012 1563 2064 μένος
1593 2016 1699 2055 idem

129 2072 247 2112 Anal.
279 2072 376 2111 Ath.
407 2073 475 2110 49.
523 2071 737 2111 infeliciter
766 2071 1049 2122 Bernhardyus
1079 2071 1281 2110 Eratosth.
1313 2085 1352 2122 p.
1378 2073 1456 2110 142
1489 2073 1696 2112 trimetros

130 2129 342 2168 restituere
372 2130 538 2168 conatus
568 2131 643 2168 est.
674 2141 813 2168 versus
844 2130 890 2167 ut
919 2141 1040 2178 Supra
1069 2128 1219 2167 factum
1241 2131 1300 2168 est
1322 2129 1507 2169 distinxit
1528 2129 1695 2172 Seidler,

129 2185 180 2224 V.
213 2186 250 2224 d.
283 2186 379 2224 110.

689 2285 1142 2320 ΑΠΕΛΑΤΝΟΜΕΝΟΣ

248 2368 480 2406 Amatorem
510 2367 588 2406 diei
620 2367 804 2407 existimo
836 2379 859 2405 a
887 2367 1022 2417 puella
1052 2367 1267 2407 exclusum.

897 2499 923 2542 8

319 2570 372 2621 εὖ
399 2576 444 2633 γ’
467 2576 652 2632 ἄνδρες,
685 2569 737 2620 εὖ
768 2576 954 2633 σφόδρ’·
987 2576 1102 2621 ἀλλὰ
1130 2577 1223 2635 μήν
1252 2581 1307 2635 τῇ
1335 2579 1509 2636 ματτύῃ

318 2644 436 2688 οὕτω
467 2646 673 2701 διαθήσω
704 2642 758 2688 τὰ
786 2643 898 2700 μετὰ
929 2644 1082 2700 ταῦθ’,
1114 2644 1222 2690 ὥστ’
1246 2651 1395 2702 οἴομαι

318 2710 417 2757 οὐδ’
439 2711 580 2756 αὐτὸν
610 2711 720 2768 ἡμῖν
750 2716 914 2758 τοῦτον
943 2713 1150 2770 ἀντερεῖν
1181 2717 1258 2758 ἔτι.

246 2808 476 2847 Athenaeus
510 2808 579 2858 14,
603 2809 685 2847 664
703 2809 757 2848 be
794 2804 857 2847 ὅτι
886 2805 930 2848 δὲ
960 2806 1174 2848 ὕστατον
1203 2806 1270 2847 καὶ
1300 2806 1380 2847 ἐπὶ
1410 2812 1564 2847 πᾶσιν
1595 2809 1694 2849 εἰσ-

132 2862 340 2916 εφέρετο
362 2859 566 2918 (ματτύη),
589 2861 861 2917 Νικόστρατός
883 2877 1009 2916 φησιν
1030 2862 1073 2904 ἐν
1088 2861 1425 2919 Ἀπελαυνομένῳ.
1456 2863 1695 2919 μάγειρος
