1806 3216
0 0 217 151 W,

0 154 34 256 s
593 202 801 238 ΑΔΗΛΩΝ
825 202 1094 238 ΔΡΑΜΑΤΩΝ
1545 199 1631 246 505

235 296 335 348 οἷον
362 302 585 360 τέθνηκεν
614 301 713 354 υίὸς
740 302 770 360 ἢ
798 303 944 360 μήτηρ
973 306 1083 359 τινί,

236 367 265 427 ἦ
295 370 352 428 νὴ
385 369 463 415 Δί’
486 369 639 415 ἄλλων
668 374 761 416 τῶν
790 370 1050 427 ἀναγκαίων
1078 372 1133 428 γέ
1159 387 1247 424 τις·

186 448 207 482 5
237 435 295 483 ἄν
324 440 408 495 μὲν
438 438 553 496 λάβῃ
583 439 711 483 τοῦτ’
742 438 978 494 *ἅπέθανᾎ
1010 438 1256 496 ἅνθρωπος
1285 441 1374 496 γὰρ
1403 433 1494 496 ἦν,’

235 510 426 551 τοσοῦτο
456 509 614 563 γέγονε
644 507 695 551 τὸ
724 509 868 551 κακὸν
896 506 1057 563 ἡλίκον
1086 523 1171 563 περ
1199 503 1271 564 ἦν.

238 575 320 620 ἐὰν
350 574 393 618 δ’
427 574 640 632 *ἀβίωτος
670 574 694 619 ὁ
723 578 843 632 βίος,
875 574 960 619 οὐκ
991 574 1053 620 ἔτ’
1076 574 1264 631 ὄψομαι,

237 641 470 699 ἀπόλωλ’,’
504 644 556 687 ἐν
587 643 731 701 ἑαυτῷ
760 642 885 687 τοῦτ’
908 643 991 687 ἐάν
1021 647 1191 701 σκοπῇ,
1223 643 1339 687 κακοὶ

236 713 350 767 πρὸς
378 720 471 763 τοῖς
500 719 656 764 κακοῖς
685 705 818 764 οὗτος
846 712 976 768 ἕτερα
1007 713 1229 768 συλλέγει.

170 790 212 822 10
242 778 266 824 ὁ
297 780 348 824 δὲ
377 784 438 837 τῷ
469 783 667 838 λογισμῷ
697 782 846 824 πάντα
875 779 986 836 παρ’
1009 780 1153 838 ἑαυτῷ
1184 782 1370 824 σκοπῶν

237 846 290 892 τὸ
319 848 459 892 κακὸν
490 845 699 904 ἀφαιρεῖ,
730 847 935 904 τάγαθὸν
965 849 1015 891 δὲ
1047 849 1280 906 λαμβάνει.

183 943 376 983 stobaeus
406 944 547 983 Floril.
571 945 728 994 108‚33
759 941 985 995 Φιλήμονος
1016 945 1066 986 A.
1140 945 1178 983 5.
1209 939 1264 982 ἂν
1295 941 1434 997 Mein]
1466 942 1509 983 εἰ.
1542 940 1630 984 ὁΑ.

66 997 190 1055 λάβῃ]
221 1001 319 1055 λαλῇ
350 1000 497 1051 Bentl„
531 1001 636 1051 quod
657 1001 980 1051 ‘nonnumquam
1002 1003 1066 1040 est
1085 1001 1282 1041 dictitare’
1306 1002 1427 1040 Mein.
1500 997 1627 1051 τοῦτ’]

65 1053 145 1097 τότ’
165 1057 214 1097 Κ.
304 1059 342 1097 6.
374 1063 538 1096 τοσοῦτο
567 1055 719 1111 Bentl.]
751 1063 951 1097 τοσοῦτον.
1032 1059 1071 1098 7.
1102 1054 1142 1096 δ’
1170 1070 1246 1107 om.
1265 1058 1312 1098 A.
1381 1060 1420 1097 8.
1452 1052 1628 1096 ἀπόλωλ’

66 1109 289 1170 (ἀπόλωλα)
320 1114 472 1156 Iacobs.
503 1115 609 1155 Add.
631 1115 727 1155 Ath.
746 1112 818 1168 57]
848 1111 1063 1154 ἀπόλωλεν.
1152 1112 1254 1152 κακὰ
1286 1116 1328 1154 in
1358 1128 1395 1154 v.
1419 1116 1444 1154 8
1476 1128 1523 1154 ex
1552 1114 1631 1154 fine

65 1185 103 1212 v.
126 1173 150 1211 9
191 1171 400 1211 transtulit
436 1172 589 1211 Iacobs.
685 1173 721 1211 9.
760 1174 944 1210 κακοῖσιν
981 1171 1133 1211 Iacobs.
1232 1173 1258 1211 8
1288 1176 1328 1211 et
1358 1173 1382 1210 9
1421 1172 1632 1211 concidens

64 1223 255 1279 ἀπόλωλ’,
285 1225 396 1276 ἕτερα
426 1232 610 1268 κακοῖσιν
638 1222 754 1276 οὗτος
785 1225 960 1281 συλλέγει
991 1228 1037 1269 Ο.
1060 1229 1192 1268 Hense
1211 1229 1321 1268 Lect.
1341 1229 1452 1269 Stob.
1473 1230 1539 1271 10.
1564 1231 1628 1267 11.

63 1287 251 1325 neutrum
282 1299 417 1325 verum
451 1288 525 1334 est,
557 1286 626 1326 sed
655 1282 755 1336 πρὸς
785 1288 868 1333 τοῖς
898 1288 1037 1332 κακοῖς
1068 1289 1172 1332 τοῖς
1203 1279 1350 1324 οὖσιν
1379 1282 1488 1337 ἕτερα
1519 1287 1628 1324 συλλ.

181 1343 219 1381 2.
250 1344 422 1383 contulit
451 1344 672 1383 Meinekius
695 1343 816 1393 Soph.
839 1343 939 1385 Phil.
962 1344 1029 1382 79.
1063 1343 1159 1382 Eur.
1181 1342 1322 1382 Bacch.
1345 1342 1440 1382 896.
1473 1342 1630 1382 Alexid.

69 1400 162 1451 156,
185 1401 223 1439 7.
268 1399 413 1440 Baton.
445 1401 483 1448 2,
506 1401 545 1440 8.
822 1453 875 1496 91

271 1531 326 1575 ὃν
356 1530 464 1576 οὐδὲ·
497 1527 560 1584 εἷς
591 1533 784 1589 λέληθεν
815 1530 923 1576 οὐδὲ
955 1531 1004 1574 ἓν
1034 1534 1193 1587 ποιῶν,

271 1598 375 1643 οὐδ’
397 1594 455 1643 αὖ
485 1601 703 1657 ποιήσων,
735 1599 841 1644 οὐδὲ
872 1598 1126 1655 πεποιηκώς
1156 1599 1320 1654 πάλαι,

271 1666 378 1712 οὔτε
406 1667 515 1720 θεὸς
545 1667 639 1712 οὔτ’
663 1666 928 1724 ἅνθρωπος,
961 1660 1094 1717 οὗτός
1124 1666 1212 1723 εἰμ’
1237 1667 1348 1723 ἐγώ,

266 1735 395 1793 Ἀήρ,
427 1734 481 1779 ὃν
510 1736 568 1780 ἄν
597 1753 664 1788 τις
693 1735 934 1791 ὀνομάσειε
965 1736 1041 1779 καὶ
1072 1737 1177 1778 Δία.

220 1815 240 1846 5
273 1803 358 1860 ἐγώ
389 1803 447 1855 δ’,
479 1803 506 1847 ὃ
533 1808 647 1848 θεοῦ
672 1802 791 1847 ’στιν
820 1805 970 1859 ἔργον,
1003 1803 1091 1860 εἰμὶ
1122 1806 1375 1858 πανταχοῦ,

272 1871 460 1916 ἐνταῦθ’
484 1873 535 1916 ἐν
563 1871 795 1929 Ἀθήναις,
828 1872 879 1915 ἐν
909 1874 1135 1928 Πάτραις,
1169 1870 1221 1914 ἐν
1251 1874 1462 1928 Σικελίᾳ,

275 1942 327 1985 ἐν
356 1948 452 1992 ταῖς
482 1941 638 1985 πόλεσι
668 1940 899 1996 πάσαισιν,
932 1940 984 1983 ἐν
1013 1947 1110 1991 ταῖς
1139 1940 1303 1991 οἰκίαις

275 2009 459 2064 πάσαις,
492 2008 543 2052 ἐν
573 2007 683 2066 ὑμῖν
713 2011 873 2052 πᾶσιν·
906 2004 992 2051 οὐκ
1023 2009 1146 2052 ἔστιν
1173 2006 1330 2062 τόπος,

273 2070 329 2120 οὗ
358 2077 420 2133 μή
446 2076 561 2121 ’στιν
587 2075 714 2133 Ἀήρ·
747 2074 771 2119 ὁ
801 2077 850 2120 δὲ
881 2074 1040 2131 παρών
1069 2074 1331 2132 ἁπανταχοῦ
1412 2124 1418 2129 ,

203 2155 246 2187 10
275 2143 408 2189 πάντ’
431 2144 477 2198 ἐξ
507 2143 705 2201 ἀνάγκης
733 2141 829 2188 οἶδε
858 2147 1090 2199 πανταχοῦ
1120 2143 1292 2199 παρών.

181 2239 375 2280 Stobaeus
405 2240 541 2292 Eclog.
566 2242 604 2289 1,
629 2243 649 2279 1
669 2236 747 2294 (2),
770 2240 823 2279 32
855 2243 896 2279 et
929 2242 965 2291 1,
987 2241 1051 2288 10,
1077 2241 1129 2278 10
1160 2238 1357 2277 Wachsm.
1389 2235 1629 2288 Φιλήμονος.

68 2310 105 2338 v.
131 2298 239 2335 1—4
269 2297 364 2336 Vita
393 2297 507 2336 Arati
526 2297 567 2336 H
595 2298 677 2337 438
709 2296 751 2335 οἰ
775 2293 820 2335 δὲ
850 2294 935 2335 Δία
965 2292 1036 2334 τὸν
1064 2291 1160 2345 άέρα
1189 2290 1432 2341 ἀκούσαντες
1463 2293 1629 2345 φέρουσι

66 2351 222 2405 μάρτυν
248 2350 453 2404 Φιλήμονα
483 2347 551 2392 τὸν
580 2352 777 2405 κωμικόν·
816 2350 916 2403 φησὶ
944 2350 1020 2404 γὰρ
1049 2354 1130 2390 κτλ.
1184 2350 1312 2390 ΞὸΙωῙ.
1343 2352 1411 2391 lat.
1442 2352 1559 2390 Arati
1590 2352 1630 2390 II

69 2411 122 2450 37
139 2410 257 2450 Buhl.
273 2411 405 2450 Iovem
434 2411 578 2451 dictum
607 2423 725 2450 aera:
756 2413 789 2450 et
812 2408 946 2449 Grates
974 2409 1128 2459 quidem
1157 2409 1326 2447 eiusdem
1346 2412 1399 2447 est
1419 2410 1628 2457 opinionis,

66 2470 269 2516 testemque
298 2479 376 2507 esse
395 2468 600 2507 Philonem
632 2465 929 2519 (Philemonem)
959 2467 1145 2506 comicum
1174 2461 1223 2503 ὃν
1252 2460 1347 2503 οὐδὲ
1377 2458 1434 2510 εἷς
1464 2461 1631 2515 λέληθεν

67 2519 162 2562 οὐδὲ
186 2523 236 2562 ἲν
264 2529 407 2574 ποιῶν,
440 2524 574 2562 ΟΥΤσ
602 2523 711 2563 nan
732 2523 861 2563 OY'I'e
889 2534 976 2574 roeo
998 2521 1430 2561 ΘΑΝΟΙοεΥΜειειω.
1470 2522 1527 2560 ita
1555 2535 1629 2561 ms.

68 2580 195 2621 Dietz.
244 2594 280 2620 v.
303 2582 330 2619 4
360 2581 494 2631 Etym.
527 2594 579 2619 m.
603 2581 698 2628 389,
722 2580 774 2619 38
806 2577 905 2630 φησὶ
936 2572 1144 2618 Πλάτων
1173 2573 1194 2616 ὁ
1225 2575 1398 2627 κωμικός
1427 2574 1511 2617 κτλ.
1593 2581 1632 2617 1.

67 2633 116 2675 ὃν
145 2649 222 2676 om.
253 2637 370 2676 Farn.
402 2637 490 2676 Par.
525 2639 560 2685 1,
587 2637 650 2676 10.
748 2633 922 2675 ἐνποιῶν
957 2635 1047 2675 Par.
1137 2635 1177 2674 2.
1214 2635 1384 2674 fortasse
1415 2633 1629 2674 Christiani

68 2694 368 2743 interpolatoris
397 2696 472 2733 est.
572 2686 624 2731 αὖ
654 2690 907 2745 Wakefield]
938 2688 1004 2732 ὃν.
1102 2692 1140 2730 3.
1171 2687 1263 2730 οὔτε
1292 2687 1419 2728 κακὸν
1446 2686 1536 2729 οὔτ’
1558 2687 1630 2742 ἄρ’

70 2747 218 2789 ἐσθλὸν
248 2750 369 2789 Mein.
459 2748 537 2800 εἰμι
566 2750 639 2789 FP
672 2751 709 2798 1,
734 2751 798 2798 10,
829 2748 866 2788 εἰ
891 2745 946 2799 μὴ
982 2751 1016 2799 1,
1043 2750 1079 2787 1.
1169 2748 1205 2786 5.
1244 2744 1267 2785 ὃ
1296 2747 1413 2787 Fam.
1440 2749 1475 2796 1,
1504 2747 1573 2799 10]
1606 2743 1627 2786 ὁ

70 2806 145 2846 FP
164 2809 199 2855 1,
220 2809 256 2846 1.
326 2808 428 2845 θεοῦ
456 2801 558 2845 ’στιν
587 2819 664 2848 om.
686 2806 759 2845 FP
784 2807 856 2854 1,1
890 2806 1022 2855 spatio
1052 2804 1204 2844 relicto.
1274 2805 1312 2843 6.
1345 2816 1423 2843 om.
1446 2803 1518 2843 FP
1543 2806 1631 2854 1,1.

72 2862 109 2902 εἰ
135 2859 256 2901 ταῦθ’
291 2863 321 2903 F
356 2866 392 2911 1,
416 2864 480 2904 10.
570 2863 610 2902 8.
640 2867 763 2902 πᾶσιν
791 2860 842 2916 F]
872 2867 981 2900 πᾶσα
1012 2862 1042 2900 Ρ
1075 2863 1111 2911 1,
1137 2863 1173 2900 1.
1263 2862 1300 2900 9.
1332 2853 1383 2899 οὗ
1413 2860 1445 2900 Ρ
1478 2862 1514 2909 1,
1540 2863 1560 2899 1
1592 2864 1634 2901 et
