1864 3204
514 181 843 218 ΕΤΒοΤΛιΔΗΣ
900 180 1125 216 muoxoz
1517 161 1599 220 431

505 395 509 402 ,
592 340 1049 392 ΕΤΒΟΤΛΙΔΗΣ

647 446 818 486 Meinek.
849 445 869 484 1
898 446 994 484 421.

692 568 946 603 ΚΩΜΑΣΤΑΙ

804 647 826 688 1

308 728 568 783 σοφιστιᾷς,
601 725 805 781 κάκιστε,
837 724 911 768 καὶ
943 726 1076 768 Χοῶν
1107 725 1218 768 δέει,

307 798 402 838 τῶν
430 793 749 850 μισθοδώρων,
781 791 863 836 οὐκ
893 791 1124 836 ἀδείπνων
1156 793 1208 836 ἐν
1238 793 1403 850 τρυφῇ.

151 890 378 930 Athenaeus
403 890 467 940 10,
478 889 596 929 437d
628 894 676 943 τῇ
705 885 836 959 ἑορτῇ
841 893 922 927 τῶν
942 889 1064 927 Χοῶν
1093 885 1207 934 ἔθος
1238 884 1378 926 ἐστιν
1404 883 1606 939 Ἀθήνησι

35 944 343 1016 πμὲμπεσθαι
377 944 509 996 δῶρά
548 959 594 984 τε
631 943 717 984 καὶ
757 943 874 992 τοὺς
912 942 1131 996 μισθοὺς
1170 947 1273 991 τοῖς
1314 948 1604 995 σοφισταῖς,

37 1001 151 1052 οἵπερ
187 1001 256 1043 καὶ
292 997 404 1042 αὐτοὶ
443 999 694 1042 συνεκαλουν
730 1000 795 1042 ἐπὶ
833 1002 942 1054 ξενίᾳ
979 999 1072 1049 τοὺς
1109 1000 1355 1054 γνωρίμους,
1394 1016 1448 1049 ως
1479 1013 1606 1053 φησιν

37 1056 291 1112 Εὐβουλίδης
322 1053 344 1099 ὁ
373 1057 617 1107 διαλεκτικὸς
639 1058 683 1099 ἐν
703 1058 874 1112 δράματι
894 1060 1131 1110 Κωμασταῖς
1157 1056 1282 1105 οὕτως
1302 1059 1385 1098 κτλ.
1463 1061 1500 1098 1.
1524 1057 1605 1099 δέει

37 1116 194 1169 Dindf.]
237 1114 323 1167 δέηι
361 1117 410 1157 A.
510 1112 586 1156 οὐκ
622 1113 798 1170 ἀδειπνῳ
834 1113 912 1155 σὺν
948 1115 1081 1170 τρυφῇ
1119 1116 1279 1167 Emper.
1311 1116 1434 1156 Mein.
1466 1116 1502 1153 V
1533 1118 1602 1156 94.

38 1179 143 1213 σῦκα
184 1172 356 1213 δειπνῶν
394 1171 439 1213 ἐν
473 1187 531 1223 τρ.
571 1174 692 1214 Mein.
724 1174 767 1213 in
796 1173 893 1213 Ath.
933 1173 1028 1224 ‘qui
1066 1174 1108 1212 in
1146 1173 1315 1212 aliorum
1344 1173 1502 1213 luxurie
1532 1174 1604 1214 vili

37 1231 125 1271 cibo
148 1231 351 1271 vesceris?
383 1228 586 1286 ἐντρυφᾷς
615 1231 783 1271 Porson.
814 1235 919 1268 σῦκα
941 1228 1116 1269 δειπνῶν
1136 1227 1336 1284 ἐντρυφᾷς
1357 1231 1482 1270 Dobr.
1503 1244 1604 1282 quae

40 1289 175 1328 omnia
204 1300 285 1328 non
316 1288 533 1328 sufficiunt.
621 1292 858 1342 σοφιστιᾷς,
888 1288 915 1326 i.
938 1300 972 1327 e.
1006 1287 1205 1338 sophistae
1236 1287 1507 1327 condicionem
1538 1288 1606 1327 ad-

6 1362 9 1365 >
36 1344 154 1396 petis.

658 1604 981 1655 ΗΝΙΟΧΟΣ

612 1709 783 1749 Meinek.
815 1708 835 1747 1
865 1708 961 1747 421.
993 1709 1033 1747 2.

688 1832 951 1867 ΓΟΡΓΟΝΕΣ

816 1923 835 1964 1

553 2007 692 2057 πιεῖν,
723 2007 844 2044 πιεῖν
872 2016 939 2052 τις
969 2002 1085 2056 ἔγχει
1115 2000 1336 2056 πυριγενῆ

314 2066 468 2123 λαβών
496 2067 763 2124 βραχύωτον
793 2071 1046 2124 κυκλοτερῆ
1076 2068 1367 2124 παχύστομον

318 2134 539 2191 κώθωνα,
571 2138 710 2180 παῖδα
741 2138 957 2193 φάρυγος.

156 2228 386 2269 Athenaeus
419 2232 490 2279 11,
513 2231 631 2270 4830
662 2227 844 2283 Ἡνίοχος
885 2228 1053 2283 Γοργόσι
1090 2233 1171 2270 κτλ.
1282 2234 1316 2271 1.
1349 2229 1451 2283 ἔγχει
1480 2233 1606 2272 Dobr.

43 2285 146 2324 Add.
180 2286 308 2325 Arist.
338 2299 380 2336 p.
405 2286 503 2338 128]
537 2284 695 2338 ἐγχείτω
725 2289 774 2328 A.
862 2289 1018 2338 πυρ.λ,
1051 2287 1113 2340 βρ.
1146 2288 1430 2340 κυκλ.1)οἰ)ι·.]
1462 2290 1496 2327 λ.
1513 2302 1607 2341 πυρ.

43 2343 156 2381 xvxi.
186 2342 319 2394 βρ.Α
325 2371 335 2382 .
376 2344 453 2383 3.
486 2339 666 2396 φάρυγος
696 2343 841 2397 Dobr.]
873 2341 1086 2397 φάρυγγος.
1165 2346 1286 2395 πιεῖν,
1318 2347 1424 2384 πιεῖν
1454 2359 1512 2392 τις
1543 2343 1607 2396 ἐγ-

46 2396 158 2449 χείτω
188 2396 321 2448 λαβὼν
347 2398 353 2450 Ι
379 2396 517 2451 μέγαν,
555 2398 1606 2452 nv9.nvu1..na225⁶z.Hanov.Exerc.orit.136.

45 2452 170 2494 παῖδα
202 2450 400 2506 φάρυγος,
430 2456 546 2506 gulae
576 2458 804 2496 ministrum
836 2457 980 2508 (Toup.
1010 2458 1178 2496 Eme-nd.
1209 2456 1249 2496 ΙΙ
1281 2455 1353 2511 35)
1386 2458 1462 2497 dici
1492 2471 1608 2509 posse

47 2512 257 2551 cothonem
287 2512 377 2562 quis
407 2513 570 2552 eredat?
620 2515 765 2553 rectius
796 2517 913 2563 poeta
942 2515 1149 2565 scripserit
1177 2512 1377 2563 κώθωνα,
1415 2514 1608 2565 παγίδα

49 2565 243 2620 φάρυγος,
270 2569 385 2618 yulae
413 2571 711 2610 inntamemum
741 2571 916 2610 bibendi:
948 2583 1048 2622 quae
1078 2572 1323 2621 companatio
1345 2572 1520 2611 sermoni
1551 2584 1609 2611 ec-

46 2626 161 2676 logae
191 2625 394 2664 tumidiori
424 2638 506 2665 non
534 2626 636 2666 male
665 2627 863 2667 convenit.

241 2747 322 2780 ΔῙΣ
347 2743 756 2785 ΕΞΑΠΑΤΩΜΕΝΟΣ
780 2749 1078 2784 ΕΠῙΚΛΗΡΟΣ
1102 2749 1358 2784 ΘΩΡΤΚΙΟΝ
1384 2751 1429 2794 (ἲ)

167 2828 293 2866 Tituli
322 2841 346 2867 a.
376 2827 498 2867 Suida
527 2829 612 2869 solo
641 2831 950 2870 commemorati.
1002 2831 1172 2870 Meinek.
1202 2831 1223 2869 I
1252 2832 1348 2871 421.
1373 2833 1409 2872 2.
