1864 3204
267 213 345 256 188
900 218 1178 254 ΕΤΒΟΤΛΟΤ

378 319 590 358 manifesta
619 322 680 358 est
709 322 937 372 tragoediae
966 323 1149 372 imitatio,
1182 324 1377 374 siquidem
1397 338 1469 375 per
1489 328 1614 368 totam
1635 331 1812 383 eclogam
1849 339 1855 343 ’

261 376 482 424 anapaestis
513 376 707 415 abstinuit
737 380 777 416 et
805 391 843 417 v.
865 380 890 417 8
920 374 1068 431 κύπριν
1097 380 1292 429 producta
1321 381 1474 431 syllaba
1501 386 1633 433 priore
1662 389 1809 437 posuit.

262 430 311 469 cf.
346 431 509 481 Antiph.
543 433 637 470 242.
687 433 840 473 Nauck.
872 435 989 486 Trag.
1022 437 1071 474 fr.
1101 436 1237 487 adesp.
1270 438 1364 476 128.
1425 439 1502 478 duo
1531 444 1697 482 extremi
1725 457 1812 484 ver-

261 499 327 525 sus
358 499 447 525 cum
477 488 673 537 prioribus
703 503 784 529 non
814 491 999 531 videntur
1027 493 1248 532 cohaerere.
1278 515 1334 522 —
1363 495 1402 534 4.
1433 495 1482 535 cf.
1503 497 1694 541 Xenarch.
1709 501 1748 550 4,
1769 503 1807 540 6.

263 544 298 583 6.
332 543 692 585 ‘Phaethontiadas
730 547 827 586 dicit
862 548 904 586 in
940 549 1107 599 populos
1137 552 1323 590 mutatas.
1381 555 1621 602 comparatio
1651 556 1698 594 ad
1730 569 1811 596 cor-

262 599 371 648 poris
416 601 678 651 gracilitatem
723 606 763 641 et
798 605 1064 645 membrorum
1107 606 1412 646 concinnitatem
1450 613 1643 658 spectat'.
1688 613 1810 653 Mein.

262 657 299 694 9.
331 653 488 706 ὕβρεος,
520 658 567 696 cf.
601 656 845 710 Theopomp.
877 673 976 699 eom.
1001 663 1067 710 32,
1090 663 1128 701 3.
1182 661 1344 713 Cydiam
1373 677 1462 702 eum
1492 666 1615 706 fuisse
1644 669 1808 708 arbitra-

259 713 327 750 tur
357 713 588 765 Meinekius‚
621 715 669 754 de
701 728 779 766 quo
808 717 1018 758 Ruhnken.
1049 719 1154 761 Hist.
1185 732 1236 759 cr.
1269 732 1324 759 or.
1355 734 1520 762 nxxnn.

912 864 943 897 N
947 863 1162 898 ΑΤΣΙΚΑΑ

1006 942 1060 984 68

528 1015 576 1066 ὃς
605 1020 694 1061 νῦν
723 1019 940 1074 τετάρτην
969 1017 1140 1075 ἡμέραν
1168 1023 1426 1074 βαπτίζεται

529 1088 687 1140 νῆστιν
717 1085 921 1142 πονήρου
952 1090 1169 1143 κεστρέως
1198 1091 1367 1144 τρίβων
1395 1093 1511 1145 βίον.

372 1178 598 1217 Athenaeus
631 1182 667 1229 7,
691 1181 770 1220 307
787 1182 807 1219 f
832 1178 1040 1232 Εὔβουλος
1069 1180 1286 1236 Ναυσικάᾳ
1317 1186 1395 1223 κτλ.
1433 1185 1665 1226 Eustathius
1690 1189 1808 1238 1178,

260 1235 286 1270 4
317 1230 421 1286 (sine
453 1235 608 1274 fabulae
638 1234 829 1291 nomine).
922 1241 957 1276 1.
987 1235 1050 1291 ὃς]
1074 1234 1127 1286 ὦς
1148 1240 1262 1278 Eust.
1353 1242 1390 1279 2.
1424 1239 1579 1294 νῆστιν]
1614 1247 1747 1292 νῆστις
1778 1243 1809 1283 C

259 1286 474 1342 (suprascr.
506 1288 665 1346 νῆστιν)
696 1295 736 1331 et
765 1294 879 1332 Eust.
965 1293 1143 1346 πονήρου
1174 1295 1292 1335 Gesn.
1324 1297 1384 1336 De
1413 1301 1543 1347 aquat.
1575 1300 1669 1338 562.
1718 1313 1809 1338 nam

259 1359 339 1385 non
369 1360 530 1398 pravus⁷
561 1349 628 1387 sed
659 1349 847 1389 innocens
877 1352 1003 1401 mugil
1033 1354 1074 1390 et
1103 1353 1223 1391 miser
1252 1353 1484 1392 habebatur.
1531 1356 1676 1394 Zenob.
1698 1357 1737 1403 4,
1755 1357 1808 1395 52

258 1405 358 1497 extfxr.
410 1405 458 1442 cf.
491 1405 694 1455 Aristoph.
727 1406 774 1444 fr.
807 1408 901 1446 156.
940 1429 992 1434 -
1031 1408 1188 1447 Ulixem
1230 1409 1443 1460 significari
1479 1411 1677 1450 intellexit
1713 1413 1807 1451 Mei-

257 1472 305 1497 ne
338 1471 410 1499 ius.

928 1553 1145 1587 ΝΕΟΤΤΙΣ

369 1629 428 1668 Cf.
462 1643 561 1680 quae
590 1631 639 1669 ad
669 1631 915 1672 Pherecratis
938 1633 1134 1673 Corianno
1165 1635 1443 1675 adnotavimus
1464 1639 1504 1676 et
1523 1638 1643 1676 Mein.
1667 1638 1685 1676 I
1708 1639 1802 1677 365.

1001 1743 1058 1785 69

524 1821 640 1873 μισοῖ
669 1819 884 1863 κάκιστον
913 1818 1220 1877 γραμματικὸν
1252 1822 1419 1878 ἔκπωμ’
1442 1822 1529 1866 ἀεί·

525 1885 636 1940 άτάρ
665 1887 726 1938 ὦς
756 1887 910 1944 ὅμοιον
939 1886 1076 1945 οὑμὸς
1106 1887 1203 1940 υίὸς
1233 1889 1368 1947 ᾤχετο

525 1957 638 2010 ἔχων
669 1958 855 2011 φιάλιον
883 1959 1011 2014 τῷδε.
1071 1961 1122 2000 Β.
1155 1957 1299 2000 πολλοὶ
1327 1961 1499 2013 γίνεται

523 2022 668 2079 ὅμοια.

367 2117 594 2157 Athenaeus
626 2120 698 2169 11,
721 2119 802 2158 467
820 2120 875 2158 bc
911 2117 1150 2170 μνημονεύει
1187 2116 1232 2157 δὲ
1268 2124 1337 2158 τοῦ
1375 2127 1645 2172 γραμματικοῦ
1675 2120 1799 2162 gunni-

253 2186 369 2223 ματος
403 2170 457 2220 ὡς
488 2171 616 2221 οὕτως
646 2173 892 2226 καλουμένου
923 2171 1130 2227 Εὔβουλος
1161 2173 1205 2214 ἐν
1225 2175 1412 2214 Νεοττίδι
1441 2175 1565 2224 οὕτως
1596 2180 1674 2220 κτλ.
1737 2211 1748 2226 ,
1766 2183 1801 2220 1.

254 2227 419 2267 κάκιστα
449 2231 573 2270 Dobr.
605 2231 706 2273 Adv.
736 2232 776 2270 II
807 2233 890 2270 330
920 2233 1022 2271 conl.
1053 2233 1174 2272 Arist.
1204 2233 1303 2272 Ran.
1337 2232 1464 2285 1456]
1494 2232 1681 2272 κάκιστον
1710 2235 1762 2274 Α.

254 2281 406 2337 ἔκπωμ’
442 2287 591 2327 Iacobs.
610 2289 748 2327 Addit.
769 2289 866 2327 Ath.
889 2286 989 2341 250]
1021 2286 1182 2339 ἔκπωμα
1213 2303 1248 2328 ει
1275 2290 1326 2328 Α.
1417 2293 1453 2331 2.
1483 2305 1636 2342 αταρως
1667 2287 1803 2342 ὅμοιον

253 2339 372 2392 ουμὸς
403 2341 487 2389 υἱὸς
520 2341 636 2398 ᾤχετ’
659 2345 711 2384 A.
792 2346 829 2384 3.
862 2343 1022 2394 φιάλιον
1051 2345 1164 2398 τῷδε.
1202 2346 1247 2384 Β.
1279 2343 1402 2385 πολλὰ
1433 2347 1572 2386 Cobet.
1604 2348 1653 2386 N.
1677 2348 1702 2386 l.
1725 2346 1799 2400 20]

251 2397 432 2446 φιάλιον·
465 2406 517 2453 τῷ
547 2399 591 2438 δὲ
620 2399 753 2439 πολλὰ.
1515 2405 1524 2414 “

365 2456 502 2504 ‘pater
547 2450 649 2508 ἀτάρ
686 2479 736 2484 —
772 2457 895 2511 τῷδε,
941 2458 1080 2497 deinde
1124 2459 1227 2497 alius
1267 2462 1493 2498 nascentem
1539 2460 1800 2510 suspicionem

253 2514 434 2551 avertens
473 2516 543 2552 aut
580 2515 739 2553 elevans
774 2514 990 2564 respondet
1025 2512 1148 2552 πολλὰ
1188 2516 1286 2554 κτλ.’
1327 2515 1465 2570 Cobet.
1535 2517 1798 2556 necessarium

251 2569 411 2607 videtur
440 2570 495 2608 sic
514 2570 636 2610 verba
657 2571 912 2609 distribuere:
945 2572 996 2610 A.
1027 2575 1132 2619 μισῶ
1153 2594 1206 2600 —-
1226 2566 1300 2611 ἆεί.
1333 2573 1380 2610 Β.
1409 2567 1508 2623 ἀτὰρ
1534 2594 1580 2600 -
1604 2571 1714 2625 τῷδε.
1746 2574 1798 2611 Α.

251 2621 373 2663 πολλὰ
404 2627 482 2665 κτλ.
541 2627 671 2665 Plaut.
702 2627 871 2666 Rudent.
902 2627 983 2666 478
1013 2629 1105 2667 haee
1134 2624 1268 2680 (urna)
1298 2629 1525 2668 litterata
1561 2632 1651 2668 est:
1688 2641 1799 2678 eapse

250 2686 382 2721 cantat
410 2684 526 2731 quoia
554 2684 616 2725 sit.

919 2779 1124 2820 ΞΟΤΘΟΣ

364 2862 540 2901 Hellenis
571 2863 696 2912 filius,
727 2863 834 2903 Ionis
865 2866 989 2914 pater.
1041 2864 1089 2906 cf.
1120 2864 1284 2903 Preller.
1317 2864 1445 2916 Myth.
1475 2863 1557 2915 gr.²
1584 2864 1627 2902 H
1659 2865 1752 2905 154.
