1890 3190
576 183 1173 221 ΛΕΩΝΙΔΗΣ-νΜΔΛΘΑΚΗ
1602 180 1651 222 71

782 287 960 322 ΛΥΚΩΝ

206 371 415 413 ‘Fortasse
453 385 477 411 a
507 372 667 423 Lycone
699 369 960 420 Scarphensi,
997 367 1253 407 celeberrimo
1291 366 1371 406 illis
1412 365 1655 416 temporibus

97 428 304 478 histrione,
334 441 481 469 nomen
513 427 685 467 inditum
718 428 798 477 est,
830 439 946 476 quem
979 424 1194 475 aliquando
1225 423 1267 463 in
1296 422 1499 463 comoedia
1528 435 1648 473 quam

88 485 286 539 petitabat
315 498 493 535 versum,
531 495 612 535 quo
650 495 795 523 munus
823 482 873 521 ab
904 481 1133 521 Alexandro
1163 493 1309 531 magno
1339 482 1513 531 peteret,
1552 479 1653 518 inse-

77 547 98 581 .‘
138 543 218 583 isse
248 542 374 583 tradit
402 540 638 582 Plutarchus
670 539 770 579 Mor.
802 539 884 579 334
902 539 930 577 f.
983 538 1033 578 cf.
1056 538 1200 577 Athen.
1239 538 1303 587 12,
1322 538 1403 575 538
1420 538 1447 575 f.
1487 537 1528 575 in
1557 549 1653 575 eun·

75 598 181 642 dem
209 599 394 640 Phalaeci
424 600 554 638 exstat
583 597 826 649 epigramma
857 595 973 634 Anal.
995 594 1172 634 Brunck.
1197 594 1216 633 I
1238 594 1349 632 421!
1373 594 1493 632 Mein.
1515 593 1535 632 1
1556 594 1654 632 3274

828 706 908 748 147

292 789 346 832 τά
375 786 416 831 τ’
439 786 553 830 ἄλλα
583 786 764 837 δεινούς
793 795 906 840 φασι
935 783 1044 835 τοὺς
1074 784 1355 838 Αἰγυπτίους

294 854 411 901 εἶναι
440 857 492 900 τὸ
514 844 706 911 ’νομίσαι
735 852 777 897 τ’
799 854 987 896 ἰσόθεον
1016 853 1100 908 τὴν
1130 853 1342 907 ἔγχελυν·

294 923 412 968 πολὺ
441 925 533 968 τῶν
561 926 688 966 θεῶν
716 921 803 978 γάρ
836 921 928 964 ἐστι
957 919 1208 977 τιμιωτέρα.

291 996 384 1036 τῶν
412 992 496 1048 μὲν
525 990 614 1047 γὰρ
646 989 958 1046 εὐξαμένοισιν
987 987 1089 1032 ἔσθ’
1110 986 1220 1045 ἡμῖν
1249 996 1418 1044 τυχεῖν,

240 1073 262 1105 5
291 1062 466 1105 τούτων
497 1061 546 1103 δὲ
576 1059 777 1116 δραχμὰς
806 1055 1100 1113 τούλάχιστον
1132 1057 1308 1100 δώδεκα

291 1130 322 1187 ἢ
352 1131 490 1173 πλέον
519 1126 808 1172 ἀναλώσασιν
838 1125 1094 1182 ὀσφρέσθαι
1124 1127 1284 1181 μόνον.

293 1196 436 1248 οὕτως
466 1194 565 1241 ἐσθ’
590 1194 721 1251 ἅγιον
750 1196 980 1245 παντελῶς
1009 1192 1059 1237 τὸ
1087 1195 1268 1250 θηρίον.

201 1294 431 1334 Athenaeus
471 1293 515 1340 7,
547 1292 664 1330 299e
697 1284 938 1341 Ἀντιφάνης
988 1286 1032 1328 ἐν
1077 1287 1248 1327 Λύκωνι
1300 1288 1507 1342 κωμῳδῶν
1560 1288 1653 1338 τοὺς

89 1349 334 1404 Αἰγυπτίους
364 1347 467 1400 φησί
492 1349 574 1387 κτλ.
625 1347 858 1402 Eustathius
892 1347 1012 1397 1240,
1031 1347 1083 1385 29
1112 1341 1355 1396 Ἀντιφάνης
1386 1344 1442 1384 τά
1474 1360 1521 1385 τε
1551 1345 1650 1386 ἄλλα

86 1406 244 1455 δεινούς
282 1417 382 1459 φησι
419 1402 511 1453 τοὺς
543 1403 792 1455 Αἰγυπτίους
830 1397 933 1442 εἶναι
962 1401 1028 1442 καὶ
1059 1402 1218 1454 νομίσαι
1247 1398 1411 1442 ἰσόθεον
1441 1400 1517 1454 τὴν
1547 1401 1649 1455 ἔγχε-

87 1466 174 1516 λυν,
205 1461 248 1512 ὃς
279 1462 347 1503 καὶ
375 1459 500 1502 εἰπών
528 1459 630 1500 πολὺ
663 1465 744 1501 τῶν
773 1462 886 1500 θεῶν
914 1455 1042 1511 αὐτὴν
1071 1456 1302 1511 τιμιωτέραν
1323 1453 1446 1500 εἶναι.
1466 1492 1474 1500 .
1494 1458 1653 1513 ,ἐπάγει

88 1519 216 1569 οὕτως
248 1514 404 1560 {off—-
426 1517 469 1559 τὸ
498 1518 659 1570 θηρίον.
765 1520 801 1557 1.
835 1515 882 1556 τά
913 1513 948 1556 τ’
971 1509 1083 1556 ἄλλω
1103 1514 1158 1570 Α]
1190 1514 1236 1555 τά
1268 1530 1307 1555 τε
1336 1514 1435 1556 ἄλλα
1467 1518 1651 1558 Eustath.

88 1581 127 1619 2.
165 1593 205 1618 τε
235 1580 284 1618 A.
401 1578 440 1617 5.
478 1573 654 1629 δώδεκα]
687 1571 747 1628 ιβ’
777 1575 826 1614 A.
934 1577 972 1614 6.
1005 1569 1230 1626 ὀσφρέσθαι
1259 1574 1399 1613 Elmsl.
1431 1575 1536 1614 Med.
1573 1577 1651 1615 147

64 1637 171 1689 not.
202 1633 326 1688 extr]
356 1630 589 1686 ὀσφρᾶσθαι
620 1634 669 1672 A.
759 1634 797 1671 7.
820 1629 925 1670 οὕτω
946 1627 1047 1669 ’στὶν
1077 1628 1243 1671 Person.
1274 1634 1317 1670 at
1346 1644 1564 1682 numquam
1596 1634 1652 1672 sic

89 1693 239 1734 comici.
300 1689 426 1738 οὕτως
463 1687 582 1742 ἅγιόν
617 1703 660 1741 γε
695 1689 904 1739 Koppiers.
938 1687 1034 1728 Obs.
1066 1688 1134 1729 43.
1185 1684 1310 1735 οὕτως
1341 1683 1459 1739 ἅγιόν
1489 1689 1653 1728 τι.1)ἰῐι-

62 1799 63 1802 ¹
87 1749 204 1799 dors„
237 1749 477 1799 Antiphanis
507 1750 641 1786 tamen
667 1747 767 1794 ,haec
797 1759 879 1785 non
908 1758 994 1784 esse
1024 1745 1263 1794 suspicatus.
1290 1766 1344 1773 -
1376 1746 1414 1784 3.
1446 1743 1652 1797 τιμιωτέρα

61 1808 216 1848 *carior
254 1808 295 1845 et
330 1806 564 1845 honoratior.
615 1804 665 1843 cf.
698 1803 821 1842 Arist.
852 1802 951 1841 Ach.
985 1802 1079 1843 759.
1194 1815 1232 1842 v.
1255 1803 1282 1840 4
1312 1802 1451 1852 utique
1481 1803 1653 1842 scriben-

88 1863 184 1903 dum
213 1864 409 1914 θιγεῖν,
440 1861 635 1911 siquidem
666 1861 738 1910 qui
767 1859 860 1899 deos
890 1858 1155 1909 precabantur
1175 1859 1386 1899 simulacra
1406 1871 1542 1898 eorum
1563 1862 1651 1899 tan-

86 1933 181 1972 gere
211 1920 412 1960 solebant:
453 1920 593 1958 contra
622 1916 821 1968 anguillas
851 1919 1009 1966 ta‘nyere
1037 1927 1118 1955 non
1147 1915 1263 1966 licet,
1307 1915 1374 1955 sed
1406 1928 1495 1954 eum
1525 1917 1653 1966 pluri-

57 2021 62 2024 ,
86 1989 195 2016 mum
225 1976 400 2025 olfacere.

743 2061 989 2096 ΜΑΛΘΑΚΗ

66 2179 67 2182 ¹
200 2146 261 2187 cf.
293 2146 464 2186 Meinek.
489 2145 509 2184 I
539 2145 634 2184 328.
657 2146 696 2183 9.
747 2143 961 2194 Theophil.
988 2146 1050 2184 11.
1100 2144 1266 2183 Lucian.
1297 2143 1411 2183 Rhet.
1443 2157 1572 2194 praec.
1599 2146 1650 2183 12

90 2198 334 2243 Αὐτοθαΐδα
364 2195 437 2253 τὴν
465 2198 649 2254 κωμικὴν
677 2197 706 2252 ἢ
735 2198 978 2251 Μαλθάκην
1005 2197 1034 2252 ἢ
1066 2197 1270 2252 Γλυκέραν
1299 2195 1400 2239 τινά.

492 2306 518 2325 ·
827 2298 907 2341 148

1020 2357 1207 2410 ἔρχεται,

321 2423 545 2482 μετέρχετ’
569 2417 652 2479 αὖ,
683 2421 946 2480 προσέρχετ’
970 2416 1050 2478 αὖ,
1080 2423 1360 2479 μετέρχεται,

322 2493 444 2550 ἥκει,
477 2493 688 2548 πάρεστι,
721 2491 958 2547 ρύπτεται,
990 2489 1308 2547 προσέρχεται,

323 2564 509 2618 σμῆται,
540 2559 767 2614 κτενίζετ’,
800 2557 1028 2615 ἐκβέβηκ’,
1062 2559 1335 2615 ἐντρίβεται,

233 2658 235 2660 -
269 2641 290 2672 5
321 2633 499 2684 λοῦται,
531 2635 785 2684 σκοπεῖται,
817 2629 1068 2684 στέλλεται,
1098 2629 1348 2684 μυρίζεται,
1421 2628 1427 2634 ’

322 2696 537 2752 κοσμεῐτ’,
568 2694 789 2752 ἀλείφετ’·
821 2693 880 2740 ἄν
910 2694 953 2739 δ’
976 2698 1054 2753 ἔχῃ
1083 2711 1126 2738 τι
1156 2693 1413 2750 ἀπάγχεται.

205 2794 389 2834 Clemens
419 2792 533 2832 Alex.
564 2791 735 2843 Paedag.
769 2793 814 2842 3,
837 2793 875 2842 2,
900 2793 923 2830 7
954 2795 1070 2830 τοῦτο
1099 2782 1198 2828 αὐτὸ
1225 2786 1301 2840 γάρ
1330 2802 1389 2827 τοι
1421 2788 1488 2829 καὶ
1514 2787 1643 2829 Ἀντι-

90 2849 224 2903 φάνης
262 2846 288 2906 ὃ·
322 2845 491 2900 κωμικὸς
531 2844 573 2885 ἐν
604 2842 818 2902 Μαλθακη
862 2846 905 2887 τὸ
949 2843 1147 2898 ἑταιρικὸν
1189 2850 1271 2885 τῶν
1314 2851 1522 2898 γυναικῶν
1565 2844 1648 2886 ἐπι-
