1864 3204
221 249 300 292 172
853 251 1123 285 ss‘rssoTAoT

489 352 564 394 καὶ
595 353 779 406 σίλφιον
807 351 960 405 θύμον
990 367 1037 395 τε
1066 354 1156 395 τῶν
1180 350 1437 407 Ὑμηττίων,

441 429 462 460 5
493 418 711 474 ὀρίγανόν
740 434 787 461 τε
824 418 1046 462 Τενέδιον.

331 514 473 552 Pollux
506 516 551 562 6,
576 515 627 552 67
669 510 753 551 ἔνια
791 517 871 551 τῶν
913 509 1153 564 ἡδυσμάτων
1197 511 1379 567 ἐπῃνεῖτο
1423 511 1465 552 ἐκ
1503 514 1672 566 χωρίων,
1718 511 1772 564 ὥς

220 563 427 620 Εὔβουλος
466 567 510 608 ἐν
541 567 710 622 Γλαύκῳ
749 568 850 620 φησί
887 567 943 622 (v.
970 572 1046 608 1-
1051 568 1111 622 4).
1171 584 1208 608 v.
1233 573 1257 609 5
1298 571 1462 610 accessit
1491 583 1536 609 ex
1567 571 1773 618 Athenaeo

225 630 260 677 1,
284 628 336 665 28
354 626 392 676 d,
423 627 491 664 ubi
522 627 616 665 haec
646 626 866 676 Antiphani
898 627 1152 666 tribuuntur:
1180 621 1423 692 Ἀντιφάνης
1453 623 1517 665 δέ·
1551 632 1658 666 νᾶπυ
1687 627 1773 667 Κύ-

218 697 335 734 πρου,
365 680 432 721 καὶ
462 682 687 733 σκαμωνίας
709 678 822 732 ὀπόν,
853 678 1058 734 κάρδαμον
1079 681 1298 733 Μιλήσιον,
1329 681 1534 734 κρόμμυον
1555 683 1772 752 Σαμοθρά-

218 754 320 788 κιον,
351 737 502 777 καυλὸν
532 737 574 777 ἐκ
597 737 852 791 Καρχηδόνος
881 737 948 778 καὶ
977 738 1150 790 σίλφιον,
1181 737 1318 789 θύμον
1342 736 1561 790 Ὑμήττιον,
1591 724 1774 792 ὀρίγανον

223 793 419 835 Τενέδιον.
468 796 702 835 Eustathius
733 797 827 843 867,
851 797 905 834 45
929 794 1162 865 περιάδεται
1193 794 1237 835 ἐν
1268 795 1458 866 κρομύοις
1485 794 1527 835 τὸ
1557 793 1772 866 Σαμοθρᾴ-

221 866 309 891 κιον
338 846 434 903 παρ’
464 848 704 901 Ἀντιφάνει,
734 849 843 890 καθὰ
873 850 940 890 καὶ
971 850 1010 890 τὸ
1049 848 1228 899 Κύπριον
1258 849 1366 891 νάπυ
1395 851 1461 892 καὶ
1492 850 1534 892 τὸ
1564 837 1773 904 Μιλήσιον

215 908 419 960 κάρδαμον
447 907 514 947 καὶ
542 905 564 946 ὁ
579 905 663 957 “.Τμ
686 904 817 958 θύμος
837 907 903 947 καὶ
923 906 965 946 τὸ
990 906 1123 947 Τενέδ.
1145 906 1204 960 ὀρ.
1285 910 1322 950 5.
1351 923 1390 947 τε
1410 910 1500 949 add.
1521 909 1696 950 Porson.
1721 931 1772 939 —

218 966 416 1015 Theophr.
448 965 498 1004 H.
529 966 585 1015 pl.
617 968 661 1013 9,
685 966 756 1013 20,
781 967 804 1004 5
843 979 911 1015 της
946 962 990 1002 δὲ
1020 976 1094 1003 σκα
1107 964 1331 1017 [μ]μωνίας
1351 997 1359 1005 .
1379 996 1388 1005 .
1407 997 1415 1005 .
1435 962 1456 1004 ὃ
1493 960 1614 1012 ὄπὸς
1650 962 1774 1017 μόνον

216 1020 422 1073 χρήσιμος,
453 1019 550 1059 ἄλλο
581 1017 623 1059 δ’
638 1017 767 1059 οὐδέν.
793 1018 1107 1074 (Ρανρῑθνιυὶηᾱο
1127 1023 1247 1061 Fraas
1269 1022 1383 1073 171).
1424 1023 1615 1072 epitomes
1636 1025 1774 1063 auctor

214 1079 375 1118 videtur
405 1079 612 1117 erravisse.
664 1079 714 1117 cf.
746 1079 968 1128 Antiphan.
1001 1079 1095 1116 325.

485 1265 612 1322 ἡμεῖς
642 1264 742 1309 ποτ’
764 1264 935 1320 ἄνδρας
967 1266 1250 1319 Κεκροπίδας
1281 1267 1520 1323 ἐπείσαμεν

486 1334 708 1389 λαβόντας
739 1335 801 1384 εἰς
825 1331 1036 1389 Ὑμηττὸν
1068 1333 1270 1384 ἐξελθεῖν
1300 1333 1417 1377 ὅπλα

484 1403 558 1445 καὶ
589 1401 695 1445 σιτί’
719 1402 792 1444 ἐπὶ
821 1401 1058 1457 μύρμηκας
1087 1399 1268 1456 ἡμερῶν
1298 1404 1450 1457 τριῶν,

485 1469 545 1520 ὥς
574 1470 908 1526 χρυσοτεύκτου
942 1469 1171 1524 ψήγματος
1199 1469 1464 1525 πεφηνότος.

328 1565 590 1614 Harpocratio
625 1565 726 1612 185,
751 1565 802 1601 21
843 1560 953 1602 ε’πεσέ
991 1577 1048 1609 τις
1088 1558 1201 1613 φήμη
1238 1559 1331 1600 ποτὲ
1369 1563 1423 1609 εἰς
1461 1561 1504 1601 τὸ
1541 1565 1697 1614 πλῆθος
1728 1561 1770 1603 τὸ

211 1617 454 1685 Ἀθηναίων,
494 1635 547 1667 ως
589 1617 631 1658 ἐν
657 1617 831 1673 Ὑμηττῷ
869 1618 1013 1667 φανείη
1043 1624 1193 1671 χρυσοῦ
1223 1618 1365 1670 ψῆγμα
1394 1618 1495 1658 πολὺ
1525 1619 1591 1658 καὶ
1620 1619 1770 1667 φυλάτ-

213 1691 314 1716 τοιτο
365 1670 445 1716 ὑπὸ
494 1681 577 1716 τῶν
626 1676 808 1727 μαχίμων
858 1672 1087 1744 μυριιήκων.
1163 1675 1203 1714 οἱ
1258 1673 1301 1713 δὲ
1350 1672 1618 1727 ἀναλαβόντες
1667 1674 1770 1715 οπλα

216 1731 375 1781 ἐξέθεον
405 1729 470 1772 ἐπ’
492 1730 658 1780 αὐτούς·
697 1730 890 1799 ἄπρακτοι
929 1729 968 1770 δ’
999 1728 1322 1783 ὑποστρέψαντες
1351 1746 1417 1770 και
1446 1728 1577 1784 μάτην
1605 1746 1768 1772 κεκακο-

214 1789 464 1840 παθηκότες,
496 1788 697 1828 ἔσκωπτον
726 1784 917 1838 ἀλλήλους
947 1785 1157 1840 λέγοντεςε
1168 1786 1218 1827 σὺ
1239 1786 1283 1827 δέ
1302 1784 1340 1840 γ’
1358 1786 1440 1827 ὠόυ
1460 1785 1766 1840 χρυσοχοήσεινῖ

278 1843 556 1897 ,ἐχλευάζοντο
586 1843 630 1885 δὲ
660 1844 726 1885 καὶ
755 1842 834 1884 ὑπὸ
864 1850 945 1884 των
965 1859 1161 1896 κωμικων.
1194 1840 1397 1896 Ευβουλος
1417 1850 1518 1896 γοῦν
1538 1843 1582 1884 ἐν
1603 1843 1770 1898 Γλαύκῳ

213 1877 337 1954 φησίν
365 1905 445 1942 κτλ.
528 1918 566 1943 v.
593 1905 628 1942 1.
653 1904 676 1941 2
707 1903 892 1953 Append.
923 1914 1037 1951 prov.
1069 1904 1107 1950 5,
1131 1902 1196 1951 32,
1228 1901 1344 1952 Greg.
1367 1901 1487 1952 prr.
1518 1902 1628 1943 Leid.
1660 1904 1697 1949 3,
1716 1903 1768 1942 39

214 1963 254 1998 et
277 1961 421 1999 omisso
443 1960 599 1998 fabulae
620 1960 779 1998 nomine
803 1959 944 1998 Suidas
967 1961 1230 2009 χρυσοχοεῖον
1293 1959 1329 1997 2.
1361 1956 1547 2008 λαβόντες
1575 1959 1613 1997 Α
1644 1959 1767 2009 Harp.

216 2019 252 2055 3.
284 2013 375 2053 σιτί’
395 2015 598 2068 Valesius]
624 2013 673 2053 σύ
696 2015 826 2054 ABG
859 2011 954 2060 συὸς
976 2014 1007 2055 Ι.
1058 2027 1158 2064 quae
1187 2016 1343 2053 exstant
1371 2015 1413 2053 in
1434 2015 1601 2053 Bekker.
1618 2016 1767 2056 Anecd.

213 2075 306 2120 316,
332 2071 364 2111 3
387 2075 622 2123 χρυσοχοεῐν
652 2069 855 2122 ἐμάνθανε
885 2070 925 2109 τί
949 2068 1047 2108 ἐστι·
1079 2069 1268 2121 παροιμία
1295 2068 1339 2108 ἐν
1357 2064 1451 2121 ’ἤθει
1473 2067 1660 2121 λεγομένη
1679 2065 1770 2109 αντὶ

212 2134 283 2167 τοῦ
314 2126 569 2180 ἐπόρνευσεν,
599 2129 675 2168 huc
710 2130 815 2167 certe
844 2140 924 2167 non
954 2128 1169 2177 pertinent.

867 2271 1119 2305 ΔΑΙΔΑΛΟΣ

963 2349 1015 2390 21

1027 2427 1175 2470 ἐθέλει
1207 2425 1248 2468 δ’
1272 2425 1385 2483 ἄνευ

483 2498 655 2552 μισθοῦ
685 2493 792 2550 παρ’
816 2493 967 2545 αὐτοῖς
995 2493 1260 2550 καταμένειν
1291 2494 1518 2544 ἐπισίτιος.

325 2591 554 2631 Athenaeus
587 2593 631 2638 6,
655 2591 736 2628 247
754 2603 777 2627 a
814 2587 994 2627 ἐπισίτιοι
1022 2586 1096 2640 γὰρ
1125 2589 1340 2626 καλοῦνται
1371 2586 1424 2625 οἵ
1448 2585 1526 2626 ἐπὶ
1554 2589 1765 2639 τροφαῖς

211 2645 615 2699 ὑπουργοῦντες.
634 2677 642 2685 .
663 2643 890 2697 ,Εὔβουλος
921 2643 965 2684 ἐν
995 2641 1181 2697 Δαιδάλῳ
1210 2646 1289 2682 κτλ.
1321 2665 1377 2672 —-·-
1407 2640 1608 2691 ἐπισιτίοις
1639 2644 1688 2682 Α.

960 2753 1015 2796 22

326 2839 565 2878 Themistius
605 2838 775 2877 Aristot.
815 2837 874 2875 De
904 2837 1024 2876 anim.
1058 2837 1100 2885 1,
1124 2838 1148 2874 3
1177 2838 1274 2874 extr.
1317 2831 1361 2873 οἱ
1391 2832 1630 2885 κινουμένην
1664 2830 1764 2873 κατὰ

212 2894 332 2934 τόπον
371 2893 443 2946 τὴν
479 2892 618 2945 ψυχὴν
662 2896 789 2933 κινεῖν
825 2890 866 2931 τὸ
906 2897 1017 2943 σῶμα
1054 2886 1368 2942 ἀποφαινόμενοι
1411 2885 1685 2942 παραπλήσιόν
1727 2904 1764 2928 τι
