1864 3204
0 424 3 431 “
0 362 2 366 ’
0 143 24 324 “ν“ντῖ

24 85 34 111 ‘e

489 212 820 248 KAAAsemAuz
845 230 887 237 —
914 210 1303 247 ΠΤΘΔΓΟΡῙΣΤΗΣ
1591 207 1676 250 279

791 315 995 350 ΠΛΑΤΩΝ

223 399 282 439 Cf.
315 399 432 438 Mein.
466 399 484 437 1
516 399 596 437 287
628 400 670 437 et
699 397 904 448 Aristoph.
935 397 986 436 fr.
1019 397 1114 436 538.

880 507 907 550 8

926 575 978 618 έν
1007 573 1194 631 ἡμέραις
1223 574 1373 629 τρισὶν

344 644 607 701 ἰσχνότερον
637 641 778 687 αὐτὸν
808 641 1033 698 ἀποφανῶ
1064 643 1355 686 Φιλιππίδου.

328 717 380 758 Β.
412 711 557 764 οὕτως
588 713 639 755 έν
667 710 852 769 ἡμέραις
881 710 1054 766 ὀλίγαις
1084 708 1277 765 νεκρούς
1306 717 1469 761 ποιεῑς;

223 809 453 849 Athenaeus
487 809 556 858 12,
579 808 660 847 552
678 820 699 846 e
738 801 986 855 Ἀριστοφῶν
1031 800 1220 844 Πλάτωνι
1259 806 1341 844 κτλ.
1401 817 1479 844 om.
1519 805 1676 843 fabulae

109 867 362 917 auctorisque
390 878 496 908 nom.
527 865 724 915 excerpsit
752 864 939 906 Eustath.
974 864 1188 914 1646,16.
1280 864 1316 901 1.
1349 858 1476 928 τρισὶν
1506 858 1676 912 ἰσχνότε-

107 936 180 976 ρον
207 919 335 962 αὐτὸν
363 922 515 962 Iacobs.
567 916 692 960 αὐτὸν
720 918 852 972 τρισὶν
880 916 1112 972 ἰσχνότερον
1131 919 1182 958 Α.
1254 921 1291 958 3.
1324 916 1368 958 ἐν
1397 914 1548 969 ὀλίγαις
1579 914 1676 968 ἡμέ-

109 994 196 1031 ραις
226 981 351 1020 Dobr.
384 1001 436 1008 —
467 993 506 1018 m
532 979 678 1018 nifesto
707 978 886 1018 imitatus
916 979 977 1017 est
1005 977 1130 1026 Arist.
1161 976 1267 1015 Nub.
1303 976 1396 1015 103.
1429 976 1674 1015 853.1112.

107 1038 157 1078 de
186 1037 408 1087 ΡΙιὶΖῂΨίᾱο
437 1036 587 1076 cf.10.
636 1035 913 1083 Alexid.2,7.
949 1035 1042 1073 144.
1086 1033 1317 1073 Athenaeus
1351 1033 1415 1082 12,
1439 1033 1520 1071 522
1539 1032 1564 1070 d
1585 1045 1643 1082 sq.

698 1157 1090 1193 ΠΤΘΑΓΟΡῙΣΤΗΣ

225 1242 301 1282 Cf„
319 1254 422 1292 quae
452 1241 502 1280 ad
534 1241 752 1292 Antiphan.
783 1241 834 1280 fr.
867 1241 949 1279 160
978 1239 1237 1278 adnotantur.

879 1350 906 1393 9

314 1430 430 1487 πρὸς
459 1433 551 1474 τῶν
579 1432 704 1474 θεῶν
734 1429 946 1485 οἰόμεθα,
979 1427 1084 1479 τούς
1114 1428 1252 1471 πάλαι
1282 1427 1390 1470 ποτὲ

311 1497 417 1550 τούς
446 1496 800 1554 Πυθαγοριστὰς
828 1498 1098 1554 γινομένους
1127 1495 1270 1546 οὕτως
1300 1495 1452 1551 ῥυπᾶν

314 1567 522 1622 ἑκόντας,
552 1564 583 1623 ἦ
613 1573 776 1623 φορεῖν
805 1567 1030 1621 τρίβωνας
1058 1563 1223 1621 ἡδέωςς

311 1634 396 1680 οὐκ
428 1638 521 1679 ἔστι
550 1634 728 1678 τούτων
758 1629 924 1689 οὐδέν,
943 1631 1003 1684 ὥς
1034 1633 1132 1688 ἐμοὶ
1163 1634 1303 1676 δοκεῖ·

262 1715 282 1747 5
313 1703 416 1748 ἀλλ’
441 1703 486 1756 ἐξ
519 1702 740 1758 ἀνάγκης,
773 1700 858 1745 οὐκ
889 1703 1067 1757 ἔχοντες
1097 1698 1205 1744 οὐδὲ
1237 1699 1302 1754 ἕν,

311 1776 389 1829 τῆς
420 1771 647 1822 εὐτελείας
677 1770 910 1826 πρόφασιν
943 1767 1152 1824 εὑρόντες
1182 1766 1328 1824 καλὴν

313 1840 450 1897 ὄρους
481 1839 649 1895 ἔπηξαν
680 1846 772 1889 τοῖς
801 1837 963 1894 πένησι
993 1839 1251 1893 χρησίμους.

314 1909 408 1954 ἐπεὶ
438 1906 643 1963 παράθες
674 1905 880 1949 αὐτοῖσιν
912 1907 1045 1962 ἰχθῦς
1072 1901 1102 1961 ἢ
1132 1905 1286 1959 κρέας,

313 1977 400 2021 κᾶν
429 1975 487 2033 μὴ
522 1977 794 2019 κατεσθίωσι
826 1973 900 2016 καὶ
930 1974 1036 2024 τοὺς
1066 1972 1343 2027 δακτύλους,

244 2056 286 2088 10
317 2045 462 2090 ἐθέλω
493 2046 747 2100 κρέμασθαι
777 2042 972 2093 δεκάκις.

220 2141 449 2181 Athenaeus
479 2140 629 2188 4,161
651 2152 672 2178 e
698 2133 948 2189 Ἀριστοφῶν
985 2133 1028 2175 ἐν
1060 2137 1351 2203 Πυθαγοριστῇ
1380 2137 1460 2177 κτλ
1523 2149 1560 2174 v.
1590 2137 1624 2173 1.
1650 2137 1673 2173 2

108 2199 343 2239 Eustathius
368 2198 489 2244 1553,
500 2198 554 2236 30
583 2194 623 2234 τί
649 2208 742 2234 ποτε
772 2192 944 2244 οἰόμεθα
975 2191 1066 2240 τοὺς
1097 2191 1221 2232 παλαι
1242 2189 1335 2231 ποτὲ
1358 2190 1675 2243 Πυθαγοριστὰς

109 2254 253 2306 ῥυπᾶν.
286 2250 307 2293 ὅ
323 2247 540 2304 Ἀθήναιος
561 2249 605 2291 δὲ
625 2249 730 2317 οῧτφ
750 2265 902 2303 γραφει.
926 2273 976 2279 ——
998 2247 1271 2300 ἆριστοφανης
1301 2245 1342 2288 δ’
1361 2247 1406 2287 ἐν
1425 2247 1675 2301 πυθαγόροις

110 2311 150 2351 τί
182 2309 284 2365 πρὸς
322 2324 356 2350 τ.
386 2313 431 2350 θ.
461 2310 513 2350 A.
573 2308 613 2348 τί
649 2304 807 2348 πώποτε
844 2307 1012 2359 οἰόμεθα
1050 2307 1095 2347 C.
1155 2305 1193 2346 τί
1228 2319 1321 2345 ποτε
1358 2303 1526 2357 οἰόμεθα
1558 2307 1673 2345 Eust.

111 2371 204 2409 ante
234 2381 273 2408 v.
298 2370 317 2406 1
351 2367 517 2407 fortasse
547 2365 587 2405 τί
602 2364 762 2405 πώποτε
782 2365 1078 2404 restituendum
1100 2377 1189 2404 cum
1210 2364 1536 2426 interrogationis
1558 2364 1673 2413 signo

108 2428 199 2477 post
227 2422 408 2475 οἰόμεθα.
467 2420 610 2463 deinde
641 2422 894 2462 scribendum
925 2419 1017 2467 τοὺς
1046 2414 1376 2467 ὖδατοπότας.
1428 2420 1578 2459 of.1.0
1608 2421 1673 2458 13.

111 2485 150 2522 2.
180 2477 414 2548 γινομένους
444 2476 501 2534 A]
531 2476 765 2546 λεγομένους
794 2479 917 2517 Mein.
940 2480 1061 2517 recte.
1151 2471 1275 2524 οὕτως
1296 2474 1435 2529 BDP]
1467 2474 1591 2523 ὄντως
1624 2478 1672 2515 A.

110 2540 150 2579 8.
180 2534 364 2577 αὐτοῖσιν
394 2533 637 2589 Schweigh]
667 2530 803 2581 αυτοῖς
833 2535 882 2573 Α.

226 2607 326 2645 quae
355 2594 398 2632 in
427 2594 537 2632 exitu
567 2605 604 2632 v.
632 2595 649 2631 1
683 2592 837 2632 codices
867 2591 1060 2642 praebent
1088 2593 1206 2641 poeta
1235 2590 1442 2642 scripsisse
1472 2602 1553 2628 non
1583 2591 1671 2639 pot-

111 2655 191 2703 est,
236 2651 330 2701 quia
365 2662 447 2689 non
476 2649 524 2688 de
554 2649 757 2689 veteribus
785 2648 1037 2699 Pythagorae
1069 2648 1294 2698 discipulis,
1326 2647 1393 2685 sed
1426 2646 1474 2684 de
1505 2646 1672 2685 noviciis

112 2710 199 2749 eius
229 2706 494 2747 sectatoribus
525 2702 646 2758 (Gell.
681 2708 717 2753 1,
741 2707 779 2754 9,
806 2702 876 2759 11)
905 2705 1097 2756 loquitur.
1151 2704 1280 2745 Schol.
1312 2703 1474 2741 Theoer.
1500 2703 1565 2751 14,
1579 2705 1603 2741 5
1635 2701 1678 2741 οι

109 2762 183 2817 μὲν
204 2759 483 2814 Πυθαγορικοὶ
520 2766 657 2800 πᾶσαν
685 2760 879 2813 φροντίδα
903 2764 1112 2800 ποιοῦνται
1142 2764 1213 2799 τοῦ
1242 2755 1431 2810 σώματος,
1463 2757 1503 2797 οἵ
1519 2755 1564 2797 δὲ
1586 2760 1672 2797 Πυ-
1728 2775 1744 2788 ·

110 2818 346 2873 θαγορισταὶ
376 2815 682 2872 περιεσταλμένῃ
710 2815 778 2857 καὶ
805 2814 990 2872 αὖχμηρᾷ
1019 2817 1154 2871 διαίτῃ
1174 2817 1358 2868 χρῶνται.
1440 2817 1477 2855 9.
1500 2816 1550 2855 cf.
1572 2816 1670 2854 Her-

111 2879 234 2930 mipp.
265 2877 331 2917 24.
372 2876 531 2916 Alexid.
565 2876 657 2926 172,
679 2877 718 2915 5.
