1864 3204
232 251 315 293 306
892 250 1145 290 ΑΛΕΞΙΔΟΣ

233 355 314 394 652
345 352 500 406 πύργον
528 351 693 423 εὐαυγῆ.
724 355 865 395 Bacch.
886 358 964 395 662
996 351 1124 406 χιόνος
1149 353 1333 411 εὐαυγεῖς
1353 356 1481 407 βολαί.
1513 353 1658 409 (neque
1678 358 1783 397 enim

233 412 348 450 credo
378 412 567 451 Elmsleio
598 408 744 463 εὐαγής
775 411 1034 463 defendenti.)
1079 413 1201 462 Verg.
1234 414 1334 452 Aen.
1365 414 1521 462 3,126
1569 413 1709 453 Horat.
1741 413 1785 454 C.

236 471 271 518 1,
296 470 360 517 19,
383 470 421 507 6.
473 468 587 509 Ovid.
619 470 716 507 Met.
751 471 787 517 7,
809 469 906 507 465
954 491 1004 496 -—
1050 469 1275 519 adpellatur
1313 471 1397 519 ipse
1435 470 1518 509 sine
1548 469 1668 510 dubio
1699 471 1782 510 sive

231 538 417 574 plaesens
447 526 531 565 sive
560 526 701 566 absens
730 525 1000 565 Archilochus.

985 635 1041 677 23

503 690 750 747 λαβόμενος

345 769 434 812 άντὶ
463 778 534 812 τοῦ
563 772 710 825 λαβών.
754 771 906 821 ’Ἀλεξις
933 768 1179 825 Ἀρχιλόχοις.
1210 774 1379 812 Bekker.
1414 749 1563 812 Anecd.
1600 776 1780 825 106,16.·

232 831 387 870 confelt
415 831 636 870 Meinekius
668 832 733 881 78,
755 832 794 870 8.

766 963 1254 998 ΑΣΚΛΗΠΙΟΚΛΕῙΔΗΣ

979 1043 1034 1083 24

774 1120 916 1171 οὕτως
946 1118 990 1162 δ’
1014 1119 1248 1172 ὀψοποιεῖν
1281 1119 1461 1176 εὐφυῶς

459 1189 562 1244 περὶ
591 1187 673 1244 τὴν
704 1191 920 1231 Σικελίαν
951 1187 1087 1237 αὐτὸς
1115 1190 1304 1243 ἔμαθον,
1335 1186 1451 1231 ὥστε
1480 1184 1586 1238 τούς

462 1258 759 1306 δειπνοῦντας
789 1257 851 1306 εἰς
879 1254 933 1298 τοὶ
960 1254 1139 1311 βατάνι’
1163 1257 1375 1312 ἐμβαλεῖν
1405 1257 1520 1298 ποιοῖ

456 1325 600 1367 ἐνίοτε
630 1322 736 1374 τοὺς
766 1321 955 1374 ὀδόντας
984 1322 1074 1366 ὑπὸ
1105 1326 1183 1379 τῆς
1211 1321 1388 1379 ἡδονῆς.

231 1447 240 1454 .
347 1418 574 1458 Athenaeus
605 1418 792 1466 4,169d
821 1414 1011 1469 βατάνιον
1041 1414 1080 1456 δ’
1104 1416 1294 1470 εἰᾛρηκεν
1342 1415 1518 1465 ῙἈλεξις
1550 1415 1593 1455 ἒν
1619 1413 1786 1468 Ἀσ-κλη

215 1473 437 1528 ’πιοκλείδῃ
467 1477 546 1517 κτλ
584 1477 720 1513 contra
747 1475 891 1513 Pollux
924 1476 991 1525 10,
1015 1476 1094 1514 107
1117 1471 1267 1521 ’Ἀλεξις
1298 1447 1351 1511 δὲ
1369 1471 1413 1512 ἐν
1438 1470 1787 1528 Ἀσκληπιοκλείδῃ

232 1529 408 1570 πατάνια
447 1530 620 1583 εἰᾛρηκεν
672 1531 721 1570 cf.
751 1531 801 1569 fr.
836 1533 928 1581 110,
952 1533 1003 1569 21
1021 1544 1081 1581 sq
1189 1532 1225 1572 2
1255 1527 1329 1581 τὴν
1357 1531 1444 1570 add.
1477 1530 1642 1570 Casaub.
1747 1532 1786 1570 3.

232 1584 392 1640 βατάνι’
426 1584 670 1640 Sehweigh.]
701 1585 892 1639 βατάνεια
921 1588 973 1626 A.
1039 1582 1199 1626 λοπάδι’
1222 1588 1273 1625 fr.
1301 1589 1392 1626 110.
1481 1584 1666 1638 ἐμβαλεῖν
1694 1586 1786 1626 Iun·

234 1658 357 1695 germ
389 1645 493 1683 Poll.
529 1643 716 1695 10,107]
751 1640 933 1696 ἐκβαλεῖν
963 1645 997 1683 Α
1028 1643 1125 1683 Ath.
1159 1640 1369 1695 ἐμβάλλειν
1398 1643 1448 1682 fr.
1474 1646 1564 1684 110.

766 1789 1249 1823 ΑΣῼΤΟΔῙΔΑΣΚΑΛΟΣ

347 1872 492 1911 Athen.
525 1872 572 1920 8,
595 1873 675 1910 336
693 1871 716 1909 d
756 1866 829 1923 ε’γώ
867 1885 942 1922 γαρ
972 1866 1045 1908 οὐκ
1075 1865 1283 1920 ἀπήντησα
1313 1873 1367 1922 τῷ
1396 1866 1584 1932 δράματι·
1626 1867 1788 1907 πλείονα

234 1927 303 1978 τῆς
333 1925 453 1979 μέσης
483 1925 727 1978 καλουμένης
758 1926 964 1994 κωμῳδίας
994 1922 1172 1978 ἀναγνοὺ
1177 1940 1196 1972 ς
1226 1923 1406 1977 δράματα
1436 1930 1515 1964 τῶν
1544 1918 1788 1963 οκτακοσίων

300 1980 383 2023 ,οὗ
429 1982 721 2034 περιέτυχον
765 1988 825 2037 τῷ
865 1978 1352 2034 Ἀσωτοδιδασκάλῳ,
1397 1978 1496 2020 ἀλλ’
1530 1978 1633 2020 οὐδ’
1672 1977 1787 2020 ἅνα-

233 2015 429 2093 γραφῆς
460 2037 733 2089 ἀξιωθέντι
763 2038 822 2078 σύ
833 2039 986 2079 νοιδα.
1025 2040 1072 2079 cf.
1093 2040 1212 2078 Mein.
1234 2039 1253 2077 Ι
1274 2040 1368 2078 380.
1401 2040 1497 2077 397.
1519 2039 1557 2077 8.
1587 2038 1786 2089 fragmen-

234 2101 320 2136 tum
345 2097 511 2136 Alexide
541 2110 788 2148 nequaquam
821 2098 1032 2148 indignum
1061 2096 1238 2136 videtur·
1229 2127 1238 2135 .
1270 2108 1510 2146 quamquam
1541 2095 1659 2134 aliter
1687 2094 1788 2132 iudi-

235 2157 300 2194 cat
329 2153 562 2194 Meinekius.

981 2205 1037 2247 25

437 2287 485 2328 τί
508 2288 648 2327 ταῦτα
679 2287 855 2341 ληρεῖς,
887 2285 1142 2339 φληναφῶν
1172 2281 1265 2325 ἄνω
1296 2284 1417 2325 κάτω

410 2402 414 2405 ,
438 2354 650 2407 Λύκειον,
679 2351 986 2406 Ἀκαδήμειαν,
1013 2349 1210 2393 Ὠιδείου
1240 2351 1408 2405 πύλας,

440 2422 607 2476 λήρους
637 2422 888 2474 σοφιστῶν;
931 2417 1039 2461 οὐδὲ
1070 2419 1118 2461 ἓν
1149 2417 1322 2460 τούτων
1352 2417 1505 2460 καλόν.

439 2491 654 2543 πίνωμεν,
688 2486 958 2543 ἐμπίνωμεν,
991 2480 1028 2529 ὦ
1060 2487 1228 2539 Σίκων,
1262 2487 1431 2538 Σίκων,

387 2566 408 2597 5
437 2557 677 2611 χαίρωμεν,
707 2554 790 2604 ἕως
820 2556 964 2597 ἔνεστι
994 2552 1078 2609 τὴν
1107 2551 1257 2607 ψυχὴν
1285 2553 1480 2608 τρέφειν.

439 2623 651 2679 τύρβαζε,
683 2621 832 2678 Μάνη.
882 2619 1076 2677 γαστρὸς
1106 2618 1242 2664 οὐδὲν
1270 2616 1429 2675 ἥδιον(

439 2689 548 2745 αὕτη
579 2689 723 2745 πατήρ
755 2701 826 2731 σοι
855 2689 929 2731 καὶ
959 2690 1096 2731 πάλιν
1125 2688 1267 2744 μήτηρ
1298 2687 1425 2742 μόνη.

440 2757 592 2814 ἀρεταὶ
622 2758 671 2800 δὲ
703 2758 938 2812 πρεσβεῖαί
961 2773 1008 2799 τε
1038 2756 1112 2799 καὶ
1143 2756 1402 2811 στρατηγίαι

440 2826 604 2881 κόμποι
635 2824 759 2867 κενοὶ
790 2827 1018 2879 ψοφοῦσιν
1047 2821 1146 2866 ἄντ’
1169 2819 1427 2877 ὀνειράτων.

370 2903 412 2934 10
443 2890 570 2944 ψύξει
601 2904 651 2935 σε
681 2892 856 2946 δαίμων
885 2895 946 2948 τῷ
977 2891 1252 2946 πεπρωμένῳ
1282 2891 1449 2946 χρόνῳ·
