1890 3190
280 210 336 251 46
904 211 1217 244 ΑΝΤῙΦΑΝΟΤΣ

396 314 457 352 dei
488 314 584 363 quid
612 314 676 351 hic
707 314 782 352 sibi
812 313 940 351 velint
969 325 1050 351 non
1080 315 1246 363 exputo.
1279 326 1369 350 nam
1390 325 1478 351 cum
1499 314 1621 351 seolia
1640 312 1832 351 caneban-

283 373 360 418 tur,
392 371 475 408 deis
504 382 584 408 non
614 370 826 408 libabatur.
878 370 1128 408 scribendum
1158 371 1219 408 est
1249 368 1286 406 τί
1311 362 1385 406 οὖν
1415 365 1578 407 ε’νεστι
1606 371 1688 415 τοῖς
1717 365 1834 407 σκύ-

284 436 480 475 φοισιν;
530 427 675 465 Athen
709 428 774 477 11,
796 426 912 464 498a
943 425 983 464 οἵ
1004 422 1171 463 Ἀττικοὶ
1201 421 1390 479 (σκύφος)
1423 423 1489 462 καὶ
1519 422 1738 476 ἀρσενικῶς
1767 422 1834 463 καὶ
1876 427 1890 487 ξ

284 480 499 534 οὐδετέρως
530 479 724 533 λέγουσιν.
813 483 850 521 5.
882 483 931 523 of.
962 483 1012 520 fr.
1033 484 1073 520 4.
1880 495 1885 501 ⁸

1034 592 1087 633 86

1150 645 1298 696 οὐδεὶς
1326 645 1519 700 πώποτε,

488 710 524 757 ὦ
557 714 754 768 δέσποτ’,
786 703 980 756 άπέθαν’
1005 712 1257 756 ἀποθανεῖν
1287 713 1522 768 πρόθυμος
1551 712 1632 766 ὤν,

487 781 592 833 τοὺς
620 782 912 837 γλιχομένους
941 782 991 823 δὲ
1021 784 1098 836 ζῆν
1128 783 1333 836 κατασπᾷ
1362 784 1444 823 τοῦ
1474 781 1661 831 σκέλους

488 850 682 900 ἄκοντας
714 848 738 891 ὁ
769 850 935 905 Χάρων
966 848 1039 891 ἐπὶ
1068 850 1118 891 τὸ
1148 849 1399 903 πορθμεῑόν
1428 847 1470 891 τ’
1492 848 1590 903 ἄγει

437 927 457 958 5
491 919 794 973 σιτιζομένους
823 918 897 959 καὶ
927 915 1060 959 πάντ’
1082 918 1264 971 ἔχοντας
1293 914 1519 971 ἀφθόνως.

489 983 512 1028 ὁ
544 986 593 1027 δὲ
623 985 750 1041 λιμός
781 985 905 1027 ἐστιν
934 982 1186 1034 ἀθανασίας
1216 982 1468 1039 φάρμακον.

399 1080 594 1119 Stobaeus
623 1080 761 1118 Floril.
794 1081 866 1128 21,
889 1080 915 1117 4
943 1075 1207 1128 Ἀντιφάνους
1237 1075 1279 1116 ἐκ
1311 1078 1543 1116 Διπλασίων
1568 1078 1617 1117 A.
1724 1078 1763 1119 4.
1795 1074 1838 1116 τὸ

286 1135 510 1188 πορθμεῖόν
539 1137 726 1175 Valcken.
758 1137 890 1175 Diatr.
921 1132 1023 1188 280]
1065 1133 1186 1174 τόπον
1228 1130 1354 1174 θεῖόν.
1472 1136 1509 1174 5.
1555 1131 1836 1185 σιτιζομένους]

287 1190 569 1244 ὠστιζομένους
579 1192 600 1231 ⁴?
1828 1197 1830 1201 “

401 1252 441 1289 6.
473 1246 722 1296 εὐθανασίας
751 1249 933 1288 Bothius.
992 1251 1061 1287 aut
1089 1249 1163 1288 hoc
1191 1248 1462 1299 reponendum
1491 1250 1561 1286 aut
1591 1260 1679 1287 eum
1703 1247 1843 1287 Grotio

287 1322 309 1346 a
337 1322 376 1347 v.
399 1309 423 1345 6
453 1320 601 1346 novum
632 1307 902 1357 fragmentum
932 1305 1195 1344 incohandum
1227 1307 1300 1345 est.

867 1428 1261 1462 ΔΡΑΠΕΤΑΓῼΓΟΣ

401 1511 501 1549 Plat.
532 1511 696 1561 Protag.
729 1511 841 1549 3100
872 1505 892 1546 ὃ
924 1507 999 1560 γάρ
1029 1522 1087 1547 τοι
1116 1511 1210 1554 παῖς
1240 1522 1287 1558 με
1318 1504 1338 1546 ὁ
1370 1506 1549 1558 Σάτυρος
1578 1503 1748 1558 ἀπέδρα·
1777 1503 1846 1544 καὶ

291 1567 389 1619 δῆτα
418 1565 570 1618 μέλλων
601 1577 662 1604 σοι
693 1563 855 1618 φράζειν
886 1563 946 1603 ότι
976 1564 1188 1616 διωξοίμην
1216 1560 1353 1614 αὐτόν,
1385 1560 1651 1614 ἐπελαθόμην.
1710 1563 1843 1602 ‘litte-

288 1638 422 1663 rarum
454 1625 502 1662 ad
532 1624 749 1674 fugitivum
781 1622 1194 1675 comprehendendum
1222 1623 1263 1660 in
1285 1622 1471 1660 finitimas
1493 1621 1612 1660 urbes
1632 1620 1842 1659 missarum

289 1681 511 1731 exemplum
541 1681 583 1718 in
612 1692 764 1730 papyro
796 1675 852 1731 (a.
888 1680 967 1717 145
990 1692 1024 1717 a.
1043 1670 1154 1731 Chr.)
1185 1677 1391 1728 scriptum'
1423 1678 1600 1717 exhibuit
1630 1677 1844 1715 ‘Letronne

289 1739 454 1788 Fimagm
486 1737 592 1775 ined.
622 1750 661 1786 p
688 1737 735 1774 14
754 1736 831 1785 sq.'
864 1735 1100 1774 Stallbaum.

1041 1822 1092 1864 87

882 1903 1076 1955 κοσμίως
1105 1902 1248 1943 ποιῶν
1278 1900 1361 1955 τὴν
1391 1901 1575 1941 ἔνθεσιν

492 1966 659 2024 μικρὰν
687 1969 770 2024 μὲν
802 1969 853 2011 ἐκ
882 1971 963 2010 τοῦ
993 1965 1187 2023 πρόσθε,
1218 1965 1386 2022 μεστὴν
1415 1965 1457 2008 δ’
1481 1967 1673 2008 ἔνδοθεν

492 2036 575 2092 τὴν
607 2044 754 2092 χεῖρα,
786 2036 995 2090 καθάπερ
1026 2036 1078 2077 αἶ
1101 2042 1336 2090 γυναῖκες,
1368 2035 1622 2089 κατέφαγεν

493 2105 734 2160 πάμπολλα
763 2103 838 2146 καὶ
868 2103 1101 2159 ταχύτατα.

405 2200 636 2238 Athenaeus
667 2199 808 2247 4,161
829 2199 883 2237 de
921 2195 1020 2236 κατὰ
1052 2195 1120 2236 τὸν
1149 2194 1316 2245 ἥδιστον
1342 2193 1580 2246 Ἀντιφάνη·
1624 2188 1741 2241 οὗτος
1769 2188 1843 2246 γὰρ

292 2255 335 2295 ἐν
358 2258 662 2324 Δραπεταγωγῷ
691 2229 792 2306 λέγει
822 2256 902 2295 κτλ.
978 2256 1016 2293 2.
1047 2249 1199 2306 πρόσθε
1230 2253 1275 2292 A.
1308 2253 1356 2292 cf.
1388 2253 1486 2292 Lob.
1516 2252 1664 2302 Phryn.
1687 2251 1782 2291 284.
1805 2251 1842 2289 5.

293 2315 333 2352 3.
364 2309 559 2363 κατέφαγε
589 2295 745 2364 Di‘ndf.]
786 2309 1030 2362 καταφάγετε
1067 2311 1295 2349 Athenaeus
1331 2309 1463 2349 verbis
1492 2310 1634 2359 poetae
1663 2307 1844 2347 consulto

292 2370 513 2408 inmutatis.
601 2370 640 2407 4.
673 2366 889 2419 ταχύτατα]
923 2364 1080 2418 τάχιστα
1111 2366 1317 2406 Herwerd.
1347 2366 1466 2406 Anal.
1499 2366 1586 2407 crit
1619 2365 1684 2404 34.
1734 2376 1846 2414 prae-

294 2428 376 2466 stat
404 2423 674 2475 παχύτατα.

924 2511 1216 2546 ΔΤΣΕΡΩΤΕΣ

409 2585 541 2622 Merae
578 2583 826 2622 coniecturae
864 2584 957 2621 sunt
993 2594 1092 2631 quae
1122 2581 1170 2619 de
1200 2581 1430 2631 argumento
1461 2579 1617 2618 fabulae
1645 2590 1845 2628 exponun-

294 2644 360 2679 tur
390 2641 432 2679 in
462 2639 666 2689 Toeppelii
696 2651 830 2689 progr.
861 2638 1006 2677 Neobr.
1042 2638 1146 2676 1851
1180 2651 1220 2687 p.
1241 2638 1305 2676 13.

1043 2724 1097 2766 88
1133 2779 1276 2822 ἐκεῖσε
1307 2777 1348 2820 δ’
1373 2776 1428 2820 οὐ
1459 2778 1576 2820 πλέω

537 2848 646 2892 ὅθεν
677 2847 1030 2903 διεσπάσθημεν,
1064 2846 1291 2902 ἐρρῶσθαι
1319 2846 1466 2906 λέγων
