1864 3204
542 207 794 242 'rommuz
817 223 856 232 —
882 187 1174 241 ΤΡόΦΩΝιοΣ
1548 205 1632 248 383

64 309 133 351 δεῖ
156 310 299 363 Dobr.]
338 308 419 350 ἔδει
447 311 499 350 A.
606 324 649 363 ys
679 309 734 363 A]
767 307 810 350 τὸ
840 311 965 351 Dobr.
1072 306 1146 358 οὓς
1175 308 1243 350 δεῖ
1266 306 1310 349 τὸ
1340 323 1405 362 πρ.
1438 309 1557 350 Mein.
1590 310 1634 350 in

15 387 18 391 ⁴
63 366 160 417 Aua.
251 369 290 407 5.
321 364 568 420 ποιητικούς]
600 363 807 419 νοητικούς
838 368 960 407 Mein.
984 366 1020 406 V
1051 369 1116 407 91.
1146 380 1198 407 an
1227 364 1632 419 προνοητικούςῗ

63 418 110 463 εὖ
138 422 287 476 πόρους
318 422 362 464 ἐν
391 439 425 464 τ.
457 419 526 464 ἇπ.
558 421 798 476 βλέποντας,
842 424 992 464 Iacobs.
1024 424 1198 464 Exercit.
1230 424 1318 463 erit.
1350 423 1369 463 I
1400 424 1495 464 213.
1534 420 1538 424 ’
1593 426 1633 463 6.

62 477 362 535 ἀθλιωτάτους]
393 476 688 531 ἀλκιμωτάτους
717 482 843 521 Dobr.
875 478 1171 532 αἱμυλωτᾶτους
1192 481 1399 520 Herwerd.
1423 480 1521 521 Obs.
1543 482 1632 520 orit.

70 539 136 579 76.
166 535 384 590 βλέποντας
413 535 458 577 ἐν
485 534 729 584 ἆλαωτοίτοις
758 538 974 589 Emperius
1004 541 1046 577 et
1075 537 1122 578 G.
1143 538 1282 577 Herm.
1320 538 1389 577 sed
1410 533 1530 585 ἀλαός
1551 550 1632 577 non

65 598 126 635 est
155 596 408 636 comicorum:
459 607 591 646 neque
621 595 784 635 omnino
816 596 1027 646 quiequam
1058 595 1294 634 mutandum
1325 597 1398 636 est.

812 705 897 749 235

877 783 959 828 τὸν
988 781 1076 839 γὰρ
1106 783 1303 827 ὕστατον

336 855 508 909 τρέχων
537 854 728 896 δίαυλον
758 852 840 895 τοῦ
866 854 973 908 βίου
1004 854 1083 908 ζῆν
1112 851 1348 908 βούλομαι.

179 947 375 987 Stobaeus
406 948 545 987 mora.
582 949 673 997 119,
698 949 749 986 15
777 943 970 996 Ἀλέξιδος
999 944 1044 986 ἐκ
1076 922 1330 998 ’Τραυματίου
1360 947 1409 986 A.
1490 949 1528 986 2.
1560 947 1633 998 ζῆν

67 1017 144 1046 om.
163 1004 259 1043 AB.
289 1006 331 1044 iu
362 1006 419 1044 eis
449 1018 549 1055 quae
579 1005 849 1055 sequebantur
869 1005 1022 1044 dictum
1041 1007 1128 1043 erat
1147 1005 1474 1054 quemadmodum
1494 1005 1630 1044 vivere

68 1061 214 1102 vellet:
247 1062 322 1113 ζῆν
350 1059 541 1113 βούλομαι
567 1060 575 1115 1
599 1054 695 1111 μετα
724 1060 796 1100 σοῦ
825 1062 890 1101 vel
919 1058 964 1100 ἐν
992 1057 1139 1115 ἡσυχίᾳ
1169 1064 1244 1101 cet.

697 1184 990 1219 ΤΡΟΦΩΝΙΟΣ

183 1266 396 1317 Trophonii
438 1266 614 1306 fabulam
658 1268 816 1317 praeter
860 1266 1007 1305 Alexin
1059 1265 1267 1316 Cratinus,
1320 1265 1630 1317 Cephisodotus,

68 1323 286 1363 Menander
314 1325 602 1365 tractaverunt.
654 1323 704 1363 ef.
736 1323 907 1363 Meinek.
938 1323 958 1362 I
990 1323 1085 1362 392.

800 1433 884 1477 236

881 1508 970 1555 εἷθ’
996 1509 1020 1554 ὁ
1049 1514 1269 1568 Μοσχίων

339 1578 363 1623 ὁ
393 1580 714 1636 παραμασήτης
746 1579 797 1622 ἑν
826 1581 1006 1635 βροτοῖς
1036 1579 1300 1636 αὐδώμενος

180 1675 413 1715 Athenaeus
434 1676 472 1724 6,
493 1676 606 1714 2420
636 1672 933 1725 Μοσχίωνος
963 1671 1009 1713 δέ
1038 1688 1143 1721 τινος
1171 1674 1451 1727 παρασίτου
1480 1689 1628 1727 μνημο-

67 1728 198 1771 νεύων
223 1730 376 1781 ’Ἀλεξις
418 1729 463 1771 ἐν
503 1731 719 1783 Τροφωνίῳ
755 1729 1049 1783 παραμασήτην
1086 1728 1212 1771 αὐτὸν
1251 1729 1294 1771 ἐν
1332 1730 1484 1780 τούτοις
1523 1735 1639 1772 καλεῖ

66 1790 147 1828 κτλ.
198 1788 404 1839 Euripidis
441 1789 591 1829 aliusve
630 1789 775 1839 tragici
804 1788 1009 1839 parodiam
1039 1802 1125 1829 esse
1155 1791 1263 1830 reete
1292 1789 1502 1829 adnotavit
1530 1791 1627 1829 Mei-

66 1845 208 1885 nekius
238 1845 356 1885 Anal.
388 1845 486 1885 Ath.
523 1846 616 1885 105.
669 1845 716 1884 de
745 1845 972 1886 Moschione
1001 1846 1050 1886 cf.
1082 1846 1262 1886 Axionic.
1285 1847 1324 1897 4,
1349 1848 1412 1886 13.
1445 1847 1629 1886 Menand.

66 1903 150 1941 469
181 1902 302 1942 Mein.
349 1902 528 1943 Straton.
553 1903 618 1942 13.

808 1967 891 2011 237

542 2049 630 2090 νῦν
661 2043 706 2088 δ’
729 2046 806 2089 ἵνα
835 2045 895 2102 μὴ
926 2048 1159 2098 παντελῶς
1187 2048 1398 2091 Βοιώτιοι

238 2112 458 2170 φαίνησθ’
481 2110 597 2158 εἶναι
626 2121 720 2165 τοῖς
748 2110 986 2170 διασύρειν
1015 2112 1130 2172 ὑμᾶς
1160 2115 1454 2171 εἰθισμένοις,

238 2178 530 2238 (ἇς-ἀκίνητοι
560 2184 650 2225 νῦν
680 2179 796 2226 εἶναι
825 2184 940 2238 βοᾶν
971 2181 1046 2226 καὶ
1076 2191 1239 2227 πονεῖν
1267 2183 1413 2238 μ’όνον

239 2248 315 2293 καὶ
344 2250 545 2293 δειπνεῖν
576 2249 866 2306 ἐπιστάμενοι
896 2246 970 2293 διὰ
999 2252 1156 2302 τέλους
1184 2249 1268 2308 τὴν
1298 2251 1433 2308 νύχθ’
1460 2251 1587 2308 ὅλην,

190 2327 212 2359 6
240 2315 468 2373 γυμνοῦθ’
492 2314 660 2369 αὐτούς
687 2322 858 2361 θᾶττον
887 2316 1096 2369 ἅπαντες.

187 2411 415 2451 Athenaeus
450 2414 517 2464 10,
537 2412 651 2452 4170
678 2409 829 2459 ’Ἀλεξις
862 2411 1079 2467 Τροφωνίῳ
1108 2414 1190 2456 κτλ.
1279 2416 1316 2456 3,
1345 2410 1529 2466 ἆκίνητοί
1553 2411 1633 2455 ’στε

69 2467 170 2519 βοᾶν
201 2465 294 2508 νυνὶ
322 2468 488 2508 Porsen.
518 2468 641 2508 Arist.
673 2469 779 2508 Nub.
812 2469 894 2508 518
924 2482 965 2520 p.
988 2470 1055 2509 20.
1094 2466 1274 2521 ἀνίκητοι
1305 2471 1495 2523 Sylburg.
1539 2467 1629 2511 ἁνί-

72 2537 183 2576 κητοι
219 2520 337 2574 σύχν’
366 2519 428 2564 ἀεὶ
469 2523 572 2576 βοᾶν
609 2525 788 2564 Erfurdt.
838 2520 1024 2576 ἆνίκητοί
1049 2540 1089 2566 τε
1117 2526 1221 2579 βοᾶν
1251 2524 1336 2566 ἕστε
1367 2528 1485 2568 Mein.
1537 2522 1632 2580 (εἴτε

70 2581 439 2676 ΕτίίέιεοΙιἎΕυΡΟΙ.
470 2594 571 2622 vers.
594 2582 641 2620 fr.
667 2578 751 2635 14.)
837 2579 997 2636 πονεῖν]
1029 2581 1160 2622 πίνειν
1191 2583 1355 2623 Casaub.
1386 2587 1428 2623 et
1456 2584 1629 2624 Palmer.

73 2639 112 2679 5.
163 2650 309 2684 αυτους
340 2639 389 2677 A.

191 2694 363 2733 metrum
394 2697 455 2734 est
484 2694 748 2745 Eupolideum
779 2692 849 2747 (cf.
871 2695 919 2735 fr.
942 2693 1065 2750 206):
1098 2696 1217 2736 choro
1247 2697 1382 2747 igitur,
1413 2698 1633 2737 niz-Aristo·
1714 2681 1732 2697 ⁶

77 2751 228 2802 phanes
258 2751 301 2789 in
330 2750 470 2799 Pluto,
510 2751 646 2790 Alexis
676 2751 837 2791 videtur
865 2764 960 2792 usus
990 2765 1088 2791 esse.
1131 2754 1300 2802 pallium
1329 2754 1515 2802 deponere
1544 2751 1632 2807 (yv-

84 2812 215 2859 μνοῦν
243 2802 412 2859 αὐτούς)
442 2808 642 2858 iubentur,
674 2820 752 2858 quo
782 2809 863 2848 sint
892 2809 941 2848 ad
972 2809 1199 2848 saltandum
1229 2809 1458 2850 habiliores.
1501 2811 1632 2851 Schol.

74 2864 204 2904 Arist.
235 2864 324 2903 Pac.
359 2865 438 2904 729
469 2861 626 2916 γυμνὸν
653 2861 730 2917 γὰρ
758 2864 921 2904 ποιοῦσί
948 2862 1018 2904 τὸν
1046 2863 1163 2916 χορὸν
1192 2865 1235 2905 οἱ
1258 2864 1423 2917 κωμικοὶ
1452 2861 1534 2918 det,
1564 2865 1632 2907 ἵνα
