1890 3190
609 189 777 224 muoz:
823 189 1136 225 ΓΑΝΤΜΗΔΗΣ
1594 189 1642 231 41

56 319 61 323 -
84 292 211 335 mium
241 305 326 335 esse
355 293 521 336 dixerat.
569 294 676 345 apud
696 294 913 335 Homerum
933 294 982 336 Il.
1005 295 1074 343 20,
1095 295 1177 334 232
1207 295 1322 335 Trois
1351 295 1457 335 filius
1486 297 1559 335 est.
1600 295 1650 334 ad

378 350 475 391 haec
505 351 664 391 rettulit
693 351 737 392 G.
762 351 1016 392 Hermannus
1038 350 1183 402 Opuso.
1207 351 1244 390 V
1266 353 1359 392 186.
1455 354 1488 394 1
1511 348 1651 391 οἰκιῶν

54 412 58 418 ’
84 406 132 448 L.
163 406 300 451 Dindf.
330 409 372 447 et
401 406 636 459 Hermann]
670 407 829 447 οἰκείων
859 408 906 448 A.
1010 404 1131 459 μὲν*
1114 423 1135 447 ο
1167 413 1249 448 τῶν
1281 405 1474 462 Meinek.]
1503 404 1646 459 μενόν-

85 475 167 504 των
195 464 246 504 Δ.
363 464 402 504 2.
435 463 564 504 ὀἰκῶν
578 462 734 533 Mein]
764 462 884 504 ὤκων
913 466 964 504 Α.
1084 466 1122 505 3.
1153 461 1277 517 ἀρχῆς
1310 465 1513 505 Seidlerus
1542 466 1647 517 apud

83 519 241 588 Herm]
273 515 394 573 ὀργῆς
425 522 474 563 A.
578 516 822 572 Ἀντιφάνης
853 518 1090 574 Hermann]
1120 518 1394 574 ἇριστοφᾶνης
1425 523 1473 562 A.
1581 520 1648 561 διὰ

84 573 238 617 τούτων
271 576 515 618 Fritzsohius
552 578 658 629 apud
694 577 850 629 Herm]
890 575 958 625 τὰς
990 578 1037 618 A.
1089 579 1301 618 ‘videntur
1338 581 1568 646 praesentes
1607 579 1650 622 in

49 683 51 688 f
85 646 228 675 scaena
266 646 384 686 agere
415 635 635 675 Mercurius
672 637 715 675 et
743 636 844 674 alius
874 635 1059 686 quidam,
1102 636 1166 675 oui
1197 635 1440 686 Ganymedis
1469 636 1648 687 rapinam

83 689 268 743 Iuppiter
300 691 570 731 mandaverunt
622 692 714 732 huie
743 693 848 732 viam
879 692 1132 732 monstrabat
1161 693 1410 732 Mercurius!
1442 693 1561 732 Mein.
1602 707 1648 732 ex

83 747 251 800 prologo
281 750 489 802 excerpta
494 761 580 788 esse
609 748 786 799 adparet.
853 743 933 787 ἀπ’
961 744 1119 801 ἀρχῆς
1149 750 1176 789 i.
1199 762 1234 789 e.
1265 763 1292 789 a
1319 751 1429 801 reyia
1458 751 1648 801 diqnitate

47 852 51 855 p
83 803 315 845 Laomedon
345 806 391 844 ut
418 795 552 857 μέδων
581 810 651 845 τοῦ
680 807 779 845 λαοῦ
810 806 968 848 dicitur.

838 940 893 984 74

858 1024 917 1063 H.
950 1023 1070 1076 οἴμοι
1097 1019 1376 1076 περιπλοκὰς

218 1088 323 1130 λίαν
353 1086 534 1145 ἐρωτᾷς.
587 1091 639 1131 Λ.
672 1086 775 1131 ἀλλ’
798 1086 886 1143 ἐγώ
917 1091 1077 1143 σαφῶς
1107 1088 1281 1145 φράσω.

216 1157 295 1211 τῆς
324 1152 530 1211 ἁρπαγῆς
559 1158 640 1199 τοῦ
670 1155 830 1207 παιδὸς
860 1157 902 1199 εἰ
929 1156 1152 1208 ξύνοισθά
1182 1173 1246 1207 τι,

215 1224 383 1279 ταχέως
412 1224 561 1279 λέγειν
590 1222 673 1281 χρὴ
710 1223 819 1279 πρὶν
850 1225 1116 1281 κρέμασθαι.
1167 1218 1427 1281 Π.’πότεροέ
1457 1241 1534 1280 μοι

169 1300 190 1332 5
219 1298 388 1347 γρῖφον
418 1293 691 1349 προβάλλεις
720 1294 886 1336 τοῦτον
917 1293 1075 1348 εἰπεῖν,
1107 1293 1325 1348 δέσποτα,

221 1361 301 1416 τῆς
328 1356 530 1417 ἁρπαγῆς
559 1363 641 1404 τοῦ
670 1359 833 1411 παιδὸς
862 1362 904 1404 εἰ
930 1361 1118 1414 ξύνοιδά
1147 1378 1213 1417 τι,

222 1423 252 1484 ἦ
280 1429 327 1471 τί
352 1427 544 1472 δύναται
573 1427 624 1472 τὸ
655 1429 820 1486 ρηθέν;
872 1432 927 1472 Λ.
960 1429 1045 1482 ἔξω
1076 1445 1142 1481 τις
1172 1429 1289 1473 δότω

226 1494 388 1551 ἱμάντα
418 1497 582 1553 ταχέως
611 1491 722 1541 οἷον.
773 1501 832 1541 Π.
865 1497 950 1541 οὐκ
981 1499 1128 1553 ἔγνων
1159 1501 1278 1550 ἴσως.

228 1565 380 1608 ἔπειτα
408 1567 540 1608 τοῦτο
571 1568 739 1622 ζημιοῖς
766 1582 842 1622 με;
893 1567 1128 1623 μηδαμῶς·

159 1641 200 1673 10
229 1630 374 1689 ἅλμης
402 1631 449 1676 δ’
472 1633 610 1690 ἐχρῆν
639 1650 681 1677 τι
711 1635 975 1691 περιφέρειν
1005 1635 1237 1692 ποτήριον.

222 1703 276 1744 A.
308 1697 435 1744 οἶσθ’
456 1693 542 1745 οὖν
574 1700 695 1754 ὅπως
725 1703 806 1746 δεῖ.
822 1701 956 1746 τοῦτό
988 1701 1031 1746 σ’
1057 1702 1254 1755 έκπιεῖν;
1307 1707 1364 1747 Π.
1397 1703 1510 1760 ε’γώ;

223 1770 386 1825 κομιδῆ
415 1785 478 1825 γε.
530 1774 583 1813 Λ.
615 1773 730 1822 πῶς;
783 1774 838 1815 Π.
871 1771 1089 1827 ἐνέχυρον
1118 1769 1411 1828 ἀποφέροντά
1441 1784 1539 1816 σου.

225 1839 282 1881 A.
313 1834 396 1881 οὐκ
426 1833 528 1880 ἀλλ’
552 1835 697 1882 ὀπίσω
727 1837 789 1882 τώ
820 1846 942 1896 χεῖρε
972 1839 1222 1896 ποιήσαντα
1253 1840 1326 1883 δεῖ

225 1904 374 1949 ἕλκειν
404 1903 638 1954 ἀπνευστί.

195 1999 425 2042 Athenaeus
460 2002 525 2054 10,
546 2002 628 2042 459
644 2015 669 2042 a
706 1998 863 2042 λεκτέον
899 1999 982 2054 ἤδη
1021 1999 1090 2042 καὶ
1127 2001 1216 2042 τίνα
1255 1998 1420 2042 κόλασιν
1448 2000 1650 2056 ὑπέμενον

81 2055 123 2096 οἱ
153 2053 209 2110 μὴ
246 2051 433 2105 λύσαντες
469 2055 540 2098 τὸν
568 2056 814 2111 προτεθέντα
843 2062 1003 2112 γρῖφον.
1054 2057 1193 2099 ἔπινον
1224 2054 1335 2100 ουτοι
1363 2055 1495 2131 ἅλμην
1522 2075 1647 2113 παρα-

30 2162 33 2163 ⁷
81 2111 323 2179 μισγομένην
361 2119 415 2170 τῷ
451 2110 590 2154 αὐτῶν
625 2120 753 2165 ποιῶ,
794 2114 861 2156 καὶ
902 2114 982 2156 ἔδει
1010 2114 1357 2168 προσενέγκασθαι
1386 2115 1430 2157 τὸ
1459 2117 1650 2172 ποτήριον

80 2162 298 2221 ἀπνευστί,
334 2154 398 2219 ὥς
415 2167 657 2240 Ἀντιφάνης
697 2155 814 2223 δηλοῖ
839 2171 882 2212 έν
913 2172 1143 2225 Γανυμήδει
1173 2173 1240 2213 διὰ
1271 2169 1422 2213 τούτων
1452 2178 1535 2215 κτλ.
1595 2178 1645 2216 of.

79 2228 222 2268 Pollux
253 2229 401 2279 6,107
432 2224 453 2267 ὁ
484 2226 557 2280 μὲν
585 2226 709 2277 λύσας
738 2227 857 2281 γέρας
887 2224 964 2282 εἶχε
995 2235 1126 2283 κρεων
1156 2245 1245 2270 τινα
1274 2230 1512 2284 περιφοράν,
1552 2229 1573 2271 ὁ
1603 2230 1647 2272 δὲ

81 2258 337 2334 ἅδυνατήσας
366 2282 492 2337 αλμης
522 2284 711 2338 ποτήριον
742 2284 905 2326 ἐκπιεῖν.
1011 2290 1046 2327 1.
1080 2285 1248 2343 ἐρωτᾷς]
1282 2286 1428 2341 ἔρωτας
1458 2290 1507 2329 Α.
1609 2292 1647 2330 4.

83 2338 309 2394 κρέμασθαι
340 2339 441 2397 VI]
470 2342 694 2394 κρεμᾶσθαι
723 2344 773 2383 A.
880 2357 1023 2396 ποτερα
1054 2345 1102 2384 A.
1211 2346 1250 2385 5.
1280 2343 1514 2398 προβαλλεις
1545 2345 1645 2399 VL]

80 2399 293 2451 προβαλεῖς
323 2399 372 2439 A.
463 2402 500 2440 6.
526 2402 563 2439 7.
594 2414 630 2438 τι
658 2415 684 2451 η
717 2400 853 2440 Dindf.
858 2398 876 2455 ]
907 2415 970 2440 τιν
998 2401 1047 2440 A.
1162 2403 1225 2444 10.
1255 2400 1504 2454 παραφέρειν
1527 2403 1647 2443 Ville-

82 2456 196 2496 brun.
315 2459 380 2495 11.
423 2454 537 2508 τοῦτό
568 2452 605 2494 σ’
639 2455 829 2511 Casaub]
865 2467 907 2498 σε
938 2454 1044 2497 τοῦτ’
1078 2458 1127 2498 A.
1221 2460 1285 2498 12.
1317 2458 1481 2511 κομιδῆι
1513 2461 1560 2499 A.

83 2521 157 2552 σου
188 2510 345 2567 Herm]
377 2524 451 2556 σοι
483 2526 560 2554 οιιι.
593 2515 641 2553 A.

193 2570 446 2620 conloquitur
469 2570 697 2610 Laomedon
719 2584 786 2610 rex
810 2567 891 2625 (A)
913 2584 1000 2612 oum
1026 2572 1257 2624 paedagogo
1275 2572 1520 2624 Ganymedis
1543 2570 1645 2627 (Π)

79 2627 158 2666 aut
167 2626 296 2666 noscit
315 2639 452 2666 servus
477 2630 547 2666 aut
567 2628 710 2667 callide
730 2628 892 2668 simulat
911 2641 952 2668 se
972 2630 1140 2677 nescire,
1163 2631 1360 2680 quomodo
1382 2643 1480 2680 puer
1501 2633 1639 2680 raptus

79 2683 144 2723 sit.
189 2684 327 2734 itaque
358 2683 476 2734 fingit
504 2697 546 2724 se
577 2684 726 2723 domini
755 2685 877 2725 verba
904 2698 985 2725 non
1006 2686 1250 2737 intellegere,
1284 2690 1489 2736 tamquam
1509 2687 1643 2737 griphi

79 2740 207 2779 instar
241 2740 410 2779 obseura
449 2741 543 2780 sint.
604 2740 830 2781 Laomedon
861 2742 956 2782 loris
986 2755 1077 2781 eum
1108 2743 1219 2781 caedi
1250 2743 1382 2781 iubet:
1429 2756 1509 2793 quo
1540 2744 1646 2783 facto

83 2795 409 2847 indignabundus
439 2797 614 2847 quaerit,
653 2798 803 2838 velitne
835 2798 1020 2839 dominus
1050 2801 1278 2849 propteroa,
1318 2799 1426 2849 quod
1456 2800 1644 2851 griphum

38 2863 39 2866 ’
87 2865 167 2892 ιιοιι
198 2853 361 2894 solverit
390 2848 484 2908 (οὐκ
514 2851 640 2905 ἔγνων
669 2851 766 2902 ἴσως
796 2854 852 2906 8),
882 2856 983 2895 loris
1014 2869 1056 2895 so
1086 2855 1208 2895 caedi.
1255 2855 1311 2895 eis
1343 2857 1447 2896 enim
1477 2857 1545 2907 qui
1566 2857 1645 2908 gri-
