1890 3190
280 181 360 224 108
898 183 1214 218 ΑΝἸῚΦΑΝΟΤΣ

278 284 433 336 φάνους
464 285 519 338 Α]
561 283 757 335 Σοφοκλὲ.
789 287 916 326 Τ1·1110.
947 288 987 326 et
1016 286 1135 328 Vind.
1254 289 1290 325 1.
1333 284 1430 340 ἔχει]
1467 285 1573 326 πέλει
1603 287 1719 327 Voss.
1756 300 1832 339 pr„
1841 272 1846 338 .-

279 356 358 393 quo
390 344 519 382 deleto
550 339 642 380 ἐστι.
683 340 767 380 ἐστι’
795 337 1146 384 Τ11110.τούστι
1176 356 1240 395 πρ.
1274 357 1305 382 τ.
1337 344 1375 395 β
1407 345 1539 391 κάλως
1568 344 1714 395 Bergk.
1792 345 1830 385 2.

278 397 419 438 παθόν
449 398 503 451 A]
535 396 683 448 μαθόν.

909 475 1203 510 ΦΙΛΟΜΗΤΩΡ

389 547 684 585 Philometorem
733 547 773 584 et
816 547 1104 595 Philopatorem
1145 561 1263 586 unam
1311 547 1553 597 eandemque
1591 547 1860 591 comoediam,

279 603 400 641 fuisse
436 603 623 652 proclivis
661 604 724 642 est
759 603 998 642 coniectura.
1059 604 1128 643 sed
1168 606 1214 642 ut
1251 604 1509 643 Philometori
1548 604 1660 643 unice
1696 606 1857 654 aptum

280 662 342 698 est
372 660 421 697 fr.
454 660 558 708 220,
590 660 648 697 ita
677 660 971 709 Philopatorem
1004 660 1294 710 quodammodo
1325 660 1494 710 Turpilii
1524 661 1660 699 fabula
1689 673 1832 713 cogno·

281 717 401 754 minis
439 717 586 754 tuetur.
644 716 764 754 Mein.
795 712 816 754 I
846 717 1031 755 313.14.
1091 716 1137 755 O.
1169 717 1359 756 Ribbeck.
1396 717 1505 756 Com.
1546 717 1660 755 Rom.
1692 714 1762 755 fr.²
1790 729 1832 767 p.

282 773 360 812 107
383 785 443 823 sq
493 773 668 812 ceterum
698 773 819 812 etiam
850 772 1057 822 Posidippi
1087 773 1315 822 Philopator
1345 773 1434 812 fuit.

1014 853 1099 924 2'20

550 963 777 1017 ἔμμητρον
807 959 868 1003 ἂν
898 956 928 1017 ᾗ
957 958 1008 1003 τὸ
1041 960 1193 1016 ξύλον,
1224 959 1424 1016 βλάστην
1454 962 1557 1016 ἔχει.

548 1027 820 1084 μητρόπολίς
852 1028 976 1071 ἐστιν
1005 1027 1104 1083 οὐχὶ
1133 1027 1409 1083 πατρόπολις
1438 1030 1581 1079 πόλις.

549 1095 724 1151 μήτραν
754 1096 874 1146 τινὲς
903 1098 1137 1139 πωλοῦσιν
1167 1095 1352 1152 ἥδιστον
1381 1097 1522 1151 κρέας.

550 1166 741 1219 Μητρᾶς
772 1160 795 1206 ὁ
823 1165 933 1214 Χῖός
965 1164 1058 1207 ἐστι
1087 1166 1147 1220 τῷ
1179 1164 1305 1221 δήμῳ
1336 1166 1478 1218 φίλος.

396 1259 624 1298 Athenaeus
655 1259 838 1309 3,100d
878 1256 1119 1309 μνημονεύει
1149 1262 1233 1321 τῆς
1249 1255 1400 1309 μήτρας
1430 1256 1498 1297 καὶ
1521 1253 1762 1309 Ἀντιφάνης
1793 1256 1839 1297 ἐν
1867 1271 1869 1273 ’

281 1313 525 1366 Φιλομήτορι
554 1312 681 1361 οὕτως
712 1317 792 1352 κτλ.
901 1317 937 1353 1.
970 1313 1165 1364 ἕνμητρον
1194 1307 1264 1352 ε’ἀν
1293 1315 1341 1354 A.
1450 1317 1487 1354 2.
1517 1316 1559 1354 in
1589 1316 1696 1354 exitu
1723 1313 1836 1363 πόλις

257 1373 371 1411 'add.
403 1374 523 1411 Mein.
614 1373 651 1410 4.
685 1373 857 1421 Μητρᾶς
888 1368 931 1423 (1.
953 1384 988 1410 e.
1022 1369 1315 1437 Μητρόδωρος)
1346 1370 1487 1423 Mein.]
1518 1385 1680 1422 μήτρας.

395 1428 593 1478 Theophr.
625 1428 674 1466 H.
703 1429 756 1478 pl.
791 1430 826 1475 1,
850 1429 894 1478 6,
917 1429 941 1466 5
973 1424 1125 1465 άπασαι
1155 1422 1192 1465 δ’
1226 1424 1291 1480 (αἵ
1315 1426 1433 1479 ῥίζαι)
1467 1426 1659 1479 ἔμμητροι.
1719 1427 1835 1470 Caus.

283 1486 340 1535 pl.
373 1488 412 1535 5,
437 1487 502 1533 17,
526 1486 548 1522 2
581 1482 625 1522 τὰ
658 1484 777 1536 ξύλα
808 1481 861 1521 τὰ
893 1481 1107 1535 ἔμμητρα
1137 1481 1412 1533 διαστρέφεται
1431 1481 1740 1551 κατειργασμένα
1758 1482 1838 1535 ἤδη
1870 1483 1874 1529 ’,

283 1539 394 1593 μέχρι
433 1535 482 1579 οὗ
515 1537 569 1579 ἂν
597 1539 732 1587 τελέως
762 1537 1039 1593 άναξηρανθῇ.
1157 1542 1196 1579 2.
1230 1538 1487 1605 Μητρόπολις
1517 1541 1559 1579 et
1589 1536 1871 1592 Rumonem?-

282 1599 519 1637 Meinekius.
577 1599 619 1635 at
647 1610 726 1636 non
758 1610 855 1647 opus
886 1599 947 1636 est
975 1597 1134 1636 nomine
1163 1598 1343 1647 proprio:
1391 1598 1587 1661 siquidem
1616 1598 1651 1636 is
1682 1599 1751 1648 qui
1780 1598 1836 1637 lo-

282 1656 420 1704 quitur
458 1655 578 1692 matri
613 1655 702 1703 plus
740 1667 858 1703 quam
887 1654 993 1704 patri
1022 1654 1280 1693 verecundiae
1310 1654 1443 1692 deberi
1472 1654 1619 1693 comice
1649 1655 1837 1705 exemplis

285 1713 548 1750 demonstrat.
600 1712 655 1749 sic
683 1706 923 1762 μητρόπολιν
958 1710 1096 1748 urbem
1135 1710 1212 1749 dici
1250 1723 1297 1748 ex
1329 1723 1406 1760 qua
1435 1711 1612 1749 coloniae
1641 1710 1836 1750 deducan-

282 1772 359 1814 tur,
396 1781 476 1806 non
506 1761 759 1817 πατρόπολιν
845 1767 884 1805 4.
917 1767 1198 1805 Metrodorum
1227 1766 1383 1817 Chium,
1414 1766 1638 1805 Anaxarchi
1667 1767 1836 1805 Abderi-

285 1828 348 1863 iae
380 1825 441 1863 Ol.
466 1825 548 1862 110
584 1824 679 1862 clari
715 1825 949 1873 magistrum
986 1826 1265 1862 commemorat
1303 1823 1419 1873 Diog.
1452 1823 1498 1862 L.
1530 1825 1567 1871 9,
1592 1823 1676 1862 58?
1714 1823 1833 1862 Mein.

278 1877 553 1932 Μητρόδωρος
586 1877 606 1918 ὃ
627 1881 727 1926 Χῖος
757 1877 801 1918 ἐν
825 1881 1014 1931 Τρωικοῖς
1045 1880 1188 1919 Athen.
1205 1879 1244 1930 4,
1266 1880 1387 1919 184a.
1448 1876 1535 1930 περὶ
1564 1877 1723 1928 φύσεως
1753 1879 1834 1919 Cic.

278 1937 401 1976 Acad.
435 1938 482 1986 2,
507 1938 580 1987 23,
605 1938 670 1975 73.

908 2013 1199 2047 ΦΙΛΟΠΑΤΩΡ

394 2083 455 2122 Cf.
488 2083 716 2132 Philopator
751 2083 955 2133 Posidippi
985 2084 1026 2122 et
1055 2082 1164 2121 Sexti
1193 2082 1375 2132 Turpilii.
1404 2082 1474 2134 νΟ.
1504 2082 1693 2121 Ribbeck.
1725 2082 1833 2122 Com.

277 2141 389 2179 Rom.
421 2137 489 2178 fr.2
519 2154 559 2189 p.
584 2141 676 2179 107.
1874 2147 1876 2150 ’

1010 2192 1092 2234 221

484 2273 709 2328 γεγάμηκε
740 2271 900 2327 δήπου.
959 2275 1009 2314 Β.
1041 2273 1088 2314 τί
1114 2269 1172 2313 σὺ
1201 2271 1363 2325 λε’γεις;
1403 2269 1631 2326 ἀληθινῶς

485 2340 754 2395 γεγάμηκεν,
787 2337 842 2382 ὃν
874 2337 960 2394 ἐγώ
992 2341 1133 2391 ζῶντα
1164 2338 1497 2392 περιπατοῦντά
1527 2353 1575 2380 τε

483 2407 743 2458 κατέλιπον;

396 2491 625 2530 Athenaeus
649 2490 841 2540 13,559d
868 2485 1111 2539 Ἀντιφάνης
1143 2487 1187 2528 ἐν
1209 2486 1452 2540 Φιλοπάτορι
1483 2489 1564 2527 κτλ.
1595 2489 1833 2529 Eustathius

283 2549 390 2587 1552
421 2548 511 2586 init.
543 2551 623 2585 τῶν
652 2560 709 2593 τις
739 2548 922 2584 παλαιῶν
952 2545 1070 2596 φίλον
1099 2545 1195 2596 χθὲς
1232 2543 1306 2596 μὲν
1334 2543 1459 2596 ἄζυγα
1489 2543 1659 2597 σήμερον
1688 2541 1732 2583 δὲ
1760 2559 1832 2596 γυ-

282 2603 391 2643 ναικὶ
422 2601 638 2642 ἐκδοθέντα
668 2598 955 2654 οἰκτισάμενος,
994 2602 1119 2653 οἴμοι,
1152 2600 1248 2653 ἔφη,
1279 2600 1375 2652 χθὲς
1405 2600 1487 2652 ἔζη,
1519 2597 1571 2647 ὧς
1600 2600 1730 2652 δῆθεν
1759 2600 1829 2652 σή·

283 2675 402 2712 μεροι
432 2658 619 2706 τεθνεώς.
710 2662 745 2698 1.
777 2658 816 2697 τί
843 2657 891 2697 σὺ
921 2659 1059 2710 Dobr.]
1093 2657 1142 2697 σὺ
1173 2658 1211 2696 τί
1238 2659 1289 2698 A.
1363 2659 1401 2697 2.
1432 2671 1471 2697 τε
1501 2659 1591 2697 add.
1623 2657 1830 2708 Koppiers.

283 2731 330 2757 ex
361 2717 559 2756 Eustathii
598 2717 729 2756 verbis
767 2716 935 2755 forsitan
965 2717 1107 2766 aliquis
1138 2716 1312 2766 conligat
1341 2729 1378 2754 v.
1413 2716 1436 2753 2
1467 2715 1716 2754 scribendum
1746 2727 1831 2754 esse
1875 2763 1877 2766 Ι

286 2771 493 2824 τέθνηκεν,
513 2769 563 2811 ὃν
583 2774 662 2814 κτλ
678 2794 725 2800 -“
749 2773 781 2811 si
802 2773 906 2812 forte
927 2786 1043 2812 senex
1062 2772 1141 2810 fuit
1162 2773 1208 2811 de
1229 2784 1305 2850 quo
1325 2771 1502 2822 loquitm
1521 2773 1649 2822 poeta,
1681 2770 1830 2821 optime

282 2831 469 2870 convenit
498 2830 654 2869 fabulae
686 2829 938 2879 Turpilianae
968 2830 1018 2868 fr.
1045 2831 1080 2868 1.
