1864 3204
479 190 850 226 ΑΡΠΑΖΟΜΕΝΟΣ
875 210 918 216 -
944 191 1265 227 ΕΓΧΕῙΡῙΔῙΟΝ
1566 190 1651 234 483

20 315 21 318 =
87 293 207 341 τελὸς
245 290 313 333 καὶ
351 288 480 344 τάφον
509 292 608 333 κατὰ
639 292 713 346 τὴν
737 288 919 346 Ἀττικήν
947 294 1209 335 κατεσκεύασε
1239 294 1540 336 πολυδάπανον.
1599 297 1650 336 cf.

11 365 16 370 ··
86 348 203 390 Pana.
227 352 265 401 1,
286 351 354 399 37,
379 353 404 390 5
425 347 503 405 (4).
546 351 798 403 Theopomp
820 352 967 395 Athen.
1002 354 1068 404 13,
1090 354 1206 394 5860
1233 351 1329 404 μετὰ
1360 350 1429 393 τὸν
1459 357 1528 404 τῆς
1560 353 1650 392 Πυ-

85 405 273 458 θιονίκης
293 406 475 446 θάνατον
503 403 525 446 ὁ
547 405 748 460 ’Ἀρπαλος
767 406 1043 460 μετεπέμψατο
1063 407 1137 461 τὴν
1160 408 1374 459 Γλυκέραν
1389 404 1649 461 Ἀθήνηθεν·

0 492 9 515 2.
84 458 143 513 ἢν
169 460 238 503 καὶ
267 461 468 503 ἐλθοῦσαν
496 464 622 504 οἰκεῖν
651 462 696 504 ἐν
725 468 806 513 τοῖς
836 466 1047 517 βασιλείοις
1078 470 1157 513 τοῖς
1187 464 1230 506 ἐν
1263 468 1405 522 Ταρσῷ
1433 465 1501 506 καὶ
1530 477 1649 519 προσ-

13 549 31 558 -,
84 522 328 561 muctarem.
377 520 640 589 ,βασίλισσαν
667 520 1076 575 προσαγορευομένην,
1106 520 1358 576 απειρῆσθαί
1385 537 1425 563 τε
1456 521 1519 563 ἐπὶ
1548 528 1651 563 πασι

0 573 34 647 ζ
63 574 139 636 ,μὴ
169 583 398 628 στεφανοῦν
416 573 632 630 Ἅρπαλον,
663 575 735 618 ἐὰν
762 577 817 631 μὴ
847 578 915 618 καὶ
946 578 1151 632 Γλυκέραν
1180 586 1445 631 στεφανῶσιν.

779 702 947 736 ΓΑΜΟΣ

199 770 276 810 Vol
308 771 470 822 Γαμῶν.
522 772 573 812 of.
606 772 654 811 fr.
678 773 744 811 19.

843 861 893 902 17

413 936 593 981 ὁλκεῖον
624 934 748 981 εἶδον
779 937 854 983 ἐπὶ
883 940 1074 996 τραπέζῃ
1105 942 1315 1002 κείμενον

415 1009 577 1063 πυρῶν
606 1023 649 1050 τι
678 1007 858 1062 μεστόν.

196 1089 340 1129 Pollux
363 1090 521 1140 10,176
553 1086 734 1140 ὅλκεῐον,
751 1084 914 1142 ἄγγεῖον
942 1086 1079 1157 ὑγρῶν
1108 1105 1146 1130 τε
1176 1081 1244 1131 καὶ
1273 1092 1406 1143 ξηρῶν
1435 1089 1490 1140 ὧς
1521 1091 1585 1134 ἐπὶ
1607 1091 1651 1134 τὸ

83 1143 186 1186 πολὺ
216 1147 405 1197 χαλκοῦν,
435 1142 511 1194 ὦς.
531 1143 623 1187 ..ἔν
651 1145 875 1199 Φιλήμονος
909 1143 1030 1200 Γάμῳ
1060 1150 1143 1188 κτλ.

842 1235 894 1277 18

375 1313 426 1356 ἐν
456 1312 575 1370 Καρὶ
605 1311 686 1357 τὸν
716 1315 956 1357 κίνδυνον·
990 1310 1115 1370 οἶδα,
1147 1315 1354 1359 δέσποτα.

198 1406 328 1447 Schol.
359 1408 540 1448 Platonis
571 1409 652 1448 322
683 1408 809 1449 Bekk.
850 1406 894 1447 ἕν
933 1423 985 1463 τῳ
1023 1407 1128 1461 Καρὶ
1165 1405 1264 1461 ὑμῖν
1309 1405 1330 1448 ὁ
1369 1409 1612 1458 κίνδυνος..

81 1461 277 1514 Φιλήμων
307 1462 350 1503 ἐν
382 1462 501 1518 Γάμῳ
530 1467 611 1503 κτλ.
689 1466 733 1507 Β.
689 1459 853 1503 Βοῖδα
884 1465 1022 1505 Cobet.
1046 1466 1095 1505 N.
1117 1467 1144 1506 l,
1167 1468 1234 1506 22.
1290 1481 1370 1507 non
1401 1481 1513 1518 opus.
1571 1483 1649 1508 ser-

0 1556 10 1567 ,
85 1534 158 1560 vus
188 1522 508 1561 animadvertens
544 1523 630 1562 fore
660 1526 706 1562 ut
735 1535 825 1561 erus
854 1523 984 1573 ipsum
1015 1524 1057 1562 in
1088 1523 1300 1563 discrimen
1331 1526 1597 1564 committat‘
1609 1527 1649 1565 in

83 1579 171 1617 mo’
194 1579 326 1629 inquit
347 1579 592 1630 ‘periculum
611 1579 740 1619 facere
761 1580 958 1630 statuisti3
990 1580 1083 1630 scio,
1107 1580 1292 1620 domine’
1297 1611 1307 1620 .
1338 1582 1388 1620 cf.
1408 1579 1558 1622 cratin.
1581 1585 1647 1622 16.

843 1679 896 1720 19

196 1759 366 1799 Bekker.
390 1760 540 1800 Anecd.
565 1761 696 1809 92,16
730 1757 796 1810 ἐμὲ
825 1755 915 1799 ἀντὶ
944 1765 1014 1799 τοῦ
1044 1758 1230 1812 ἐμαυτόν,
1261 1760 1305 1800 σὲ
1334 1757 1425 1801 αντὶ
1456 1764 1526 1802 τοῦ
1555 1775 1646 1803 σαυ-

82 1811 164 1855 τόν.
207 1812 399 1867 Φιλήμων
430 1817 651 1868 Γαμοῦντι·
697 1817 817 1863 σωζε
861 1813 1069 1868 σαυτόν,
1112 1815 1162 1870 ἐγ
1171 1816 1202 1857 ὼ
1248 1814 1289 1857 δ’
1327 1815 1419 1871 ἐμέ.
1479 1821 1648 1861 fortasse

84 1870 245 1927 Γάμῳ·
286 1868 473 1913 οὐκοῦν
509 1871 567 1913 σὺ
597 1873 695 1928 σῷζε
726 1872 889 1925 σαυτόν,
915 1871 923 1928 Ι
949 1864 1025 1926 ἐγῶ
1055 1871 1093 1913 δ’
1119 1871 1204 1925 ἐμέ,
1235 1878 1282 1914 ut
1312 1877 1393 1915 sint
1423 1879 1647 1916 tetrametri

82 1930 252 1969 iambici.
304 1943 349 1970 ac
377 1927 426 1969 σὺ
457 1931 537 1970 iam
568 1927 771 1971 Herwerd.
806 1931 950 1971 Mnem.
983 1943 1077 1972 nov.
1099 1931 1157 1970 VI
1189 1934 1254 1972 73.

353 2085 529 2140 θρασέα
559 2086 677 2142 γυνή
841 2030 899 2072 20

196 2168 364 2208 Bekker.
396 2169 547 2208 Anecd.
580 2171 652 2219 99,
676 2170 730 2207 24
774 2167 951 2220 θρασέα·
997 2165 1190 2220 Φιλήμων
1235 2167 1375 2224 Γάμῳ·
1420 2173 1488 2222 θρ.
1527 2167 1644 2222 γυνή.

84 2222 221 2278 Γάλλῳ
241 2229 282 2264 et
301 2227 470 2276 θρασεῖα
491 2227 577 2265 cod.
602 2248 655 2254 —
686 2226 855 2265 fortasse
877 2223 1048 2277 Θρασέα,
1080 2228 1105 2265 i.
1128 2241 1160 2266 ο.
1183 2227 1377 2267 Thraseae
1398 2240 1509 2278 uxor,
1541 2229 1645 2278 quod

82 2295 229 2321 nomen
259 2283 301 2321 in
332 2283 462 2321 titulis
491 2283 596 2322 baud
625 2295 757 2321 rarum
789 2285 863 2322 est.
914 2284 964 2321 cf.
997 2282 1135 2323 Roehl
1167 2284 1255 2323 Ind.
1288 2283 1332 2323 C.
1363 2284 1397 2325 Ι.

702 2405 1023 2440 ΕΓΧΕΙΡΙΔῙΟΝ

197 2475 259 2515 Cf.
293 2488 392 2525 quae
422 2475 471 2514 ad
501 2475 775 2526 cognominem
809 2475 964 2525 Sophili
996 2475 1171 2514 fabulam
1200 2475 1456 2515 adnotantur.

842 2563 895 2604 21

355 2638 468 2696 κακὴ
499 2640 583 2696 μὲν
614 2639 739 2694 ὄψις,
773 2641 825 2683 ἐν
855 2641 904 2683 δὲ
936 2640 1128 2684 δείλαιαι
1159 2640 1333 2696 φρένες.

196 2734 390 2774 Stobaeus
418 2734 556 2773 Floril.
588 2735 632 2782 8,
658 2736 712 2775 10
739 2732 933 2786 Φιλήμων
964 2732 1007 2773 ἕν
1035 2728 1279 2788 Ἐγχειριδίῳ
1312 2735 1358 2773 Α.
1448 2733 1575 2774 δειλαὶ
1603 2735 1651 2774 αἱ

83 2791 213 2830 Trinc.
264 2792 434 2830 fortasse
463 2789 588 2829 δειλαὶ
616 2789 695 2830 καὶ
726 2804 795 2841 φρ.
844 2805 935 2831 nam
960 2792 1121 2831 Stobaei
1153 2792 1255 2831 liber
1285 2795 1449 2830 octavus
1477 2797 1538 2831 est
1557 2790 1643 2843 περὶ

83 2846 242 2894 δειλίας.

1303 2913 1372 2946 31*
