1864 3204
517 181 792 216 ΠΤΡΑΤΝΟΣ
816 199 858 206 -
885 181 1203 219 ΣΤΡΔΤΙΩΤΗΣ
1560 181 1645 224 373

80 283 208 338 βαβαί
241 285 422 326 homines
456 287 551 326 sunt
589 298 688 337 quos
718 286 863 338 vulgus
892 287 1057 337 propter
1086 286 1247 327 divitias
1276 287 1547 338 potentiamve
1576 287 1643 327 ad-

82 342 262 382 miratur.
295 364 347 371 —
378 344 533 395 partem
562 355 701 383 versus
731 342 942 394 Eupolidei
972 355 1058 383 esse
1089 365 1142 372 —
1173 343 1284 383 deest
1314 344 1421 383 enim
1450 345 1557 384 basis
1589 367 1643 373 —

10 405 12 408 ’
81 399 303 440 Meinekius
323 400 466 440 statuit
485 400 505 439 I
526 400 606 440 301
630 400 733 442 conl.
755 400 805 439 fr.
824 400 919 439 237.
956 400 1062 451 quod
1082 400 1117 440 si
1138 401 1347 451 credimus,
1369 401 1462 440 huic
1482 401 1642 441 fabulae

80 456 183 496 siout
201 455 429 508 Trophonio
458 456 670 508 parabasin
698 458 819 507 poeta
847 457 1016 496 inseruit
1045 457 1108 497 vel
1139 457 1247 498 chori
1279 460 1384 498 certe
1406 471 1529 509 opera
1546 471 1642 498 usus

79 514 153 553 est.
184 512 232 553 cf
254 513 443 553 Fritzsch.
463 513 623 565 Fragm.
644 513 746 564 Eup.
770 526 871 553 vers.
888 525 1040 553 consor.
1056 514 1120 553 14.
1129 514 1168 554 5.
1199 517 1240 554 at
1260 519 1342 554 τῶν
1362 509 1452 566 οὐχὶ
1472 514 1643 568 μετρίων

78 569 290 610 scribendo
327 570 551 610 trimetrum
589 570 768 610 restituit
803 569 951 610 Naber.
990 570 1139 610 Mnem.
1181 584 1271 613 nov.
1302 571 1402 611 VHI
1433 573 1530 612 263.
1592 572 1640 611 de

79 627 269 666 orationis
308 627 434 666 forma
471 627 691 667 Meinekius
729 627 902 667 contulit
930 627 1056 667 Arist.
1085 627 1208 679 Vesp.
1240 629 1322 668 666
1353 625 1517 675 τούτους
1548 626 1640 676 τοὺς

79 677 190 734 “οὗχὶ
218 681 414 736 προδωσω
444 681 514 723 τὸν
537 678 769 734 Ἀθηναίων
800 682 1066 735 κολοσυρτόν3

749 806 970 841 mmmm<

191 889 315 929 Latro
345 902 369 928 a
398 889 550 929 Theseo
580 872 755 928 domitus
785 889 869 928 sine
899 889 1021 929 dubio
1051 889 1308 941 significatur.

813 998 896 1042 207

350 1076 497 1133 ὥσπερ
528 1075 740 1128 κυλιστὸς
769 1078 990 1133 στέφανος
1020 1078 1329 1134 αἰωρούμενος

191 1173 419 1212 Athenaeus
453 1174 520 1222 15,
543 1174 657 1212 6780
679 1170 889 1221 Ἄλεξις..
908 1170 983 1212 ,ἐν
1011 1178 1069 1228 τῷ
1098 1171 1299 1225 Σκείρωνί
1325 1183 1426 1224 φησι
1456 1175 1539 1214 κτλ.
1599 1176 1641 1214 in

78 1230 240 1270 Scirone
270 1231 391 1269 etiam
421 1229 529 1269 Sinis
558 1225 580 1269 ὁ
611 1226 907 1281 πιτυοκάμπτης
938 1232 1030 1280 apte
1062 1231 1458 1270 commemorabatur.
1509 1232 1642 1282 itaque

76 1299 200 1326 unum
229 1300 276 1325 ex
307 1287 388 1327 illis
419 1299 518 1338 quos
548 1288 583 1327 is
614 1300 659 1327 ex
689 1287 899 1327 arboribus
930 1288 1192 1338 suspenderat
1213 1287 1429 1339 significari
1450 1289 1639 1328 arbitror.

665 1410 1042 1445 ΣΠΟΝΔΟΦΟΡΟΣ

188 1488 479 1559 Σπονδοφόρον
506 1493 778 1543 mysteriorum
808 1492 928 1531 fuisse
958 1491 1102 1532 Pollux
1131 1492 1256 1531 refert
1287 1494 1323 1541 1,
1348 1493 1415 1532 35.
1458 1493 1563 1532 idem
1595 1495 1634 1544 4,

77 1549 132 1588 94
162 1546 261 1600 τάχα
291 1542 328 1586 δ’
359 1563 414 1587 αν
449 1562 507 1596 τις
546 1544 659 1596 τοὺς
697 1547 922 1600 κήρυκας
959 1546 1027 1588 καὶ
1057 1546 1359 1599 σπονδοφόρους
1390 1546 1638 1600 ὀνομάσειεν.

76 1605 127 1644 cf.
159 1606 198 1656 8,
222 1606 316 1645 137.
347 1604 471 1645 Arist.
494 1605 590 1645 Ach.
614 1606 709 1645 216.
748 1605 863 1645 Pind.
895 1605 1035 1646 Isthm.
1070 1606 1106 1656 2,
1126 1607 1178 1645 23
1196 1602 1303 1660 (35).
1349 1606 1447 1657 quid
1477 1607 1540 1647 hic
1570 1619 1639 1647 no—

74 1674 167 1701 men
196 1662 394 1713 significet
423 1663 616 1702 incertum
646 1665 717 1702 est.

817 1749 901 1792 208
1307 1774 1312 1778 ·

998 1803 1353 1862 Ἀριστογείτονα

379 1871 462 1916 τὸν
491 1871 646 1930 ῥήτορ’
671 1869 795 1916 εἶδον
824 1873 995 1929 λάρκον
1022 1871 1331 1929 ἠμφιεσμένον

380 1944 472 1984 τῶν
502 1936 821 1998 ἆνθρακηρῶν.

186 2036 331 2076 Pollux
365 2037 430 2085 10,
454 2037 531 2075 111
565 2031 663 2087 τάχα
693 2034 738 2075 δὲ
768 2034 938 2089 λα’ρκους
969 2031 1120 2083 τούτοις
1151 2034 1539 2088 προσονομαστέον..

72 2087 211 2145 ἀγγεῖα
255 2096 336 2131 ταῖν
379 2088 600 2144 ἀνθράκων
631 2124 641 2133 .
759 2090 804 2132 ἐν
841 2090 883 2132 δὲ
919 2097 975 2147 τῷ
1000 2089 1192 2140 Ἀλέξιδος
1223 2093 1500 2148 Σπονδοφόρῳ
1531 2093 1638 2135 ἐστὶν

73 2146 282 2201 εἰρημένον
310 2151 391 2192 κτλ
465 2146 740 2204 Σπονδοφόρῳ
769 2148 1016 2203 Hemsterh.]
1046 2149 1364 2206 σπονδοφορικῴ.
1395 2151 1638 2203 Aristoyiton

74 2209 136 2246 est
157 2206 217 2258 Cy
219 2206 388 2246 dimachi
419 2206 545 2256 filius,
579 2209 719 2248 contra
748 2220 868 2258 quem
898 2207 1068 2258 scriptae
1099 2210 1194 2247 sunt
1223 2209 1425 2249 orationes
1445 2210 1636 2250 Dinarchi

75 2264 113 2312 2,
148 2259 391 2316 [Demosth.]
423 2264 476 2302 25
507 2267 549 2303 et
579 2265 645 2303 26.
679 2286 728 2292 -
761 2264 929 2304 fortasse
959 2265 1157 2304 somnium
1188 2265 1331 2316 aliquis
1360 2268 1510 2305 narrat.

697 2386 1010 2420 ΣΤΡΑΊῚΩΤΗΣ

78 2522 175 2574 169)
187 2467 248 2506 De
283 2468 461 2517 tempore
498 2468 547 2507 cf.
580 2481 680 2518 quae
710 2467 951 2507 adnotantur
989 2468 1038 2506 ad
1069 2467 1311 2518 Antiphanis
1342 2468 1538 2508 Νεοττίδα
1570 2471 1635 2520 (fr.

813 2576 897 2619 209

1023 2629 1223 2687 ἀπόλαβε

216 2701 350 2742 τουτί.
400 2702 448 2742 Β.
478 2702 525 2743 τί
548 2701 679 2743 τοῦτο
710 2699 754 2743 δ’
778 2701 920 2753 &evim
972 2706 1024 2744 A.
1058 2697 1083 2744 ὃ
1112 2699 1219 2756 παρ’
1242 2699 1371 2756 ὑμῶν
1403 2701 1490 2757 ἐγώ

216 2767 460 2822 παιδάριον
490 2770 669 2823 ἔλαβον,
700 2766 945 2825 ἀποφέρων
971 2767 1065 2824 ἥκω
1097 2770 1246 2813 πάλιν.

217 2837 269 2877 Β.
302 2836 417 2887 urnis-3
450 2833 534 2878 οὐκ
566 2834 746 2891 ἀρέσκει
776 2847 849 2880 σοι
878 2837 1082 2892 τρέφειν;
1135 2840 1188 2881 Α.
1222 2834 1307 2879 οὐκ
1339 2838 1430 2880 ἔστι
1459 2837 1548 2893 γὰρ
