1864 3204
191 235 277 276 424
826 233 1102 268 ΔΙΟΝΤΣΙΟΤ

401 332 424 378 ὁ
454 333 602 389 τυχῶν
632 332 807 376 δύναιτ’
831 332 903 388 ἄν,
937 330 1167 389 [ὀψοποιὸς
1195 330 1237 374 δ’
1260 327 1346 375 οὖν
1374 330 1516 388 μόνον

398 404 520 444 ἔστιν
552 399 575 444 ὁ
606 401 846 460 τοιοῦτος,]
881 399 904 443 ὁ
935 401 983 443 δὲ
1012 400 1225 457 μάγειρος
1254 399 1364 443 ἄλλο
1394 417 1448 444 τι.

399 470 604 512 συνιδεῖν
634 468 786 522 τόπον,
818 468 958 524 ῶραν,
989 469 1070 511 τὸν
1100 469 1349 523 καλοῦντα,
1380 467 1459 511 τὸν
1489 468 1627 511 πάλιν

325 548 370 579 20
400 539 696 590 δειπνοῦντα,
728 536 835 579 πότε
866 538 938 579 δεῖ
963 537 1037 579 καὶ
1067 535 1154 579 τίν’
1178 534 1314 590 ἰχθύν
1344 535 1563 591 ἀγοράσαι

407 638 644 649 .....
682 604 828 647 πάντα
858 605 941 658 μὲν
972 605 1105 659 λήψει
1135 603 1297 659 σχεδὸν

400 672 470 715 ἀεὶ
500 673 608 727 γάρ,
641 670 723 714 οὐκ
755 670 823 715 ἀεὶ
853 672 902 715 δὲ
933 670 1015 728 τὴν
1044 672 1219 715 τούτων
1247 671 1380 727 χάριν

401 742 513 796 ἔχεις
543 738 717 796 ὁμοίαν,
749 737 847 782 οὐδ’
874 743 977 795 ἴσην
1006 738 1089 795 τὴν
1118 737 1302 795 ἡδονήν.

396 807 711 864 Ἀρχέστρατος
741 807 941 862 γέγραφέ
967 822 1013 850 τε
1043 806 1116 850 καὶ
1148 807 1371 859 δοξάζεται

328 887 372 918 25
403 877 525 930 παρά
554 886 672 918 τισιν
703 874 844 924 οὕτως
873 873 932 925 ῶς
962 873 1105 929 λέγων
1135 891 1176 917 τι
1206 875 1441 930 χρήσιμον,

403 942 456 987 τά
487 941 631 986 πολλοὶ
664 942 706 984 δ’
729 941 924 998 ἠγνόηκε
953 940 1089 984 κούδὲ
1119 943 1170 986 ἓν
1200 943 1332 997 λέγει.

406 1011 464 1066 μή
498 1009 634 1053 πάντ’
656 1008 794 1053 ἄκουε
825 1009 936 1066 μηδὲ
966 1010 1112 1052 πάντα
1142 1009 1349 1065 μάνθανε

403 1082 494 1122 τῶν
523 1080 728 1134 βυβλίων
759 1077 828 1120 ὅσ’
851 1078 945 1121 ἐστὶ
976 1079 1392 1133 καταγεγραμμένα·

403 1147 512 1190 κενὰ
542 1148 714 1201 μᾶλλον
744 1142 771 1202 ἢ
802 1145 869 1189 ὅτ’
891 1141 950 1201 ἦν
980 1143 1155 1188 οὐδέπω
1186 1147 1470 1202 γεγραμμένα

331 1226 377 1256 30
407 1212 507 1258 οὐδ’
532 1216 654 1257 ἔστιν
685 1214 828 1256 εἰπεῖν
857 1214 960 1268 περὶ
990 1217 1271 1269 μαγειρικῆς·
1305 1214 1401 1257 ἐπεὶ

404 1279 490 1325 εἶπ’
515 1277 678 1336 ἀρτίως
743 1315 1346 1325 ........

405 1350 515 1406 ὅρον
544 1350 631 1404 γὰρ
662 1347 746 1391 οὐκ
777 1350 978 1404 ἔσχηκεν,
1011 1342 1067 1390 οὗ
1099 1346 1122 1391 ὁ
1153 1350 1329 1404 καιρός,

404 1416 515 1473 αὐτὴ
549 1417 591 1459 δ’
617 1416 775 1472 ἑαυτῆς
806 1417 900 1460 ἐστι
930 1416 1169 1472 δεσπότης·
1203 1415 1282 1460 ἐάν
1313 1416 1356 1459 δ’

405 1479 455 1529 εὖ
485 1486 568 1541 μὲν
599 1483 656 1527 σύ
687 1484 829 1540 χρήσῃ
860 1486 915 1540 τῇ
944 1483 1098 1540 τέχνῃ,
1130 1486 1210 1528 τὸν
1239 1487 1318 1540 τῆς
1347 1485 1484 1541 τύχης

331 1563 373 1596 35
405 1552 566 1609 καιρὸν
597 1551 637 1595 δ’
664 1551 907 1608 ἀπολέσῃς,
939 1552 1267 1607 παραπόλωλεν
1296 1551 1322 1608 ἡ
1354 1552 1496 1608 τέχνη.

311 1615 314 1618 ’
405 1625 536 1665 ΣΙΜ.
558 1619 791 1674 ἄνθρωπε,
812 1621 948 1676 μέγας
969 1617 1019 1663 εἶ.
1053 1625 1108 1663 A.
1131 1619 1310 1663 τουτονὶ
1332 1620 1374 1663 δ’
1387 1619 1441 1663 δν
1464 1620 1627 1678 ἀρτίως

404 1692 514 1746 ἔφης
544 1691 703 1744 ἔχοντα
734 1695 896 1743 πεῖραν
925 1685 1053 1743 ἥκειν
1082 1690 1344 1731 πολυτελῶν

405 1759 587 1801 πολλῶν
617 1771 664 1798 τε
694 1757 892 1799 δείπνων
924 1755 1242 1810 ἐπιλαθέσθαι,
1275 1758 1436 1811 Σιμία,

406 1824 591 1869 πάντων
622 1824 815 1878 ποιήσω,
846 1828 983 1880 θρῖον
1013 1819 1072 1866 ἀν
1103 1823 1232 1875 δείξω
1262 1824 1404 1879 μόνον

329 1903 374 1935 40
405 1883 597 1947 παραθῶ
628 1908 676 1935 τε
709 1893 895 1934 δεῖπνον
925 1890 1029 1944 ὄζον
1059 1889 1202 1946 αὔρας
1227 1890 1435 1946 Ἀττικῆς.

407 1962 452 2012 ἐξ
484 1959 662 2010 ἀντλίας
691 1958 862 2015 ἥκοντα
892 1959 966 2002 καὶ
995 1957 1170 2014 γέμοντ’
1197 1961 1262 2002 ἔτι

407 2029 695 2084 φορτηγικῶν
725 2043 802 2082 μοι
831 2026 1083 2082 βρωμάτων
1113 2026 1338 2081 κάγωνίας

406 2096 522 2152 τήμῇ
554 2094 725 2150 ποιήσω
756 2093 976 2136 νυστάσαι
1007 2095 1238 2149 παροψίδι.

316 2203 544 2241 Athenaeus
576 2202 614 2249 9,
636 2201 749 2239 404e
786 2197 853 2238 καὶ
892 2194 913 2237 ὃ
949 2196 1057 2248 παρὰ
1092 2198 1293 2253 Διονυσίῳ
1309 2196 1518 2267 (διονυσῳ
1548 2198 1605 2256 A)
1642 2199 1686 2240 δὲ
1717 2199 1761 2241 ἐν

205 2255 448 2327 Θεσμοφόρῳ
477 2253 680 2309 μάγειρος.
730 2255 788 2295 ,τί
814 2265 955 2306 φησιν;
985 2258 1065 2294 κτλ.
1161 2259 1195 2296 1.
1226 2253 1427 2325 κεχάρισαι
1449 2254 1648 2327 Σι(μ)μία
1660 2258 1759 2298 Por-

204 2312 311 2368 son.]
342 2313 410 2354 κἀὶ
438 2311 548 2366 χάρις
578 2311 655 2353 αἰεὶ
682 2287 752 2364 μία
781 2313 832 2352 Α.
920 2315 957 2352 3.
989 2310 1067 2352 αἰεὶ
1098 2314 1150 2352 A.
1238 2315 1275 2353 5.
1306 2310 1360 2352 ἂν
1385 2313 1575 2383 Casaub.]
1609 2311 1681 2354 ἐὰν
1708 2314 1757 2354 A.

206 2375 242 2412 6.
274 2372 527 2412 scribendum
548 2369 636 2409 τίνα
658 2367 795 2423 (quae)
823 2370 829 2418 Ι
855 2368 985 2408 τίσιν
1013 2372 1166 2420 παραθ.
1197 2372 1238 2409 et
1266 2365 1354 2408 πότ’
1377 2366 1404 2420 ἢ
1432 2375 1525 2410 ποῦ
1554 2366 1758 2422 σκευάσαι,

204 2432 271 2479 qui
301 2430 375 2468 cibi
404 2431 438 2468 et
467 2429 607 2477 quibus
636 2427 858 2475 adponendi
886 2439 931 2466 ac
960 2427 1115 2475 quando
1145 2429 1179 2465 et
1207 2427 1277 2466 ubi
1297 2429 1476 2475 parandi
1504 2429 1594 2468 sint.
1657 2430 1694 2467 7.
1715 2424 1755 2466 δ’

204 2482 232 2536 ἢ
260 2479 349 2523 πότ’
382 2481 529 2535 Mein]
562 2481 606 2522 δέ
634 2495 726 2521 ποτε
755 2483 803 2524 Α.
893 2483 931 2521 8.
963 2481 1028 2520 δεῖ
1052 2482 1141 2521 add.
1165 2483 1287 2524 Mein.
1370 2482 1583 2533 προΐδηται
1612 2482 1755 2536 Dobr.]

204 2540 388 2592 προίδητε
417 2540 467 2579 Α.
556 2542 594 2579 9.
627 2537 712 2577 ἐστί
728 2552 807 2577 που
829 2537 966 2590 Mein.]
990 2536 1098 2577 ἐστίν
1117 2539 1167 2577 Α.
1201 2535 1396 2577 ἐστίν·οὐ
1418 2535 1563 2578 ταύτὸν
1582 2537 1655 2592 γάρ
1677 2537 1759 2578 ἐστι

204 2599 328 2637 Dobr.
418 2599 482 2635 11.
514 2594 736 2647 διήλλαχεν,
765 2592 878 2636 πολύ.
910 2596 1030 2634 Mein.
1087 2592 1154 2632 καὶ
1181 2592 1256 2646 γὰρ
1286 2594 1452 2635 Casaub.
1481 2597 1622 2636 melius
1652 2596 1756 2637 vide-

205 2658 271 2693 tul
306 2668 360 2700 ως
398 2651 473 2705 γὰρ
511 2663 642 2720 στρατ.
673 2674 726 2679 -
757 2647 914 2717 ηγεμὼν
950 2648 994 2689 δὲ
1022 2646 1208 2701 θάτερον,
1239 2648 1366 2698 οὕτως
1398 2649 1488 2705 (15)
1519 2654 1599 2691 κτλ.
1693 2654 1757 2691 15.

206 2707 295 2762 ἐφ’]
329 2708 381 2748 ἐν
411 2710 458 2748 Κ.
549 2704 617 2759 ἐφ’
638 2705 755 2764 ἡμῖν·
786 2703 980 2746 σκευάσαι
1009 2710 1088 2748 κτλ
1121 2708 1239 2747 Mein.
1271 2708 1348 2749 An.
1380 2708 1474 2750 Ath.
1509 2711 1602 2748 176.
1693 2710 1759 2749 16.

205 2763 411 2817 ἡδύσματα
441 2767 488 2805 A.
580 2767 642 2805 17.
674 2765 747 2803 οὐν
773 2762 826 2816 L]
857 2760 904 2802 οὐ
924 2764 974 2805 A.
1062 2764 1158 2802 mihi
1190 2764 1311 2803 verba
1339 2761 1532 2813 ὀψοποιὸς
1552 2787 1606 2792 -
1629 2770 1757 2803 τοιοῦ-

206 2837 270 2868 τος
301 2823 476 2862 eiciendo.
506 2823 710 2869 videntur,
743 2823 880 2871 utpote
911 2833 1118 2870 perperam
1149 2821 1318 2886 pepetita
1348 2835 1394 2859 ex
1425 2835 1462 2862 v.
1487 2823 1524 2860 9.
1611 2823 1679 2860 21.
1710 2818 1758 2858 οὐ

207 2879 276 2916 τοῦ
307 2875 491 2928 τυχόντος
523 2879 682 2928 supplet
711 2879 834 2920 Dobr.
893 2877 989 2915 mihi
1017 2873 1038 2914 ὁ
1070 2873 1115 2914 δὲ
1143 2872 1325 2928 μάγειρος
1355 2875 1452 2916 ἄλλο
1481 2891 1540 2928 τι,
1579 2876 1758 2916 συνιδεῖν
