1864 3204
488 167 812 203 ΗΡΑΚΛΕΙΔΗΣ
861 166 1183 201 ΗΡΑΚΛΕΙΤΟΣ
1506 164 1592 207 435

578 316 1045 380 ΗΡΑΚΛΕΙΔΗΣ

238 421 410 462 Meinek.
441 421 459 460 I
490 421 587 460 422.
612 422 650 460 3.
701 420 900 461 Sehaefer.
932 387 1140 460 fiemosth.
1171 419 1191 458 Ι
1220 420 1300 458 401
1320 433 1378 470 sq.
1422 403 1424 406 ‚

559 533 766 568 ΑΔΗΛΟΤ
790 532 1054 567 ΔΡΑΜΑΤΟΣ

256 610 558 668 Ἀλεκτρυόνα
587 610 671 654 τὸν
700 613 782 655 τοῦ
813 612 1047 654 Φιλίππου
1077 609 1353 666 παραλαβών

259 678 373 736 ἀωρὶ
403 680 680 732 κοκκύζοντα
711 679 786 723 καὶ
817 677 1116 734 πλανώμενον

260 748 531 800 κατέκοψεν·
563 746 619 791 οὐ
650 745 737 803 γὰρ
770 743 888 803 εἶχεν
918 746 1098 791 οὐδέπω
1130 747 1288 803 λόφον.

259 816 339 860 ἕνα
369 815 628 868 κατακόψας
657 817 777 872 μάλα
807 813 1005 872 συχνοὺς
1036 816 1294 871 ἐδείπνισεν

208 894 229 926 5
261 885 411 942 Χάρης
438 885 692 941 Ἀθηναίων
717 882 844 940 τόθ’,
876 882 937 936 ως
964 891 1173 939 γενναῖος
1202 877 1275 940 ἦν.

141 980 372 1020 Athenaeus
397 981 463 1029 12,
475 981 586 1020 532e
610 976 790 1035 (Χάρης)
813 977 1037 1019 ἐδείπνισεν
1053 975 1298 1030 Ἀθηναίους
1330 977 1374 1019 ἐν
1394 980 1441 1034 τῇ
1468 975 1595 1033 ἀγορᾷ

29 1035 163 1084 θύσας
193 1034 241 1076 τὰ
273 1034 447 1076 ἐπινίκια
478 1041 547 1088 τῆς
576 1035 791 1089 γενομένης
819 1035 949 1087 μάχης
978 1033 1076 1088 πρὸς
1098 1034 1192 1084 τοὺς
1212 1036 1416 1076 Φιλίππου
1438 1034 1592 1086 ξένους.

31 1088 92 1134 ὦν
119 1090 252 1146 ἡγεῖτο
280 1091 355 1146 μὲν
380 1090 600 1145 Ἀδαῖος,
638 1090 943 1146 Ἀλεκτρυών
981 1092 1396 1146 ἐπικαλούμενος,
1427 1092 1514 1146 περι
1546 1087 1597 1132 ου

29 1149 96 1191 καὶ
120 1147 379 1202 Ἡρακλείδης
418 1146 439 1189 ὁ
471 1156 551 1190 των
580 1150 800 1205 κωμῳδιῶν
828 1148 995 1203 ποιητὴς
1025 1149 1220 1202 μέμνηται
1250 1149 1377 1199 οὕτως
1408 1152 1490 1190 κτλ.
1549 1165 1596 1189 τα

27 1205 129 1248 αὐτὰ
170 1207 321 1260 ἱστορεῖ
351 1223 418 1248 και
457 1211 621 1261 Δοῦρις.
686 1209 885 1249 zenobius
918 1211 961 1260 6,
986 1209 1039 1248 34
1084 1208 1286 1248 Φιλίππου
1326 1202 1593 1260 Ἀλεκτρυών·

27 1262 131 1317 αὕτη
179 1261 354 1305 τάττεται
390 1263 455 1305 ἐπὶ
492 1270 572 1305 τῶν
609 1262 652 1304 ἕν
687 1269 843 1317 μικροῖς
886 1264 1199 1316 κατορθώμασιν
1235 1261 1594 1316 ἄλαζονευομένων.

27 1318 275 1374 Ἀλεκτρυών
311 1321 386 1375 γάρ
423 1337 481 1370 τις
520 1321 672 1374 ἐγένετο
702 1322 908 1362 Φιλίππου
946 1321 1186 1374 στρατηγός,
1222 1320 1272 1363 ὃν
1300 1319 1559 1362 ἀπέκτεινεν.
1579 1353 1587 1362 .

30 1378 171 1431 Χάρης
202 1376 223 1418 ὃ
250 1376 482 1431 Ἀθηναῖος.
540 1377 735 1431 μέμνηται
765 1375 805 1419 δ’
828 1376 955 1419 αὐτοῦ
979 1377 1244 1432 εΗρακλείδης
1275 1376 1296 1419 ὁ
1327 1377 1500 1432 κωμικὸς
1531 1377 1597 1418 καὶ

0 1462 3 1466 »
28 1432 272 1487 Ἀντιφάνης
303 1433 439 1506 (303).
499 1437 734 1477 Busta-thius
770 1439 890 1488 1479,
914 1439 965 1477 37
994 1433 1256 1489 Ἡρακλείδης
1287 1433 1308 1476 ὁ
1337 1434 1509 1488 κωμικὸς
1542 1433 1597 1483 ὡς

31 1491 120 1545 περὶ
149 1491 314 1558 ὄρνιθος
343 1491 446 1546 λέγει
476 1491 537 1532 ότι
569 1495 649 1532 κτλ.
683 1495 732 1534 cf.
759 1468 944 1545 Apostol.
970 1497 1035 1543 17,
1058 1495 1110 1533 85
1142 1498 1184 1534 et
1211 1495 1495 1546 Damox.1,5.
1559 1497 1596 1532 1.

30 1543 275 1616 παραλαβών
304 1549 360 1603 Α]
399 1549 533 1601 λαβὼν
562 1552 675 1591 Eust.
729 1549 967 1603 καταλαβών
997 1552 1119 1590 Mein.
1151 1552 1191 1590 in
1223 1552 1372 1590 Athen
1463 1553 1499 1591 2.
1531 1549 1598 1589 καὶ

33 1603 314 1662 πλανώμενον]
344 1604 648 1659 κᾶπτερωμένον
676 1609 882 1648 Herwerd.
914 1609 1062 1647 Mnem.
1094 1608 1154 1647 VI
1186 1610 1250 1657 71,
1281 1611 1485 1658 tamquam
1516 1608 1598 1647 sint

31 1665 131 1716 galli
162 1665 280 1704 etiam
310 1678 392 1705 non
423 1666 530 1706 alati.
589 1666 838 1716 significatur
866 1666 1061 1716 inpressio
1093 1666 1254 1712 bellica,
1294 1678 1371 1715 qua
1400 1666 1486 1715 agli
1518 1665 1598 1703 late

33 1722 306 1762 vastabantur.
387 1723 426 1761 3.
456 1725 548 1773 post
575 1722 681 1762 hunc
709 1736 869 1762 versum
899 1722 1090 1762 nonnulla
1119 1723 1308 1762 excidisse
1340 1722 1483 1761 statuit
1502 1723 1598 1760 Mei-

30 1779 187 1818 nekius.
267 1780 306 1822 4,
338 1776 408 1818 ἕνα
439 1776 694 1833 κατακόψας]
726 1773 828 1834 κᾷτα
857 1775 989 1829 κόψας
1019 1780 1114 1830 epit.
1147 1782 1187 1818 et
1218 1779 1331 1819 Eust.
1412 1780 1449 1818 5.
1479 1775 1598 1828 Ἀθη-

34 1834 173 1882 ναίους
202 1837 299 1886 epit.
333 1838 374 1875 et
404 1836 516 1876 Eust.

148 1893 291 1933 Similis
321 1886 430 1933 iocus
460 1895 521 1933 est
552 1894 677 1933 Arist.
711 1894 815 1932 Nub.
851 1895 970 1934 1356.
1067 1895 1108 1932 3.
1139 1887 1241 1944 εἶχεν
1272 1888 1430 1932 οὐδέπω
1458 1889 1598 1941 λόφον.

34 1949 346 1990 adulescentiam
383 1953 423 1990 et
460 1951 691 2001 inperitiam
731 1950 857 1990 Adaei
896 1953 1013 1990 notat
1042 1954 1173 2002 poeta.
1264 1951 1302 1989 5.
1334 1946 1387 1996 ὡς
1418 1952 1598 2002 γενναῖος

34 2021 89 2058 ην
117 2007 168 2046 ad
198 2006 377 2046 Adaeum
409 2007 532 2046 refert
561 2008 768 2047 Dobraeus
799 2008 974 2048 Adv.11
1005 2009 1107 2056 355,
1139 2002 1383 2057 ἀλεκτρυόνα
1413 2009 1600 2058 γενναῖον

36 2064 306 2114 interpretans
343 2062 562 2116 μάχιμον
602 2060 922 2133 (Kampfhahn).
973 2066 1071 2104 mihi
1104 2064 1250 2104 Chares
1280 2065 1415 2115 potius
1445 2064 1600 2103 intelle·

32 2121 199 2190 gendus
218 2122 379 2161 videtur
407 2124 449 2161 et
478 2121 731 2161 scribendum
761 2125 832 2161 aut
863 2117 918 2168 ὥς
949 2124 1134 2172 γενναῖος
1165 2119 1224 2160 ω’ν
1254 2123 1323 2160 aut
1355 2121 1397 2158 Β.
1430 2117 1484 2167 ὡς
1513 2135 1599 2172 γεν-

32 2179 144 2224 ναῖος
172 2170 239 2227 ἧν.

148 2234 357 2274 Praeterea
387 2235 438 2277 cf.
461 2235 509 2274 fr.
535 2235 726 2275 He1a0ht1
757 2238 798 2274 et
818 2235 1052 2276 Chariclidis
1078 2232 1287 2281 Ἀλύσεως.
1320 2236 1438 2275 Mein.
1462 2235 1481 2273 I
1502 2236 1598 2274 422.

585 2414 1047 2464 ΗΡΑΚΛΕΙΤΟΣ

626 2519 795 2560 Meinek.
819 2519 838 2557 1
859 2520 955 2558 422.
971 2521 1010 2558 3.

711 2627 926 2667 ΞΕΝΙΖΩΝ

151 2710 378 2750 Athenaeus
412 2711 486 2759 10,
508 2711 590 2748 414
608 2711 633 2749 d
666 2707 915 2762 Ἡράκλειτος
945 2709 985 2750 δ’
1018 2709 1061 2750 ἐν
1091 2716 1143 2765 τῷ
1176 2710 1376 2758 Ξενίζοντι
1401 2708 1603 2763 Ἑλένην

38 2766 143 2817 φησί
177 2780 267 2805 τινα
303 2770 473 2818 γυναῖκα
511 2768 674 2806 πλεῖστα
704 2766 962 2820 βεβρωκέναι.
1008 2765 1270 2826 Ἡρακλείδης
1304 2770 1421 2808 Mein.
1453 2769 1472 2807 I
1503 2770 1599 2807 422.

1211 2902 1283 2935 28*
