1864 3204
507 196 678 230 ΜΗΝΕΣ
704 215 744 220 -
771 195 978 231 ΑΔΗΛΩΝ
1007 197 1273 232 ΔΡΑΜΑΤΩΝ
1597 196 1683 240 235

115 299 222 364 τρεῖς
248 294 443 350 ἀκράτου·
484 297 586 369 λέγει
620 296 662 339 δὲ
692 297 816 347 οὕτως
847 303 927 340 κτλ.
980 302 1215 342 Eustathius
1249 302 1369 352 1624,
1393 303 1446 342 56
1477 299 1584 341 οὕτω
1615 300 1681 341 καὶ

115 350 158 393 τὸ
173 349 245 394 δύο
259 352 405 404 ὕδατος
421 353 521 408 πρὸς
538 359 641 410 τρεῖς
655 353 845 409 ἀκράτου.
885 355 1135 411 Φιλέταιρος·
1156 356 1382 399 πεπωκέναι
1404 356 1468 418 δεῖ
1483 356 1578 413 (sic)
1595 361 1677 399 κτλ.

386 513 661 570 ἐπίπλο[ι]ον
873 458 923 500 17

230 584 462 624 Athenaeus
492 586 674 636 3,106e
716 584 806 636 ἑξῆς
838 585 1093 637 εἰσεκομίσθη
1124 579 1339 638 ταγηνιστὰ
1368 584 1500 638 ἥπατα
1530 601 1678 639 περιει-

113 637 288 691 λημμένα
319 655 372 695 τῳ
406 639 633 693 καλουμὲνω
671 639 843 697 ἐπίπλῳ,
882 639 931 681 ὁν
967 640 1197 695 Φιλέταιρος
1237 641 1281 682 ἐν
1322 645 1447 695 Τηρεῖ
1478 642 1681 683 ἐπίπλοιον

113 682 357 750 (omentum)
378 696 549 762 εἴρηκεν.
599 681 806 739 {alumna
807 700 946 749 Dobr„
977 699 1148 751 Hesych.
1171 701 1225 740 M.
1250 698 1461 740 Schmidtii
1492 699 1679 741 ε’·πιπλον

115 750 341 793 ἐπίπλοιον·
373 747 393 793 ὁ
411 753 633 807 πιμελῶδης
663 752 774 808 ὑμὴν
805 754 868 796 ἐπὶ
897 761 966 808 τῆς
997 755 1155 804 κοιλίας
1179 754 1245 796 καὶ
1277 762 1358 796 τῶν
1378 755 1563 809 ἐντέρων,
1595 757 1679 798 ε’πί-

113 812 236 857 πλους
267 807 488 863 λεγόμενος.
547 813 689 853 Pollux
720 815 758 864 2,
782 814 863 852 212
896 811 939 853 ἐκ
969 819 1039 852 τοῦ
1068 819 1307 867 περιφεροῦς
1337 819 1405 866 τῆς
1435 814 1588 863 κοιλίας
1620 813 1680 854 ε’κ-

112 866 313 918 πέφυκεν,
344 865 475 919 αὐτήν
506 883 544 909 τε
573 884 639 910 και
667 867 783 922 μέρος
813 875 883 910 τοῦ
912 865 1033 910 ἅλλου
1063 868 1223 923 ἕντέρου
1253 869 1477 924 καλύπτον,
1508 870 1552 911 τό
1585 869 1682 911 ὀνο-

111 920 333 975 μαζόμενον
364 923 568 966 ἐπίπλουν.
614 930 654 967 et
679 928 728 991 2,
753 928 835 966 224
871 926 938 966 καὶ
973 926 1055 979 μὴν
1093 926 1136 966 ἔκ
1171 942 1214 980 γε
1248 934 1320 968 τοῦ
1350 922 1522 996 σπληνὸς
1552 927 1679 980 ἕτερος

107 977 220 1032 Ιὖμην
251 978 509 1032 ἐκπεφυκώς,
540 980 619 1022 ὑπὸ
650 977 693 1022 τὸ
722 982 974 1033 περιτόναιον
1003 983 1205 1036 κείμενος,
1246 981 1289 1025 τὸ
1318 979 1415 1025 αὐτὸ
1444 981 1679 1054 διάφραγμα

113 1037 398 1108 περιειληφώς,
438 1038 626 1087 ἐπίπλους
664 1036 914 1093 ὀνομάζεται·
962 1038 1166 1089 Ἀντιφῶν
1203 1039 1248 1081 δὲ
1286 1038 1327 1097 (ὃ
1367 1042 1518 1095 ἰατρός)
1555 1039 1680 1082 αὐτὸν

113 1093 180 1134 καὶ
210 1092 429 1149 ἀρρενικῶς
459 1095 527 1136 καὶ
556 1094 771 1151 οὐδετέρως
799 1101 922 1138 καλεῖ.
974 1100 1023 1139 cf.
1056 1099 1229 1139 Lobeck.
1262 1100 1410 1151 Phryn.
1447 1101 1541 1140 142.
1573 1103 1613 1140 3.

762 1210 1025 1246 ΦῙΛΑΤΛΟΣ

870 1311 921 1355 18

316 1381 350 1431 ὦ
383 1391 497 1443 Ζεῦ,
529 1390 670 1432 καλόν
698 1389 741 1445 γ’
774 1389 866 1433 ἔστ’
898 1390 1153 1435 ἀποθανεῖν
1183 1390 1491 1448 αὐλούμενον·

316 1456 491 1506 τούτοις
521 1455 571 1499 ἐν
600 1455 715 1514 ᾅδου
745 1459 833 1514 γὰρ
864 1459 1020 1513 μόνοις
1052 1459 1239 1511 ἐξουσία

313 1523 652 1580 ἀφροδισιάζειν
684 1527 830 1582 ἐστίν,
863 1527 912 1569 οἱ
937 1528 986 1571 δὲ
1017 1526 1127 1578 τοὺς
1155 1528 1355 1583 τρόπους

315 1591 551 1649 ῥυπαροὺς
581 1595 758 1649 ἔχοντες
785 1598 1007 1651 μουσικῆς
1035 1591 1239 1653 ἀπειρίᾳ,

261 1670 282 1701 5
314 1662 375 1712 εἰς
405 1660 486 1704 τὸν
516 1664 658 1705 πίθον
688 1663 880 1719 φέρουσι
910 1662 993 1706 τὸν
1023 1665 1307 1720 τετρημένον.

225 1743 455 1784 Athenaeus
489 1746 554 1795 14,
578 1746 691 1784 633e
723 1743 768 1784 τὰ
800 1743 842 1784 ἐκ
871 1745 1077 1786 Φιλαύλου
1107 1747 1342 1801 Φιλεταίρου
1371 1751 1453 1788 κτλ.
1536 1753 1573 1792 1.
1603 1746 1677 1789 αύ-

110 1796 305 1851 λούμενον
344 1802 460 1841 tibiae
498 1806 616 1841 cantu
654 1804 880 1852 delinitum,
920 1806 966 1843 ut
1002 1805 1239 1854 Apollodor.
1281 1806 1441 1857 Caryst.
1475 1808 1597 1858 5,13
1639 1810 1679 1848 et

111 1853 363 1906 ψαλλόμενος
395 1858 562 1897 Machon
589 1858 736 1898 Athen.
769 1861 808 1908 8,
835 1834 947 1900 348f
974 1857 1251 1916 (Schweighu)
1364 1864 1403 1902 5.
1436 1861 1509 1902 τὸν
1537 1863 1675 1915 πίθον,

109 1914 136 1953 i.
168 1927 201 1953 e.
233 1915 458 1954 Danaidum
489 1915 651 1955 dolium.
699 1916 840 1956 Horat.
873 1917 916 1957 C.
949 1919 1170 1969 3,11‚27.

227 1255 287 1295 Cf.
321 1257 492 1295 Meinek.
524 1257 543 1295 I
565 1257 662 1296 350.

643 2027 850 2063 ΑΔΗΛΩΝ
877 2029 1146 2065 ΔΡΑΜΑΤΩΝ

868 2095 920 2138 19

222 2164 450 2205 Athenaeus
468 2169 506 2219 1,
526 2168 610 2206 210
630 2163 879 2236 Φιλέταιρος·
900 2164 1025 2218 ἀμφι
1045 2166 1267 2221 στέρνοις
1289 2174 1447 2221 φᾶρος
1468 2168 1524 2211 ού
1546 2175 1675 2211 καθ-

108 2219 268 2271 ήσεις,
308 2220 480 2274 τάλαν,
494 2196 625 2275 μηδ’
658 2219 901 2275 ἀγροίκως
936 2222 1038 2264 ἅνω
1084 2224 1294 2277 γόνατος
1326 2222 1547 2278 ἀμφέξει.
1600 2226 1675 2281 ἀμ

110 2275 337 2327 φιστέρνοις
368 2277 498 2346 φάρος
522 2281 571 2320 Β.
629 2280 866 2321 Eustathius
900 2283 1032 2332 1164,
1063 2283 1087 2321 3
1128 2280 1323 2322 σκώπτων
1352 2298 1411 2332 τις
1441 2281 1677 2338 ἀρρυθμίαν

111 2330 310 2382 ἐνδύσεως
331 2345 458 2385 φησιν
476 2331 698 2388 ἀμφίβαλλε
718 2335 891 2389 στέρνοις
920 2342 1061 2390 φᾶρος.
1101 2333 1147 2377 οὗ
1167 2339 1371 2391 καθίσεις,
1403 2341 1547 2393 τάλαν,
1577 2340 1674 2412 μηδ’

111 2385 304 2443 ἀγροίκως
324 2406 411 2431 ανω
439 2391 608 2444 γόνατος
638 2390 814 2447 ἀμφέξῃ·
867 2393 980 2433 δοκεῖ
1005 2392 1080 2447 γὰρ
1110 2391 1131 2434 ὁ
1144 2395 1441 2464 σκωπτόμενος
1480 2397 1578 2445 ψιλα
1610 2398 1674 2438 ἐν·

111 2446 265 2494 δύσεως
294 2448 535 2500 προφαίνειν
563 2447 610 2490 τὰ
642 2433 783 2501 σκέλη,
814 2448 917 2501 ἔχειν
947 2448 989 2489 δὲ
1018 2449 1086 2490 καὶ
1115 2448 1158 2491 τὸ
1189 2452 1433 2506 προκόλπιον
1460 2452 1672 2495 ἀπόλυτον.

111 2502 177 2542 καὶ
210 2501 283 2555 όρα
314 2503 356 2543 τὸ
376 2502 534 2561 ἀμφὲξῃ
561 2506 691 2559 ἤγουν
712 2504 875 2562 ἕνδύση.
926 2509 1182 2548 tetrametros
1211 2511 1432 2552 trochaicos
1453 2513 1676 2552 Meinekius

112 2561 285 2609 effinxit,
330 2563 494 2603 creticos
531 2577 620 2603 cum
657 2563 847 2603 dochmiis
878 2565 1088 2615 Emporias
1120 2563 1241 2619 (Mus.
1273 2568 1350 2607 Rh.
1382 2581 1475 2608 nov.
1505 2570 1525 2608 I
1556 2566 1671 2622 459),

111 2619 276 2657 creticos
308 2618 479 2659 Cobetus
508 2616 578 2672 (N.
610 2622 638 2659 1.
671 2621 821 2669 30.1).
871 2621 1007 2672 itaque
1038 2636 1177 2662 manus
1207 2624 1401 2664 abstineo.

868 2707 925 2750 20

371 2763 542 2817 χλαμὺς
572 2761 814 2814 ὁλόλευκος

226 2828 280 2878 ὡς
310 2830 537 2886 Φιλέταιρος
568 2831 589 2874 ὁ
620 2831 1023 2887 κωμῳδοδιδάσκαλος
1055 2834 1270 2888 ὠνόμαζεν.
1302 2838 1442 2878 Pollux
1475 2841 1512 2890 7,
1535 2841 1602 2880 46.
