1890 3190
487 244 735 278 ΑΚΕΣΤΡΙΑ
762 262 802 268 -
830 243 1163 279 ΑΑιΕΤοΜΕΝΗ
1226 248 1229 250 ·
1565 243 1618 285 19

805 345 863 388 24

861 426 1026 479 γείτων
1057 423 1157 468 ἐστί
1181 439 1245 476 τις

251 491 463 548 κάπηλος.
523 484 655 543 οὗτος
686 490 851 548 εὐθύς,
884 491 994 536 ὅταν
1025 494 1146 536 ἔλθω
1177 492 1284 537 ποτὲ

251 560 452 615 διψῶσα,
482 560 622 617 μόνος
652 556 740 603 οἷδ’
772 559 832 612 ὥς
859 558 903 616 γ’
938 561 1035 617 ε’μοὶ
1067 561 1365 617 κεράννυται,

252 625 360 672 οὔθ’
391 625 557 684 ὑδαρὲς
586 626 683 672 οὔτ’
717 627 932 686 ἄκρατον.
983 632 1034 672 Β.
1070 625 1159 672 οἷδ’
1184 626 1272 685 ἐγώ
1304 644 1413 673 ποτε

200 706 222 738 5
252 698 432 743 πιοῦσα.

158 791 388 832 Athenaeus
421 794 484 843 10,
503 793 582 831 441
602 793 627 831 b
658 786 739 831 οἶαι
769 788 809 831 δ’
843 791 917 832 εἰσὶ
946 789 1054 844 παρὰ
1086 795 1168 840 τοῖς
1188 790 1356 844 ’Ἕλλησι
1385 791 1614 844 μεθύουσαι

43 847 91 888 αἱ
114 851 303 901 γυναῖκες
323 848 602 900 παραδίδωσιν
618 844 878 901 Ἀντιφάνης.
899 846 963 889 ,ἕν
993 855 1040 904 τῇ
1059 844 1359 904 Ἀκοντιζομένῃ
1380 847 1506 899 οὕτως
1527 852 1613 891 κ’τλ.

45 907 85 946 2.
116 902 223 945 ἔλθω
253 904 439 959 Casaub]
470 904 605 945 ἐλθὼν
634 907 684 946 Α.
783 909 818 947 3.
850 900 929 945 οἷδ’
966 906 1153 959 Casaub]
1186 901 1295 946 οἶδεν
1323 909 1373 946 Α.
1469 905 1509 960 γ’
1533 906 1618 959 ἐμοὶ

47 961 292 1015 Schweigh]
326 961 374 1015 γέ
401 977 466 1014 μοι
496 963 548 1003 Α.
660 964 700 1003 4.
732 957 810 1002 οἶδ’
835 961 913 1015 ἐγώ
944 965 1062 1004 Mein.
1095 965 1155 1004 ed.
1188 964 1306 1016 min.]
1339 959 1428 1003 οἶδα
1459 960 1502 1003 δ’
1524 963 1614 1018 ἐγώ.

44 1019 210 1060 alterius
238 1033 431 1071 personae
460 1023 597 1061 notam
628 1021 772 1060 adiecit
803 1020 851 1062 G.
874 1022 926 1060 A.
948 1021 1147 1074 Hirschig.
1181 1023 1333 1062 Annot.
1356 1022 1443 1064 crit.
1470 1024 1507 1061 1.

688 1190 966 1225 ΑΛΕΙΠΤΡΙΑ

14 1303 17 1306 .
160 1272 305 1313 Athen.
343 1273 381 1322 3,
407 1272 529 1311 1231>
562 1263 734 1323 φέρεται-
772 1264 814 1310 τὸ
845 1271 978 1324 δρᾶμα
1007 1268 1074 1311 καὶ
1107 1265 1160 1319 ὦς
1185 1263 1396 1322 Ἀλέξιδος.
1443 1275 1566 1314 Mein.
1598 1275 1617 1313 I

8 1317 19 1402 ξ-
45 1330 142 1368 377.
175 1330 271 1368 393.

9 1403 17 1426 η
800 1383 857 1426 25

8 1407 18 1531 i
189 1472 271 1516 ἐὰν
300 1474 350 1516 δὲ
380 1471 741 1531 τούργαστήριον
772 1476 928 1530 ποιῆτε
960 1474 1248 1532 περιβόητον,

8 1534 18 1637 ⁸⁵
190 1543 470 1598 κατασκεδῶ,
502 1540 559 1598 νὴ
589 1542 676 1598 τὴν
705 1544 846 1599 φίλην
874 1543 1111 1599 Δήμητρα,
1144 1542 1228 1599 τήν
1257 1546 1473 1601 μεγίστην

9 1640 17 1681 3
187 1607 441 1666 ἀρύταιναν
470 1607 601 1666 ὑμῶν
633 1611 685 1654 ἐκ
715 1610 856 1666 μέσου
886 1613 1072 1667 βάψασα
1101 1614 1185 1655 τοῦ
1215 1613 1400 1669 λέβητος

187 1679 362 1731 ζέοντος
391 1677 578 1729 ὕδατος·
622 1680 667 1722 εἰ.
693 1679 742 1723 δὲ
771 1679 855 1736 μή,
887 1678 1110 1736 μηδέποθ’
1133 1678 1260 1736 ὕδωρ
1292 1684 1438 1736 πίοιμι

141 1754 162 1787 5
194 1746 474 1803 ἐλευθέριον.

159 1842 390 1881 Athenaeus
421 1843 459 1891 3,
487 1843 564 1882 123
582 1843 608 1882 b
649 1839 895 1894 Ἀντιφάνης
935 1839 1158 1897 Ἀλειπτρίᾳ
1203 1846 1283 1884 κτλ.
1385 1847 1421 1884 1.
1459 1844 1615 1899 ποιῆτε]

46 1902 207 1949 ποιῆται
237 1899 287 1937 A.
391 1900 433 1938 4.
464 1897 518 1950 μή
550 1899 639 1939 add.
670 1899 852 1941 Pierson.
885 1900 1010 1940 Moer.
1033 1902 1130 1941 216.
1226 1899 1369 1955 πίοιμι]
1402 1899 1531 1954 πίοιμ’
1565 1905 1619 1951 Α,

44 1955 322 2007 coniungenda
351 1958 446 1995 sunt
475 1955 708 1996 κατασκεδῶ
737 1953 866 2009 ὑμῶν.

18 2020 20 2026 ’
157 2013 334 2062 loquitur
365 2013 520 2052 ancilla.
540 2036 593 2043 -—
618 2016 654 2054 1.
686 2013 924 2067 περιβόητον
954 2015 1075 2055 simili
1106 2016 1398 2067 significatione
1429 2031 1474 2057 ac
1506 2017 1614 2070 περί-

45 2080 187 2107 στατον
216 2069 463 2120 Theopomp.
485 2071 551 2119 41,
574 2072 614 2111 3.
666 2072 716 2111 cf.
750 2072 938 2112 Teleclid.
963 2073 1029 2112 35.
1124 2074 1163 2112 4.
1195 2073 1371 2124 Hesych.
1402 2070 1616 2126 ἐλεύθερον

45 2122 312 2181 (ἐλευθέριον)
342 2123 473 2179 ὕδωρ·
506 2124 550 2166 ἓν
570 2125 707 2180 ’Ἀργει
735 2126 820 2168 α’πὸ
850 2133 920 2182 τῆς
941 2129 1154 2182 συναγείας
1176 2125 1433 2186 (Κυνοὶδρας)
1453 2130 1615 2171 πίνουσι

42 2181 195 2235 κρήνης
232 2179 311 2238 (οἰ)
349 2181 677 2236 ἐλευθερούμενοι
716 2191 797 2225 τῶν
834 2184 1011 2237 οἰκετῶν,
1042 2184 1109 2226 διὰ
1141 2180 1184 2225 τό
1215 2185 1283 2226 καὶ
1312 2185 1381 2227 τὸν
1411 2186 1617 2241 Κέρβερον

42 2235 146 2279 κύνα
184 2235 307 2293 ταύτῃ
345 2239 560 2292 διαδρᾶναι
595 2240 663 2281 καὶ
699 2239 1039 2295 ἕλευθερωθῆναι.
1107 2244 1293 2287 Eustath.
1326 2246 1456 2297 1747,
1482 2247 1533 2284 11
1573 2243 1617 2285 ἐν

35 2294 173 2350 ’Ἀργει
202 2293 396 2350 Κυνᾶδρα
426 2296 579 2350 κρήνη,
611 2297 651 2347 ἐξ
678 2293 728 2350 ἦς
759 2297 898 2340 ἔπινον
927 2299 970 2339 οἱ
995 2298 1336 2353 ἕλευθερούμενοι.
1373 2299 1478 2342 ὅθεν
1508 2300 1550 2341 τὸ
1575 2301 1616 2342 ἕν

46 2349 242 2408 Κυνᾶδρᾳ
273 2351 502 2406 ἐλευθέριον
520 2353 633 2407 ὕδωρ
652 2362 928 2409 παροιμιακῶς
951 2355 1016 2396 ἐπὶ
1039 2362 1109 2409 τῆς
1131 2354 1220 2397 κατ’
1240 2356 1477 2411 ἐλευθερίαν
1497 2359 1612 2411 ζωῆς.

43 2410 163 2451 Paus.
186 2411 223 2459 2,
248 2412 315 2463 17,
342 2413 362 2450 1
395 2410 458 2464 ρ”εῐ
483 2409 527 2451 δὲ
557 2405 656 2453 κατὰ
687 2411 761 2465 τὴν
791 2410 888 2453 ὁδὸν
916 2411 1036 2468 (quae
1067 2429 1091 2454 a
1122 2417 1299 2467 Mycenis
1329 2417 1382 2455 ad
1412 2417 1612 2456 Heraeum

45 2463 174 2521 ducit)
204 2462 314 2520 ὕδωρ
330 2463 586 2521 Ἐλευθέριον
605 2468 871 2521 καλούμενον·
902 2471 1072 2523 χρῶνται
1093 2468 1134 2510 δ’
1153 2468 1262 2527 αὐτῷ
1282 2472 1380 2523 πρὸς
1404 2468 1613 2525 καθάρσια

43 2523 90 2563 αἰ
113 2522 201 2575 περὶ
231 2522 273 2563 τὸ
305 2521 411 2575 ἵερὸν
446 2524 513 2565 καὶ
550 2532 631 2566 τῶν
660 2529 820 2567 θυσιῶν
851 2526 891 2575 ἐς
922 2526 991 2575 τὰς
1022 2524 1285 2580 ἀπορρήτους.
1319 2526 1481 2584 (Mein.)
1529 2533 1614 2571 sine

45 2581 166 2621 dubio
188 2582 308 2621 etiam
328 2582 498 2622 Athenis
518 2584 586 2623 ille
607 2597 692 2625 mos
714 2588 799 2625 erat
818 2598 954 2626 servos
983 2587 1127 2626 hausta
1157 2587 1281 2627 fontis
1312 2587 1479 2626 alicuius
1510 2602 1613 2638 aqua

45 2638 88 2677 in
117 2639 343 2678 libertatem
374 2640 615 2680 vindicandi.

659 2787 954 2823 ΑΛῙΕΤΟΜΕΝ
959 2790 994 2822 H

48 2923 64 2962 l
150 2868 265 2963 1A2e²ta
294 2867 449 2907 circiter
480 2868 542 2908 01.
567 2870 660 2908 109.
692 2871 813 2909 Mein.
834 2870 854 2909 I
876 2871 972 2910 386.
997 2871 1036 2910 7.
1087 2870 1135 2910 cf.
1168 2869 1343 2910 Clinton.
1375 2872 1485 2912 Fast.
1519 2872 1613 2913 Hel-

65 2937 127 2963 en.
238 2954 246 2963 .

1296 2994 1342 3028 2*
