1864 3204
217 214 299 257 222
789 217 1142 253 ΝΙΚΟΣΤΡΑΤΟΤ

218 316 259 357 6⁷
291 318 395 358 ἐστὶν
431 317 452 358 ὁ
492 318 822 372 διηγούμενος
858 319 911 367 ὥς
920 320 1132 392 λαμπρὰν
1161 322 1228 362 καὶ
1258 321 1450 362 εὔτακτον
1478 322 1774 377 παρεσκεύασεν

217 372 399 427 εὐωχίαν,
431 376 794 428 προδιηγησάμενός
825 392 865 416 τε
895 372 980 416 οἷον
1009 380 1062 429 ἠν
1091 377 1143 417 τὸ
1162 377 1325 431 α’ριστον
1353 378 1420 418 καὶ
1450 379 1492 419 τὸ
1524 381 1686 422 δεῖπνον
1705 381 1773 423 καὶ

219 432 349 489 τρίτης
379 432 573 484 μνησθεὶς
603 432 860 485 παραθέσεως
891 433 1066 487 ἐπιφέρει
1094 438 1175 475 κτλ.
1285 439 1321 474 1.
1355 431 1402 475 εὖ
1431 434 1514 488 γετ’
1547 442 1587 478 et
1615 436 1773 492 σφόδρα

217 490 265 528 A.
298 490 342 528 εὐ
374 486 412 540 γ’
447 489 616 529 Casaub.
641 515 690 519 -
723 491 771 529 de
791 494 940 541 ‘mattya
970 492 1018 531 ef.
1041 493 1166 532 Arist.
1184 493 1289 532 Nub.
1309 494 1403 534 451.
1436 495 1588 538 Athen.
1609 497 1648 547 4,
1661 497 1771 535 1410

217 544 293 583 ἔστι
323 541 363 583 6'
384 542 409 596 ἡ
440 545 591 597 ματτύη
622 543 789 597 φάτται,
821 552 961 598 χῆνες,
992 546 1196 600 τρυγόνες,
1227 548 1378 599 κίχλαι,
1409 548 1620 602 κόσσυφοι,
1638 526 1771 606 ’λαγώ,

215 601 356 653 α’ρνες,
388 601 531 652 ἔριφοι.
635 605 672 642 2.
704 600 901 654 διαθήσω,
933 606 958 643 i.
982 619 1015 644 e.
1046 601 1150 655 ὑμᾶς
1179 606 1245 644 vel
1275 602 1435 653 αὐτούς.
1524 609 1562 647 3.
1594 609 1772 648 scriben-

216 660 309 697 dum
339 662 401 698 est
428 656 517 697 οὐδ’
542 655 667 698 αὐτὸν
695 656 792 723 ἡμῖν
822 662 1014 710 Μῶμον
1042 657 1233 713 αντερεῖν.
1286 676 1378 701 nam
1406 664 1530 703 Alist.
1560 665 1666 706 Eccl.
1689 666 1772 705 570

216 713 314 753 ὥστε
341 746 377 754 ..
398 747 406 755 .
431 714 499 754 καὶ
530 721 670 755 τοῦτον
698 710 822 756 αὐτὸν
857 714 983 768 μηδὲν
1018 714 1220 756 αντειπεῐν
1258 716 1343 769 ἐμοί
1377 721 1600 770 exemplum
1639 724 1701 760 est
1729 722 1771 762 in

215 786 367 811 summa
408 773 681 812 similitudinis
719 775 846 823 specie
885 775 1088 816 dissimile.
1157 775 1261 813 Plat.
1300 777 1411 826 Reip.
1453 779 1496 827 6,
1527 778 1640 816 487a
1676 772 1768 816 οὐδ’

216 825 270 866 ὅίν
310 825 331 866 ὁ
366 830 522 878 Μωμος
561 826 604 868 τό
640 844 682 881 γε
721 835 895 868 τοιοῦτον
933 829 1142 881 μέμψαιτο
1202 832 1363 871 Lucian.
1396 834 1441 871 V.
1473 834 1511 872 h.
1544 835 1580 882 2,
1605 836 1629 873 3
1661 833 1702 872 οἷ
1726 831 1770 874 δὲ

215 890 356 935 ταῦροι
393 900 439 923 τα
477 883 619 938 κέρατα
658 881 762 936 εἶχον
788 918 796 926 .
817 917 852 926 ..
878 883 958 925 ὑπὸ
995 891 1075 934 τοῖς
1114 883 1359 939 ὀφθαλμοῖς,
1396 886 1527 939 ω’σπερ
1559 886 1580 928 ὁ
1612 892 1769 942 Μῶμος

213 938 340 991 ἠξίου.
402 943 519 992 Trag.
551 943 596 981 fr.
629 944 762 993 adesp.
794 944 875 982 447
908 944 958 982 N.
1002 940 1132 990 οὐδεὶς
1162 940 1215 982 ἆν
1245 943 1348 983 εἴποι
1376 948 1511 984 κεῖνον
1539 942 1771 998 ανθρώπων

214 999 370 1047 κακῶς,
404 995 492 1036 οὐδ’
516 999 552 1038 εἰ
579 995 749 1037 Φθόνου
778 997 928 1049 γένοιτο
958 999 1274 1053 δυσμενέστερος.

873 1157 1109 1190 ΒΑΣΙΛΕῙΣ

982 1235 1009 1277 9

560 1314 694 1368 λοιπή
725 1329 791 1362 τις
820 1311 911 1364 ὀξίς
942 1312 1036 1356 ἐστι
1066 1313 1141 1366 καὶ
1171 1314 1423 1370 ψυκτήριον

558 1383 637 1434 τῆς
667 1378 939 1436 εὐπαρύφου
969 1381 1254 1438 λεπτότερον.

324 1474 551 1513 Athenaeus
582 1476 620 1522 6,
645 1475 728 1514 230
746 1475 771 1512 d
811 1472 984 1521 τοιοῦτός
1023 1472 1103 1513 ἐστι
1140 1474 1206 1514 καὶ
1244 1472 1264 1514 ὅ
1301 1490 1409 1528 παρα
1439 1473 1695 1532 Νικοστρατῳ
1724 1476 1769 1519 ἐν

211 1535 264 1583 τῷ
296 1527 593 1601 ἐπιγραφομένῳ
615 1529 782 1581 δραματι
802 1531 996 1578 Βασιλεῖς.
1042 1527 1233 1579 ἀλαζών
1263 1529 1302 1570 δ’
1327 1531 1428 1572 ε’στὶ
1458 1536 1768 1586 στρατιώτης

210 1586 321 1655 περὶ
350 1589 402 1626 οὐ
434 1585 562 1638 λέγει
591 1588 672 1626 κτλ.
719 1584 938 1636 ἐξήλαυνον
958 1586 1033 1639 γάρ
1064 1602 1166 1635 τινες
1197 1586 1268 1627 τὸν
1296 1604 1470 1641 αργυρον
1499 1588 1565 1628 καὶ
1596 1587 1680 1631 τότε
1710 1592 1766 1639 εἰς

209 1640 355 1691 ὑμένος
395 1641 518 1682 ἰδέαν.
637 1646 673 1682 1.
706 1642 840 1696 λοιπή]
879 1643 997 1694 λεπτή
1027 1645 1203 1684 Pierson.
1235 1646 1357 1685 Moer.
1390 1648 1485 1686 281.
1530 1646 1616 1698 λιτή
1646 1649 1765 1689 Mein.

212 1702 249 1738 2.
282 1697 396 1750 τῆσδ’
421 1700 525 1738 idem
557 1701 672 1739 Anal.
704 1701 847 1740 Athen.
875 1703 940 1740 99.
974 1723 1026 1729 ——-
1056 1697 1081 1751 ἡ
1114 1698 1344 1753 εὐπαρυφος
1375 1717 1453 1753 quo
1482 1705 1640 1744 tenuior
1669 1708 1764 1756 erat,

210 1770 256 1794 eo
287 1757 517 1806 pretiosior,
561 1753 744 1806 qualibus
785 1757 1002 1796 utebantur
1037 1759 1182 1798 divites
1218 1761 1260 1798 et
1290 1760 1456 1799 nobiles.
1508 1760 1603 1800 dicit
1631 1763 1765 1801 nescio

209 1814 296 1862 quis
334 1814 454 1851 militi
492 1813 591 1851 nihil
631 1814 826 1864 reliquum
865 1826 947 1854 esse
988 1815 1066 1853 nisi
1104 1815 1181 1854 duo
1219 1827 1316 1854 vasa
1353 1817 1534 1856 tenuiora
1562 1818 1625 1856 vel
1654 1831 1766 1868 plae-

209 1871 318 1908 texta
346 1870 482 1920 ipsius.

859 1970 1108 2006 ΔΙΑΒΟΑΟΣ

322 2016 355 2054 Ι.
376 2029 410 2055 e.
445 2016 729 2057 Calumniator.

968 2093 1019 2134 10

342 2179 367 2235 ἡ
398 2184 510 2231 ναῦς
539 2182 588 2225 δὲ
619 2180 811 2238 πότερον
842 2181 1071 2237 εἰκόσορός
1102 2181 1196 2225 ἐστ’
1217 2181 1246 2238 ἦ
1278 2182 1465 2239 κύκνος,

341 2246 369 2303 ἢ
400 2246 649 2302 κάνθαροςς
682 2251 805 2292 τουτὶ
835 2248 921 2305 γὰρ
952 2250 1011 2292 ἂν
1041 2249 1223 2306 πύθωμ’
1247 2252 1330 2305 ἔτι,

342 2315 476 2367 αὐτὸς
505 2321 685 2372 περανῶ
716 2315 768 2359 τοὶ
802 2316 948 2360 πάντ’.
1002 2321 1051 2360 Β.
1084 2316 1235 2372 ἀμέλει
1265 2318 1646 2376 κυκνοκάνθαρος.

345 2384 410 2439 [ἐξ
442 2383 711 2439 ἀμφοτέρων
740 2385 914 2428 τούτων
946 2385 1342 2442 κεκεραμευμένος]

325 2489 550 2529 Athenaeus
584 2492 647 2539 11,
664 2490 788 2528 4741.)
820 2490 1087 2542 Νικόστρατος
1111 2489 1295 2544 Διαβόλῳ
1325 2493 1406 2529 κτλ.
1496 2494 1531 2530 1.
1565 2504 1760 2544 εικοσορος

208 2557 314 2584 εστιν
345 2547 394 2585 A.
443 2540 522 2583 ἐστ’
556 2546 779 2596 Stephanus
811 2548 991 2597 Append.
1023 2547 1136 2588 Thes.
1169 2545 1330 2593 κύκνος.
1435 2549 1471 2586 2
1511 2545 1564 2586 dlv
1600 2549 1756 2601 Dindf.]

208 2600 279 2640 ἐὰν
307 2602 356 2641 A.
444 2598 611 2652 πύθωμ’
644 2602 793 2641 Iacobs.
825 2603 928 2642 Add.
951 2604 1045 2642 Ath.
1070 2601 1170 2655 257]
1203 2601 1394 2653 πύθωμαι
1416 2605 1464 2643 A.
1516 2602 1570 2642 ἔτι
1588 2604 1760 2659 Iacobs]

206 2656 228 2696 ὅ
260 2673 295 2696 τι
326 2659 376 2697 Α.
467 2660 503 2697 3.
535 2663 694 2709 περανῶ
723 2658 892 2710 Iacobs]
926 2673 1098 2710 περιανω
1129 2661 1176 2710 A,
1210 2661 1278 2710 qui
1310 2661 1450 2698 deinde
1479 2659 1621 2700 πάντα.
1672 2675 1758 2702 ver-

209 2727 294 2752 sum
325 2717 511 2764 quartum
542 2729 566 2754 a
595 2716 850 2764 grammatico
884 2717 1079 2755 adiectum
1110 2729 1196 2755 esse
1226 2717 1381 2755 monuit
1401 2717 1644 2757 Dindorfius.
1677 2732 1713 2759 v.
1732 2720 1756 2757 3

208 2771 303 2820 quid
341 2772 416 2809 sibi
447 2772 574 2810 velint
602 2767 721 2817 αὐτὸς
752 2776 910 2823 περανῶ
939 2769 985 2809 τὰ
1015 2768 1145 2810 πάντα
1176 2773 1306 2811 soluta
1337 2773 1528 2813 sermonis
1558 2775 1757 2824 perpetui-

208 2829 289 2865 tate
319 2840 399 2866 non
430 2827 606 2876 adparet.
