1864 3204
197 208 279 251 358
850 207 1101 245 ΑΛΕΞΙΔΟΣ

199 328 236 353 v.
264 315 290 351 4
334 314 664 363 quemadmodum
709 314 978 353 emendandus
1023 315 1076 353 sit
1111 316 1260 357 nescio.
1320 315 1414 354 alibi
1446 319 1601 368 sponsis
1631 332 1752 359 κατα-

200 368 380 421 χύσματα
408 371 661 420 praebentur.
714 371 970 410 Schoemann.
1003 372 1117 411 Ant..
1132 369 1212 423 gr.²
1241 371 1283 411 II
1314 373 1408 411 533.

893 494 1062 528 ΟΠΩΡΑ

316 575 534 614 Meretricis
564 588 707 614 nomen
739 588 822 613 esse
845 576 1075 615 Athenaeus
1105 578 1280 615 testatur
1303 579 1367 625 10,
1389 579 1471 618 443
1482 593 1513 618 e.
1548 581 1610 630 13,
1629 581 1710 619 567
1723 593 1755 620 c.

202 631 428 680 Nympham
458 631 628 680 Oporam
660 632 876 670 meretricis
908 632 1046 670 habitu
1077 633 1125 670 ad
1146 633 1260 671 Pacis
1280 633 1595 683 Aristophaneae
1626 649 1756 675 exem-

202 689 314 737 plum
344 688 546 727 inductam
577 688 698 727 fuisse
728 689 951 737 suspicatur
971 689 1191 728 Meinekius
1213 690 1273 728 III
1295 691 1389 729 321.
1421 693 1471 730 cf.
1490 693 1674 743 Amphid.
1688 694 1755 734 48.

1149 829 1275 875 οἶνον
1305 832 1456 876 πολὺν

348 898 402 941 οὐ
433 901 711 954 κεκραμένον
741 897 797 941 σύ
829 901 972 950 πίνεις
1000 898 1159 954 μεστὸς
1189 900 1255 943 ὢν
1286 900 1399 944 κούκ
1432 903 1618 958 ἐξεμεῐςς

259 1022 291 1088 ἃ»
321 995 547 1088 &athenaeus
580 995 649 1044 10,
672 995 786 1033 443e
810 991 959 1041 ’Ἀλεξις
990 991 1034 1032 ἐν
1061 989 1216 1047 Ὀπώρᾳ
1235 1026 1243 1034 .
1263 1026 1272 1035 .
1292 1026 1300 1035 .
1319 995 1442 1046 φησίν
1471 999 1551 1035 κτλ.
1640 999 1679 1037 2.
1710 992 1761 1036 σύ

206 1052 254 1088 ad
288 1081 295 1088 .
335 1062 338 1067 ·
373 1052 450 1089 ein.

949 1105 1029 1146 165

430 1183 595 1238 ἐρρέτω
626 1181 799 1237 μέλαιν’
829 1181 1024 1237 Ὀπώρα·
1056 1186 1164 1225 πᾶσι
1193 1182 1278 1239 γὰρ
1308 1187 1541 1239 χαρίζεται,

320 1278 461 1316 Macar.
484 1277 521 1324 4,
536 1277 560 1314 8
593 1274 655 1314 ἐπὶ
685 1281 764 1314 τῶν
795 1275 939 1329 ῥαδίως
971 1275 1248 1328 τυγχανόντων
1277 1277 1342 1316 καὶ
1370 1274 1762 1331 ἇποσκορακιζόντων

206 1327 303 1371 αὐτὸ
334 1326 376 1370 τὸ
407 1331 553 1385 ραδίως
585 1331 805 1384 τυγχάνειν.
863 1332 1008 1382 κυρίως
1040 1331 1106 1371 ἐπὶ
1130 1330 1290 1384 μαχλων
1317 1341 1535 1386 γυναικῶν.
1585 1335 1762 1375 Alexidis

137 1436 140 1439 Α
209 1404 255 1429 ex
288 1390 417 1439 Opera
447 1403 531 1428 esse
562 1391 727 1428 coniecit
755 1390 989 1428 Leutschius
1019 1391 1161 1429 Philol.
1183 1391 1242 1429 III
1264 1393 1359 1430 572.
1433 1388 1589 1440 μέλαιν’
1607 1387 1762 1443 Ὀπώρα

208 1444 412 1499 Leutsch]
442 1443 606 1495 μέλαινα
638 1442 786 1496 ὀπώρα.
826 1448 885 1484 est
916 1449 1005 1484 tetr.
1030 1447 1152 1488 troch.
1174 1451 1243 1485 aut
1263 1449 1453 1498 reliquiae
1475 1450 1760 1488 trimetrorum.
1817 1466 1827 1476 ·

868 1569 1098 1602 ΟΡΕΣἹΗΣ

945 1636 1022 1677 166

325 1708 553 1746 Athenaeus
575 1707 612 1753 6,
631 1707 743 1744 2470
775 1704 841 1744 καὶ
861 1701 1013 1754 ’Ἁλεξις
1044 1704 1088 1744 ἐν
1103 1703 1264 1760 Ὀρέστῃ
1294 1703 1527 1759 (παράσιτον
1557 1706 1761 1759 εἰσᾶγειὲ).

324 1765 386 1802 Ad
408 1763 587 1801 Alexidis
619 1763 788 1802 Olesten
817 1763 942 1801 iefert
973 1764 1192 1802 Meinekius
1212 1764 1441 1803 Aristotelis
1463 1765 1573 1803 Poet.
1592 1767 1643 1804 13
1661 1769 1761 1804 extr.

212 1819 297 1859 ἐκεῖ
328 1818 402 1871 γὰρ
442 1815 507 1872 (ἐν
535 1824 583 1871 τῇ
613 1815 818 1872 κωμῳδία)
855 1815 909 1857 ὅίν
945 1818 986 1857 οἵ
1011 1817 1183 1869 ἔχθιστοι
1212 1814 1312 1859 ὦσιν
1343 1818 1386 1858 ἐν
1415 1825 1468 1874 τῷ
1497 1817 1640 1875 μυθῳ,
1677 1816 1764 1860 οἷον

206 1873 386 1927 Ὀρέστης
416 1874 485 1913 καὶ
515 1874 736 1926 Αίγισθος,
775 1875 883 1924 φίλοι
911 1873 1115 1927 γενόμενοι
1146 1874 1208 1914 ἐπὶ
1238 1879 1419 1927 τελευτῆς
1451 1861 1670 1927 ἐξέρχονται
1697 1875 1764 1916 καὶ

212 1930 462 1985 ἀποθνήσκει
492 1928 622 1978 οὐδεὶς
652 1928 726 1970 ὑπ’
750 1928 928 1977 οὐδενός.
980 1933 1046 1970 sed
1077 1946 1317 1983 quamquam
1339 1933 1498 1972 Orestes
1529 1935 1651 1974 solius
1671 1935 1763 1973 Ale-

209 1991 313 2029 xidis
343 1991 675 2028 commemoiatur
695 1985 904 2041 (Timoclis
926 1989 1002 2026 fuit
1017 1983 1437 2041 Ὀρεσταυτοκλείδης),
1468 1991 1662 2029 tamenin
1681 1993 1772 2043 tam·

212 2048 392 2085 inmensa
430 2046 723 2094 depeiditarum
763 2045 1053 2083 comoediarum
1093 2043 1208 2095 copia
1244 2047 1331 2095 quis
1370 2047 1465 2084 haec
1502 2059 1583 2086 non
1613 2060 1659 2086 ex
1687 2047 1765 2086 alia

217 2104 348 2152 aliqua
377 2102 510 2140 fabula
542 2102 775 2151 deprompta
805 2114 888 2139 esse
918 2101 1138 2150 spondeat?

843 2221 1126 2255 οΡΧΗΣΤΡῑΣ
1156 2210 1158 2213 ’

955 2300 1032 2342 167

434 2378 612 2434 γυναιξὶ
643 2377 685 2420 δ’
709 2376 838 2433 ἀρκεῖ
863 2377 1014 2433 πάντ’,
1048 2377 1128 2421 ἐὰν
1159 2375 1281 2429 οἶνος
1310 2383 1431 2436 παρῇ

385 2457 390 2461 ’
430 2449 578 2489 πίνειν
609 2446 810 2500 διαρκής.
862 2449 913 2488 Β.
945 2445 1059 2487 ἄλλα
1087 2446 1191 2502 μήν,
1223 2445 1278 2501 νὴ
1309 2445 1368 2489 ‘cc-5
1397 2447 1506 2498 θεώ,
1552 2503 1555 2506 ‚

437 2517 554 2557 ἔσται
583 2512 627 2568 γ’
657 2512 765 2555 ὅσον
795 2509 853 2554 ἂν
881 2511 1156 2568 βουλώμεθ’,
1189 2515 1315 2556 ἔσται
1341 2515 1414 2556 καὶ
1445 2514 1563 2568 μάλα

431 2579 540 2637 ἡδύς
568 2579 630 2636 γ’,
663 2579 850 2630 ὀδόντας
880 2579 964 2623 οὐκ
992 2583 1121 2636 ἔχων,
1151 2579 1236 2637 ἤδη
1267 2581 1458 2636 σαπρός,

384 2659 404 2689 5
430 2649 588 2704 λέγων,
619 2650 767 2704 γέρων
797 2664 845 2702 γε
878 2649 1129 2702 δαιμονίως.
1182 2653 1236 2691 A.
1268 2647 1514 2702 ἀσπάζομαι

331 2726 334 2729 ’
434 2720 581 2771 γραῦν
611 2718 791 2771 σφίγγα.

334 2800 560 2838 Athenaeus
586 2801 646 2846 10,
667 2799 780 2837 4410
802 2795 951 2846 ’Ἄλεξις
979 2794 1220 2849 Ὀρχηστρίδι
1250 2800 1330 2836 κτλ.
1362 2795 1458 2849 πρὸς
1489 2794 1554 2848 ἐμὲ
1582 2794 1636 2845 ὦς
1666 2797 1764 2838 αἰνί-

218 2870 348 2906 γματα
379 2853 480 2906 λέγει
510 2851 613 2908 (λέγε
644 2853 698 2907 A)
730 2851 794 2892 καὶ
827 2852 874 2893 τὰ
904 2853 1032 2893 λοιπά.
1083 2855 1313 2894 Eustathius
1337 2855 1456 2905 1449,
1476 2856 1498 2893 7
1529 2848 1613 2893 οἷον
1641 2851 1766 2907 γέρων
