1864 3204
419 275 688 311 ΟΜΩΝΤΜΟῙ
712 295 756 301 -
780 276 991 311 ΔΔΗΛΩΝ
1019 277 1291 313 ΔΡΑΜΑΤΩΝ
1549 276 1632 320 427

186 378 416 421 Athenaeus
449 382 513 431 14,
535 381 680 420 615ef
708 378 920 428 Διονύσιος
950 376 1024 432 μὲν
1053 376 1075 420 6
1107 378 1319 429 Σινωπεὺς
1349 375 1372 421 ὁ
1402 387 1470 433 τῆς
1500 395 1635 439 κωμῳ·

71 435 159 484 δίας
187 434 354 488 ποιητὴς
392 434 436 476 ἐν
473 441 527 491 τῷ
558 434 860 505 ἐπιγραφομένῳ
885 433 1110 489 Ὁμώνυμοι
1141 434 1366 492 (ὁμονύμωι
1396 435 1452 493 A)
1482 452 1635 491 μνημο-

73 490 177 533 νεύει
207 478 510 544 Κηφισοδώρου
541 499 610 533 τοῦ
648 492 803 534 πλάνου
832 478 899 534 διὰ
930 490 1082 534 τούτων
1109 497 1191 535 κτλ.
1243 496 1476 536 Eustathius
1510 497 1633 544 1382,

70 551 127 591 40
154 546 176 589 6
206 549 381 598 πλάνος.
399 548 562 602 ,τέχνην
589 546 764 598 αὖτὸς”
741 563 852 602 εχων
871 549 958 591 τινὰ
989 549 1056 591 καὶ
1086 549 1130 591 τὸ
1158 548 1398 592 ἀποπλανᾶν
1419 550 1512 600 τους
1532 555 1635 592 θεω·

69 604 214 655 μένους
244 603 311 662 (1),
343 603 472 647 ὁποῖοι
501 605 795 660 Κηφισόδωρός
826 622 884 657 τις
914 606 981 648 καὶ
1013 607 1271 649 Πανταλέων.
1362 612 1399 650 1.
1433 619 1559 660 φησιν
1587 610 1636 652 Α.

70 665 108 707 5.
139 677 230 715 τηπι
251 665 300 706 A.
391 661 520 716 ἥσυχα
549 667 741 704 καθεῖναι
771 662 1060 719 (intransitive)
1089 666 1242 709 Iacobs.
1274 666 1378 706 Add.
1410 667 1506 706 Ath.
1539 668 1635 707 328.

67 721 148 761 alia
177 721 384 762 Dobraeus
413 724 456 761 et
486 721 708 772 Exuperius.
760 735 835 762 scr.
869 727 1011 762 τοῦτον
1040 720 1196 774 ταχὺ-ν
1233 718 1351 761 ὄντα
1381 721 1482 775 πρὸς
1522 721 1567 763 τὸ
1597 734 1637 762 σ.

67 773 311 829 ἀνατρέχειν,
347 775 478 830 ἥσυχα
507 776 551 818 δὲ
580 776 756 818 κατιέναι
783 775 843 819 ’πὶ
872 785 920 834 τῇ
948 780 989 831 β.
1020 780 1172 820 scilicet
1201 781 1320 820 aliter
1351 781 1485 820 omnia
1514 784 1636 832 atque

68 836 190 875 oeten·
219 835 396 875 homines
427 835 741 886 cephisodorus
750 835 932 877 faciebat

186 892 226 931 2.
268 891 431 932 Lucian.
463 893 666 932 Prometh.
698 893 724 930 4
755 891 829 944 τὴν
859 891 904 933 ἐν
931 891 1034 947 μέσῳ
1065 889 1215 945 ταύτην
1243 890 1393 945 σχολὴν
1422 890 1460 941 ἐς
1489 890 1635 945 ἀκρόα-

69 958 136 987 σιν
163 944 506 1000 καταχρήσασθαι,
538 962 617 1001 quo
648 951 827 1001 exemplo
847 951 1020 991 concidit
1040 951 1298 991 Herwerdeni
1319 947 1435 1005 (Obs.
1453 953 1541 991 orit.
1561 949 1635 1006 81)

70 1005 296 1045 emendatio
327 1010 374 1061 τῇ
394 1008 527 1059 σχολῇ.
589 1005 645 1053 εἰς
675 1011 793 1046 τοῦτο
823 1003 866 1046 τὸ
894 1006 1010 1060 μέρος
1039 1010 1085 1047 in
1113 1010 1216 1048 hanc
1243 1010 1345 1048 vitae
1374 1010 1637 1049 condicionem

69 1063 391 1114 (Lebemberuf).
481 1065 520 1102 4.
552 1060 594 1102 τὸ
623 1062 738 1115 σιμόν
768 1066 829 1104 est
858 1067 979 1105 clivus
1007 1067 1121 1106 arcis.
1172 1066 1222 1105 cf.
1255 1065 1463 1116 Aristoph.
1495 1067 1543 1104 fr.
1569 1067 1635 1105 74.

726 1187 976 1222 ΣΩῙΖΟΤΣΑ

185 1267 260 1306 Vel
291 1267 462 1308 fortasse
494 1263 682 1320 Σώτειρα.
734 1270 785 1309 cf.
818 1270 862 1310 fr.
896 1271 934 1309 6.

837 1380 865 1422 5

273 1455 357 1500 ὅσα
389 1455 433 1500 δ’
458 1457 582 1501 ἐστὶν
612 1459 708 1514 εἴδη
741 1459 1025 1516 Θηρικλείων
1054 1461 1145 1502 τῶν
1176 1462 1346 1515 καλῶν,

273 1525 436 1580 γύναι,
468 1524 724 1581 δικότυλοι,
756 1526 1036 1581 τρικότυλοι,
1068 1528 1215 1578 δεῖνος
1244 1529 1380 1583 μέγας

274 1597 435 1650 χωρῶν
466 1595 706 1650 μετρητήν,
738 1597 948 1651 κυμβίον,
982 1597 1172 1651 σκύφοι,
1206 1595 1331 1650 ῥυτά.

276 1665 327 1706 Β.
359 1660 534 1718 ποτήρι’
558 1659 585 1718 ἡ
615 1665 783 1729 γραῦς,
815 1661 927 1706 ἄλλο
959 1662 1003 1706 δ’
1028 1662 1136 1706 οὐδὲ
1167 1665 1217 1707 ἓν
1246 1664 1413 1719 βλέπει.

184 1755 414 1796 Athenaeus
450 1758 514 1805 11,
536 1757 655 1796 467d
689 1755 904 1805 Διονύσιος
935 1754 955 1796 ὁ
976 1756 1186 1805 Σινωπεὺς
1216 1755 1261 1797 ἐν
1292 1755 1485 1812 Σῳζούσῃ
1515 1773 1633 1797 κατα-

71 1810 197 1865 λέγων
225 1808 398 1864 ὀνόματα
428 1811 630 1864 ποτηρίων
657 1811 898 1865 μνημονεύει
927 1813 995 1854 καὶ
1024 1813 1167 1854 τούτου
1198 1810 1289 1869 (τοῦ
1319 1814 1475 1867 δείνου)
1509 1814 1634 1868 λέγων

70 1867 197 1916 οὕτως
228 1872 308 1910 κτλ.
356 1872 419 1920 11,
432 1871 544 1909 4970
579 1868 786 1918 Διονύσιος
815 1867 837 1910 ὁ
870 1869 1081 1919 Σινωπεὺς
1113 1869 1155 1910 ἐν
1185 1870 1379 1925 Σῳζούσῃ
1409 1871 1636 1925 καταλέγων

73 1924 161 1965 τινὰ
192 1924 359 1978 ποτήρια
389 1925 456 1965 καὶ
484 1932 555 1965 τοῦ
587 1925 708 1975 ῥυτοῦ
738 1925 922 1979 ἐμνήσθη
953 1925 1008 1976 ὡς
1037 1931 1240 1980 προεῖπον.
1324 1931 1361 1968 1.
1394 1926 1438 1967 δὲ
1468 1930 1515 1970 A.
1596 1932 1633 1969 2.

69 1979 203 2050 γύναι]
237 1979 398 2048 ιιοτύλαι
426 1984 548 2023 Mein.
600 1984 767 2024 fortasse
798 1983 997 2037 κύμβαι.
1049 1986 1197 2025 Athen.
1228 1986 1345 2026 483⁸.
1375 1982 1530 2052 κύμβη·
1561 1986 1632 2024 Φι·

0 2078 1 2082 ,
71 2035 206 2091 λήμων
235 2037 279 2079 ἐν
308 2043 394 2088 ταῖς
421 2036 614 2088 Ἀττικαῖς
644 2044 800 2091 φωναῖς
831 2039 989 2090 κύλικος
1019 2036 1136 2090 εἶδος.
1226 2043 1262 2082 3.
1292 2037 1487 2094 μετρήτην
1518 2045 1567 2082 Α.

839 2152 867 2195 6

294 2228 406 2286 πρὸς
435 2226 516 2273 τόν
545 2229 869 2286 τελευτήσανθ’
891 2232 1098 2287 ἕκαστος,
1131 2230 1220 2277 κᾶν
1250 2232 1429 2288 σφόδρα

294 2300 380 2350 ζῶν
412 2298 575 2353 ἐχθρὸς
604 2315 632 2355 η
664 2315 752 2354 τις,
784 2301 957 2354 γίνεται
988 2302 1120 2355 φίλος
1147 2301 1260 2344 τότε.

187 2390 383 2431 Stobaeus
413 2392 554 2431 Floril.
591 2394 691 2443 125,
713 2395 738 2431 8
779 2392 1000 2431 Διονυσίου
1040 2393 1238 2444 Σωτείρας
1268 2395 1318 2433 A
1380 2395 1430 2434 cf.
1462 2396 1582 2434 Mein.
1617 2396 1633 2434 I

73 2449 170 2486 429.
265 2449 302 2486 2.
336 2448 416 2495 ζῶν
445 2445 586 2502 Mein]
617 2462 687 2488 ων.
783 2443 829 2503 ᾗ]
859 2464 912 2500 ην
942 2450 989 2488 Β.
1022 2472 1075 2478 -
1108 2447 1211 2499 τότε,
1244 2465 1343 2490 οταν
1371 2447 1563 2505 ἀποθάνῃ
1594 2449 1634 2505 (6

73 2498 288 2599 ξῗῙθρΙοὲζῗ)
321 2504 423 2544 falso
470 2505 662 2556 Dionysio
706 2507 859 2556 tragico
899 2506 1128 2557 adsignavit
1159 2507 1390 2547 Welckerus
1421 2508 1543 2559 Trag
1574 2522 1635 2559 gr.

608 2649 816 2683 ΑΔΗΛΩΝ
841 2650 1102 2686 ΔΡΑΜΑΤΩΝ

788 2728 894 2770 7-1
904 2729 924 2770 1

347 2806 498 2847 ἔπειτα
529 2802 571 2847 δ’
594 2802 700 2847 οὐδὲ
731 2807 864 2849 τοῦτο
894 2806 1130 2862 γινώσκεις
1159 2806 1227 2851 ὅτι

347 2878 439 2923 τοῖς
469 2870 604 2915 οὐδὲν
635 2866 766 2916 οὖσιν
795 2872 903 2917 οὐδὲ
935 2869 999 2926 εἷς
1028 2873 1144 2926 ὅλως
1174 2880 1361 2931 φθονεῖς
