1890 3190
288 214 344 256 52
912 217 1233 250 ΑΝἿῚΦΑΝΟΤΣ
1841 193 1864 245 st

290 319 374 357 bili.
419 321 543 364 ποιεῖς
575 320 629 357 sic
659 321 794 368 potest
815 319 985 366 defendi,
1018 320 1051 358 si
1072 331 1159 356 eum
1181 319 1249 368 qui
1269 319 1364 357 haec
1385 319 1481 358 dicit
1499 319 1705 358 mulierem
1723 319 1842 370 pedes
1882 363 1884 367 ⁸

288 374 364 467 sZibi
391 375 608 468 'frgcantem
640 375 801 424 adloqui
829 377 992 415 statuas.
1039 397 1092 403 -—
1137 374 1352 428 Ζακυνθίῳ
1395 376 1602 425 Koppiers.
1639 375 1733 417 obs.
1769 373 1842 428 39]
1881 333 1890 451 ³

323 445 428 468 06qu
462 445 506 470 ω.
1884 454 1890 462 “

933 532 1193 565 ΖΩΓΡΑΦΟΣ
1881 526 1890 574 ξ

1027 610 1107 651 103
1885 590 1890 596 ’

558 686 774 742 ἄγαλμα
803 688 877 729 καὶ
908 687 1135 745 γραφὴνΙ
1160 686 1234 729 καὶ
1265 684 1571 741 ἀνδριάντα

399 776 643 832 ἀδιαφόρως.
687 776 930 831 Ἀντιφάνης
962 778 1180 833 Ζωγράφῳ.
1226 781 1390 821 Bekker.
1414 782 1562 821 Aneed.
1584 782 1650 830 82,
1673 782 1712 820 9.
1761 794 1842 820 am-

289 838 408 888 bigue
438 838 593 876 locutus
625 839 704 876 est:
750 840 819 876 aut
849 839 954 876 enim
983 838 1254 887 Antiphanem
1288 851 1366 876 una
1395 851 1488 876 voce
1518 835 1674 888 ἄγαλμα
1704 837 1753 875 ad
1782 837 1842 888 pi-

287 896 436 932 cturam
467 897 508 932 et
539 896 712 932 statuam
745 894 1046 944 significandam
1076 895 1297 944 promiscue
1327 897 1397 932 aut
1426 894 1554 933 tribus
1575 895 1657 933 illis
1678 894 1840 933 vocibus

292 951 376 988 sine
407 950 708 1001 significationis
740 951 963 990 discrimine
993 964 1107 990 usum
1139 964 1223 990 esse
1253 951 1361 989 dicit.

952 1073 1176 1106 ΗΝΙΟΧΟΣ

404 1155 489 1193 Aut
527 1155 663 1205 auriga
701 1156 770 1193 aut
803 1155 921 1194 homo
961 1155 1022 1193 cui
1058 1167 1202 1193 nomen
1232 1154 1436 1193 Heniocho
1467 1157 1554 1194 erat
1583 1154 1843 1205 significatur.

292 1211 343 1249 cf.
374 1212 462 1250 Ael.
494 1212 659 1261 Dionys.
690 1211 872 1250 Eustath.
904 1213 1006 1261 576,
1028 1211 1095 1249 42.
1155 1211 1319 1250 Photius
1351 1213 1424 1261 71,
1449 1212 1516 1250 20.
1567 1211 1697 1250 Schol.
1728 1211 1840 1250 Leid.

288 1268 410 1306 Hom.
442 1268 490 1307 Il.
523 1269 561 1318 5,
585 1269 680 1306 505.
731 1269 848 1307 Mein.
878 1267 899 1305 Ι
929 1269 1023 1307 326.

1022 1377 1104 1420 104

528 1454 697 1512 ἀνδρὸς
727 1456 933 1511 διαφέρει
962 1455 1086 1498 τοῦτ’
1110 1454 1245 1511 άνήρ·
1279 1454 1303 1498 ὁ
1332 1456 1416 1512 μὲν
1445 1458 1592 1505 κακῶς

527 1524 738 1577 πράττων
767 1524 817 1566 τὸ
849 1526 1028 1566 λυποῦν
1056 1521 1189 1579 ἤγαγ’
1213 1524 1276 1574 εἰς
1305 1522 1601 1579 παράστασιν,

529 1589 552 1633 ὁ
583 1591 627 1632 δ’
651 1591 891 1647 ἐμφρόνως
920 1592 1159 1646 δεξάμενος
1188 1590 1380 1647 ἤνεγκεν
1410 1594 1570 1641 καλῶς.

404 1686 605 1725 Stobaeus
636 1686 773 1727 Floril.
808 1687 903 1737 108,
927 1687 979 1725 28
1007 1680 1247 1736 Ἀντιφάνης
1271 1681 1445 1739 Ἱίνιόχῳ
1475 1687 1524 1725 Α.
1643 1687 1680 1725 2.
1711 1680 1843 1735 παρά-

290 1741 444 1794 στασιν]
477 1741 704 1808 περίστασιν
732 1743 856 1782 Dobr.
879 1743 983 1784 Adv.
1005 1743 1045 1782 II
1066 1744 1164 1784 360.
1202 1745 1382 1792 praestat
1410 1738 1714 1793 μετάστασιν
1741 1743 1841 1782 conl.

286 1800 444 1838 Alexid.
463 1800 558 1838 292.
597 1794 841 1851 παράστασις
871 1800 977 1838 enim
1008 1812 1096 1838 cum
1126 1802 1168 1838 et
1186 1801 1487 1848 desperationem
1515 1801 1556 1838 et
1585 1801 1842 1838 constantiam

286 1857 407 1894 animi
439 1856 544 1906 apud
575 1857 814 1906 posteriores
844 1856 1056 1906 scriptores
1086 1856 1294 1906 significet,
1326 1870 1396 1906 per
1426 1869 1466 1895 se
1487 1856 1627 1906 solum,
1655 1856 1736 1895 nisi
1754 1856 1842 1894 uni-

289 1926 402 1951 versa
441 1914 640 1951 sententia
677 1914 812 1951 utrum
843 1913 1154 1964 intellegendum
1193 1913 1246 1951 sit
1282 1915 1498 1962 monstret,
1539 1913 1723 1961 usurpari
1759 1924 1842 1951 non
1869 1916 1872 1920 '

286 1971 438 2019 potest;
480 1968 706 2020 περίστασις
745 1971 880 2008 autem
905 1982 978 2019 pro
1008 1973 1194 2022 συμφορᾷ
1222 1970 1398 2018 positum
1428 1969 1563 2008 stoicis
1594 1969 1752 2007 demum
1781 1970 1840 2006 at·
1868 2008 1883 2016 ,

285 2026 428 2064 tribuit
458 2026 706 2076 Phrynichus
737 2026 845 2075 Epif.
879 2027 973 2064 376.
1023 2027 1115 2076 post
1144 2023 1328 2076 πράττων
1357 2026 1552 2064 nonnulla
1581 2025 1769 2064 excidisse
1799 2026 1842 2063 ct
1869 2039 1877 2041 ’·

286 2095 321 2123 ν.
343 2083 367 2120 3
399 2077 604 2132 εὐφρόνως
643 2083 893 2121 scribendum
924 2094 1008 2121 esse
1038 2084 1172 2121 censet
1201 2082 1452 2121 Herwerden.
1482 2082 1630 2120 Mnem.
1662 2094 1753 2120 nov.
1784 2081 1842 2118 VI

287 2139 354 2176 63.
407 2139 506 2176 mihi
535 2139 657 2178 verba
686 2141 828 2188 poetae
857 2139 1044 2178 videntur
1073 2139 1253 2189 graviter
1282 2140 1469 2188 corrupta
1498 2150 1596 2177 esse.

947 2261 1147 2295 ΘΔΜΤΡΑ
1153 2261 1182 2293 Σ

398 2342 620 2394 Significari
651 2343 812 2382 videtur
840 2342 1080 2382 clarissimus
1115 2342 1184 2380 ille
1213 2342 1364 2390 Thrax,
1401 2342 1479 2380 iam
1510 2342 1736 2381 Homeridis
1774 2341 1836 2391 (Il.

284 2401 322 2447 2,
347 2400 427 2438 595
445 2399 522 2450 sq.)
555 2401 686 2448 notus,
718 2400 784 2450 qui
817 2397 997 2450 Θάμυρις
1027 2399 1162 2449 vulgo,
1193 2399 1243 2437 ab
1274 2399 1422 2437 Atticis
1456 2393 1643 2450 Θαμύρας
1674 2399 1836 2438 vocaba-

282 2458 360 2497 tur.
407 2457 454 2494 cf.
487 2457 649 2495 Preller.
672 2456 800 2506 Myth.
821 2469 882 2506 gr.
886 2453 902 2478 ²
922 2455 963 2494 II
983 2456 1078 2495 491.
1094 2456 1131 2493 2.
1164 2455 1242 2493 fuit
1260 2454 1594 2505 etiamSophoclis
1607 2455 1836 2505 Thamyras.

282 2512 436 2551 Nauck.
468 2513 585 2563 Trag.
617 2513 666 2551 fr.
697 2526 736 2562 p.
762 2513 855 2551 144.
1018 2565 1098 2608 105

513 2644 588 2685 καὶ
619 2645 704 2686 σοῦ
732 2642 777 2698 γ’
801 2640 1035 2697 ἐπώνυμός
1064 2659 1130 2693 τις
1161 2643 1211 2686 ἐν
1242 2644 1411 2698 φήμαις
1439 2644 1618 2698 βροτῶν

516 2711 695 2766 Θρῄκης
726 2711 964 2765 κατάρδων
993 2708 1189 2764 ποταμὸς
1218 2707 1556 2765 ω’νομασμένος,

515 2779 756 2832 Στρυμών,
787 2781 994 2833 μεγίστας
1025 2779 1216 2833 ἐγχέλεις
1245 2778 1524 2833 κεκτημένος.

396 2862 625 2900 Athenaeus
658 2863 695 2911 7,
718 2862 802 2900 300
822 2874 841 2899 c
871 2858 930 2899 ότι
959 2857 1004 2899 δὲ
1033 2859 1100 2900 καὶ
1128 2859 1174 2899 αἱ
1199 2859 1446 2913 Στρυμόνιαι
1475 2857 1639 2911 ἐγχέλεις
1669 2855 1724 2899 δι’
1742 2856 1834 2899 ὄνό-
1866 2855 1887 2903 <31

1867 2916 1887 2953 i,

1862 2969 1871 2998 5
