1864 3204
218 190 303 232 344
876 186 1126 227 ΑΛΕΞΙΔΟΣ

220 295 334 345 τέχνη
365 290 603 344 ἐπιτήδευμα
633 287 685 345 ἦν
716 290 947 344 ἐλευθέρων.
999 296 1206 344 πολίτης
1244 294 1336 348 γάρ
1370 311 1441 343 τις
1471 292 1562 336 οὐκ
1591 291 1775 349 ἆπινὴς
1836 291 1837 294 ¹

221 349 271 389 ἐν
301 347 431 404 αὐτῷ
463 349 724 389 δείκνυται
754 346 775 388 ὁ
804 347 1051 404 μάγειρος.
1091 351 1239 392 Athen.
1266 354 1423 404 14,658
1446 356 1545 393 extr.
1576 350 1773 407 οὐδὲγὰρ

219 404 274 446 ἂν
312 405 418 458 εὕροι
460 421 515 453 τις
562 405 742 446 δοῦλον
783 406 1026 460 μάγειρόν
1066 422 1152 447 τινα
1191 407 1233 448 ἐν
1269 409 1490 464 κωμῳδίᾳ,’
1524 407 1628 462 πλὴν
1666 409 1770 463 παρὰ

223 462 480 517 Ποσειδίππῳ
509 461 628 517 μόνῳ.
689 464 791 502 Plin.
823 465 872 502 N.
906 465 943 503 h.
981 467 1051 516 18,
1078 467 1157 505 108
1195 479 1265 506 nec
1300 479 1438 516 coquos
1465 480 1554 507 vero
1581 469 1773 508 habebant

221 524 265 561 in
294 522 471 566 servitiis,
502 533 636 569 eosque
665 533 710 560 ex
738 523 891 561 macello
922 524 1195 563 conducebant.
1243 524 1393 563 scilicet
1423 522 1590 564 Glaucia
1628 536 1773 576 coquus

190 614 192 617 ,
223 578 467 628 significatur
497 577 710 628 fragmenti
744 579 837 616 124.

706 700 959 734 ΛΕΤΚΑΔΙΑ
985 702 1020 734 Η
1045 701 1297 735 ΔΡΑΠΕΤΑΙ

956 779 1037 821 130

494 860 623 899 οἴνου
653 863 849 912 γεραιοῖς
878 858 1072 912 χείλεσιν
1102 858 1212 913 μέγα
1243 858 1428 914 σκύφος.

339 952 568 990 Athenaeus
602 953 678 1000 11,
700 952 815 990 4989
848 948 1018 1003 (σκύφος
1049 947 1285 1006 οὐδετέρως)
1314 950 1465 1000 ’Ἀλεξις
1496 951 1540 992 ἐν
1569 952 1778 1007 Λευκαδίᾳ

224 1010 305 1046 κτλ.
393 1012 554 1059 γεραιοῦ
584 1008 730 1057 Bergk.
819 1006 959 1058 χείλεσι
989 1008 1038 1047 A.
1096 1010 1257 1060 γεραιοῦ
1286 1006 1459 1061 ’γχεῖτέ
1487 1010 1598 1061 μοιῬ
1628 1032 1681 1038 —-
1710 1023 1779 1062 γε-

223 1060 330 1117 ραιός
361 1066 555 1114 tragicum
587 1064 758 1103 colorem
788 1077 882 1114 prae
913 1077 952 1103 se
983 1066 1073 1104 fert.

963 1163 1036 1205 131

495 1241 604 1295 φέρε
634 1239 717 1296 τὴν
748 1241 940 1297 σιβύνην
971 1240 1046 1284 καὶ
1076 1241 1377 1297 πλατύλογχα.

339 1337 478 1375 Pollux
514 1338 577 1384 10,
604 1336 683 1373 144
705 1333 853 1383 ’Ἀλεξις
887 1333 931 1373 ἐν
961 1335 1169 1389 Λευκαδία
1199 1337 1280 1375 κτλ.
1320 1337 1497 1387 Toupius
1527 1337 1692 1376 Emend.
1714 1349 1782 1376 1111

226 1394 306 1432 243
346 1388 581 1442 πλατύλογχ’
618 1387 794 1432 ἀκόντια.
853 1393 904 1431 cf.
944 1392 1068 1433 Arist.
1110 1393 1268 1431 Thesm.
1309 1395 1416 1432 1197
1456 1407 1544 1433 cum
1584 1394 1641 1432 eis
1681 1407 1782 1444 quae

226 1450 469 1489 Fritzsohius
499 1449 706 1488 adnotavit
736 1451 776 1487 et
806 1448 930 1490 Arist.
964 1449 1010 1488 fr.
1041 1450 1137 1488 476.
1161 1451 1197 1488 7.

971 1559 1051 1600 132

499 1637 743 1692 χορδαρίου
774 1639 908 1692 τόμος
937 1631 1048 1692 ἧκεν
1079 1638 1153 1679 καὶ
1183 1637 1549 1694 περικομμάτιον.

343 1732 573 1770 Athenaeus
603 1733 641 1781 3,
667 1733 753 1770 95a
775 1729 924 1778 ’Ἀλεξις
955 1728 996 1769 δ’
1020 1729 1063 1769 ἕν
1083 1731 1294 1785 Λευκαδίᾳ
1324 1731 1511 1786 (λυκαδίᾳ
1539 1730 1594 1787 A)
1625 1728 1653 1782 ἢ
1674 1733 1782 1782 Δρα-

229 1787 369 1835 πέταις
401 1790 482 1826 κτλ.
572 1783 881 1839 περικομμάτιον
910 1785 1053 1841 Mein]
1092 1787 1408 1839 περικομματίων
1437 1789 1487 1827 A.
1576 1790 1624 1828 de
1654 1791 1783 1828 metro

229 1846 451 1884 Meinekius
483 1845 637 1884 confert
666 1845 883 1895 Antiphan.
920 1846 1011 1894 174,
1036 1849 1072 1884 2.
1095 1848 1133 1884 5.
1158 1848 1194 1884 6.

920 1967 1097 2000 ΛΕΤΚΗ

972 2046 1051 2087 133

435 2116 670 2166 ἐπίστασαι
698 2122 778 2166 τὸν
809 2126 983 2178 σαῦρον
1013 2121 1073 2173 ὥς
1103 2123 1174 2165 δεῖ
1201 2123 1441 2174 σκευάσαι;

435 2195 483 2234 Β.
507 2190 614 2237 ἀλλ’
637 2190 696 2233 ἂν
727 2190 953 2247 διδάσκῃς.
1004 2194 1056 2232 Α.
1091 2190 1255 2241 ἐξελών
1285 2190 1337 2233 τὰ
1366 2194 1578 2246 βραγχία,

434 2258 628 2314 πλύνας,
661 2258 907 2313 περικόψας
936 2259 1014 2309 τὰς
1044 2256 1249 2308 ἀκάνθας
1278 2257 1354 2309 τὰς
1385 2259 1560 2314 κύκλῳ,

434 2328 716 2381 παράσχισον
744 2330 965 2382 χρηστῶς,
997 2325 1239 2377 διαπτύξας
1267 2325 1317 2369 θ’
1343 2325 1449 2369 ὅλον

383 2405 403 2437 5
434 2397 494 2451 τῷ
525 2397 688 2450 σιλφίῳ
718 2394 931 2449 μάστιξον
961 2389 1013 2437 εὖ
1041 2410 1088 2437 τε
1119 2394 1192 2436 καὶ
1224 2397 1392 2449 καλῶς,

435 2465 557 2518 τυρῷ
587 2478 634 2504 τε
665 2462 801 2513 σάξον
832 2460 938 2505 ἁλσί
964 2460 1003 2504 τ’
1025 2459 1097 2517 ἠδ’
1122 2461 1333 2521 ὀριγάνῳ.

347 2557 574 2596 Athenaeus
607 2558 649 2606 7,
673 2557 753 2594 322
769 2557 820 2595 cd
871 2560 1035 2607 σαῦρος·
1083 2553 1223 2594 τούτου
1265 2553 1506 2606 μνημονεύει
1542 2554 1694 2603 ’Ἀλεξις
1740 2553 1784 2594 ἐν

235 2612 387 2667 Λεύκῃ.
437 2611 667 2664 μάγειρος
698 2607 738 2650 δ’
762 2610 893 2650 ἐστὶν
923 2609 943 2651 ὁ
974 2610 1122 2664 λέγων
1151 2614 1230 2650 κτλ.
1320 2614 1356 2651 2.
1388 2610 1548 2665 διδάξῃς
1578 2613 1781 2651 Herwerd.

235 2673 383 2710 Mnem.
405 2683 496 2709 nov.
518 2669 573 2707 VI
603 2671 667 2708 70.
718 2669 819 2718 quod
852 2682 930 2708 non
959 2670 1223 2708 necessarium
1254 2681 1338 2708 esse
1368 2669 1621 2718 cognoscitur
1649 2682 1697 2707 ex
1726 2669 1783 2708 eis

233 2741 334 2779 quae
372 2726 558 2764 adnotavi
599 2726 649 2764 ad
681 2726 804 2764 Arist.
837 2726 912 2775 Eq.
946 2726 1076 2774 1158,
1114 2725 1182 2763 ubi
1222 2726 1272 2763 cf.
1304 2726 1526 2775 exemplum
1555 2725 1781 2764 Nicomach.
1832 2731 1840 2734 “

238 2787 271 2830 1,
297 2786 332 2824 7.
437 2784 476 2820 3.
508 2782 757 2820 scribendum
788 2782 947 2821 videtur
978 2779 1044 2827 τὰς
1075 2778 1140 2820 «in.
1173 2778 1224 2819 ἐν
1253 2779 1396 2833 κύκλῳ.
1485 2782 1522 2820 5.
1555 2795 1593 2819 τε
1624 2779 1780 2833 Dindf.]

234 2853 275 2889 γε
316 2839 364 2877 Α.
417 2839 467 2877 cf.
501 2838 674 2877 Lobeck.
706 2838 880 2887 Paralip.
915 2838 980 2877 65.
1081 2836 1267 2887 μάστιξον
1303 2838 1351 2877 ab
1389 2837 1554 2876 Alexide
1594 2838 1781 2887 scriptum
