1890 3190
556 186 707 222 τΔΡιΑ
733 204 773 211 -
799 184 1144 221 οιΛοΘΠΒΔιοΣ
1161 174 1170 190 Χ
1543 181 1624 224 105

149 291 375 334 Athenaeus
392 294 429 342 9,
442 293 523 332 396
534 292 582 332 cd
599 287 844 342 Ἀντιφάνης
861 287 1077 344 Φιλεταίρῳ
1092 289 1176 328 κτλ.
1226 284 1362 328 οὐτοσὶ
1378 286 1600 338 Schweigh
1606 286 1621 338 ]

64 343 183 398 οὗτος
213 349 265 390 A.
372 347 643 400 κρωμακίσκος
675 349 723 389 ab
754 348 986 399 Antiphane
1016 347 1211 397 scriptum
1241 358 1328 386 esee
1358 357 1437 385 non
1470 346 1622 394 potest.

62 420 155 448 nam
182 401 343 458 ιιοοὲμαξ
375 409 438 446 est
466 418 650 446 saxorum
680 406 886 457 congeries
918 404 979 445 vel
1015 415 1193 455 yrumus.
1246 402 1448 442 Nauckius
1478 401 1622 441 Philol.

62 463 121 504 vl
150 464 234 504 417
264 461 529 516 κωραλίσκος,
567 462 786 514 porcellum
823 462 931 501 laute
969 460 1202 511 adparatum
1243 459 1495 511 intellegens.
1555 458 1624 508 qui

8 527 28 542 ²*
62 521 263 573 quomodo
285 521 480 570 puerulus
508 519 676 559 dialecto
707 519 840 558 dorica
870 517 946 557 dici
978 517 1159 557 debuerit
1180 529 1260 557 non
1280 516 1489 567 adsequor.
1529 515 1624 554 mihi

62 575 399 631 γρυλακίσκος
429 575 471 628 (a
498 577 642 629 γρῦλος
623 603 656 627 ,
686 574 852 627 γρῦλαξ)
883 574 1137 614 scribendum
1167 573 1340 612 videtur.
1380 573 1431 612 cf.
1454 571 1624 612 Bekker.

25 632 697 682 Anecd.33‚1.Her0dian.I
731 632 828 681 154,
851 631 918 670 22.
950 630 1108 679 11488,
1132 631 1200 670 36.
1250 631 1344 669 sunt
1372 631 1507 668 autem
1538 641 1624 679 per-

19 719 26 722 υ
63 691 192 731 multa
232 692 275 730 in
318 691 373 742 (ΤΕ
418 690 640 730 desinentia
682 689 813 728 minus
858 688 1020 728 usitata.
1080 687 1252 726 Lobeck.
1292 686 1421 725 Paral.
1462 687 1542 725 276
1565 698 1624 735 sq

49 747 222 792 ,PathoL
254 747 358 798 prol.
389 748 470 787 446
493 760 550 798 sq.
610 747 643 786 si
673 748 720 786 ut
749 746 833 785 fieri
863 745 1018 785 solebat
1046 743 1295 784 scribebitur
1324 741 1626 795 γρυλλακίσκος,

26 802 108 845 id
138 805 254 846 facile
283 805 326 845 in
355 804 395 843 id
425 803 533 855 quod
563 803 728 856 praebet
755 802 792 842 A
823 802 994 842 transire
1022 802 1194 853 poterat

8 905 19 962 ἓ
724 948 968 983 ΦΙΛΙΣΚΟΣ

8 1077 15 1110 τ
177 1033 364 1072 Fortasse
402 1034 601 1073 Philiscus
638 1032 706 1071 ille
743 1031 982 1082 Abydenus,
1029 1030 1097 1081 qui
1130 1011 1192 1068 'ab
1231 1028 1500 1068 Ariobarzane
1540 1041 1630 1067 cum

66 1090 232 1187 ῧὲἰῧῖἱ.
250 1091 428 1200 Ρῖἓῗὲἷῗ)
460 1086 1186 1196 ³83„3‘3333mfflssg'3fflssx33533
1201 1086 1383 1194 ςξῖέῗῗ
1393 1087 1449 1181 ..ἶ
1458 1087 1511 1181 ’Θέ
1530 1086 1630 1181 ’02⁷1

9 1205 22 1250 ζ’
68 1206 193 1243 tatem
231 1204 268 1243 ei
299 1204 493 1243 donarent
531 1205 572 1243 et
601 1204 774 1243 statuam
804 1215 967 1241 aeneam
997 1199 1323 1251 pone1ent‚sed
1353 1201 1445 1250 post
1474 1199 1629 1249 nequis-

66 1261 166 1300 sima
210 1261 385 1301 facinora
422 1260 629 1311 Lampsaci
673 1256 910 1299 interfectus
955 1260 1029 1298 est.
1089 1256 1291 1296 Demostb.
1324 1257 1389 1306 23,
1415 1257 1508 1294 141.
1533 1258 1569 1296 2.
1592 1259 1630 1294 3.

10 1334 14 1363 ;
67 1318 164 1358 202.
221 1331 322 1369 quae
359 1317 587 1357 coniectura
615 1317 649 1356 si
678 1329 773 1356 vera
801 1318 881 1366 est,
921 1315 1090 1365 adparet
1119 1314 1342 1353 fabulam
1326 1311 1513 1364 scliptam
1545 1326 1630 1352 csse

8 1375 14 1395 ⁴
67 1374 223 1416 circiter
253 1373 316 1415 01.
343 1376 436 1414 103.
487 1377 662 1415 ceterum
694 1373 771 1413 fuit
800 1372 922 1412 ctiam
953 1371 1133 1412 Alexidis
1164 1372 1369 1412 Philiscus,

804 1483 889 1526 216

340 1563 502 1615 σκεῦός
531 1564 614 1621 (τι)
645 1561 920 1618 ὁλοσίδηρον

182 1643 237 1694 ὥς
267 1645 312 1686 ἐν
339 1643 606 1698 Ἀντιφάνους
636 1644 824 1700 Φιλίσκῳ.
873 1646 1017 1685 Pollux
1054 1646 1117 1695 10,
1142 1645 1235 1684 176.

674 1780 1021 1815 ΦΙΛΟΘΗΒΑῙΟΣ

10 1919 11 1922 ¹
187 1863 315 1903 Sicuti
345 1865 462 1902 antea
491 1863 609 1902 multi
640 1863 798 1902 fuerant
827 1862 998 1901 Athenis
1028 1861 1098 1911 qui
1129 1860 1421 1911 Spartiatarum
1452 1860 1634 1899 habitum

10 1972 14 1981 ‚
71 1933 284 1971 moresque
313 1921 580 1969 imitarentur,
612 1921 668 1959 sic
699 1922 786 1959 tum
815 1919 932 1958 multi
954 1918 1003 1957 ad
1025 1918 1307 1957 Thebanorum
1327 1916 1634 1956 consuetudines

10 1987 16 2048 ’γ
70 1990 112 2018 ee
142 1977 446 2028 componebant.
486 1989 554 2017 eos
584 1977 751 2017 inrideri
781 1976 979 2016 sententia
1008 1977 1071 2015 est
1101 1973 1291 2014 Meinekii
1312 1974 1331 2012 I
1352 1974 1434 2013 486
1455 1973 1547 2013 adn.
1567 1974 1633 2012 14.

805 2087 887 2129 217

276 2165 412 2210 πάντ’
434 2168 557 2210 ἔστιν
585 2164 716 2223 ἡμῖν·
757 2164 786 2222 ἥ
815 2181 862 2208 τε
892 2163 978 2220 γὰρ
1010 2164 1279 2220 συνώνυμος

277 2238 355 2291 τῆς
384 2235 519 2278 ἔνδον
548 2233 689 2291 οὔσης
717 2235 902 2290 ἔγχελυς
930 2235 1126 2276 Βοιωτία

279 2308 499 2359 τμηθεῖσα
530 2305 699 2354 κοίλοις
730 2303 781 2346 ἐν
811 2304 1000 2357 βυθοῖσι
1030 2300 1259 2356 κακκάβης

277 2369 507 2427 χλιαίνετ’,
539 2369 707 2426 αἴρεθ’,
739 2370 915 2425 ἕψεται,
949 2369 1247 2425 παφλάζεται,

225 2449 246 2480 5
277 2438 551 2494 προσκάεθ’·
582 2439 699 2482 ὥστε
728 2437 835 2494 μηδ’
859 2434 918 2481 ἄν
949 2438 990 2481 εἰ
1018 2439 1212 2493 χαλκοῦς
1242 2439 1357 2493 ἔχων

278 2509 509 2563 μυκτῆρας
540 2507 736 2551 εἰσέλθοι
766 2522 856 2561 τις,
890 2506 1095 2558 ἐξελθεῖν
1124 2507 1264 2548 πάλιν

280 2577 398 2631 εἰκῆ·
429 2575 655 2630 τοσαύτην
686 2574 952 2626 ἐξακοντίζει
983 2574 1141 2630 πνοήν.

282 2646 333 2686 Β.
366 2643 508 2698 λέγεις
537 2645 756 2699 μάγειρον
785 2644 949 2696 ζῶντας
1010 2647 1065 2685 Α.
1098 2643 1291 2698 πλησίον
1322 2642 1373 2684 δέ
1400 2656 1451 2695 γε

284 2710 446 2766 ταύτης
476 2709 629 2762 ἄσιτος
657 2709 829 2767 ἡμέραν
859 2709 935 2754 καὶ
965 2708 1100 2765 νύχθ’
1124 2709 1235 2765 ὅλην

219 2789 262 2821 10
293 2777 528 2834 κεστρεύς,
559 2779 794 2829 λοπισθείς
831 2813 841 2823 .
888 2812 898 2821 .
945 2813 954 2822 .
993 2780 1206 2832 πασθείς,
1238 2778 1477 2832 στραφείς,

289 2848 534 2903 χρωσθείς,
567 2843 681 2904 ὁμοῦ
710 2862 751 2890 τι
781 2844 894 2903 πρὸς
923 2847 1048 2896 τέλος
1077 2844 1250 2902 δρόμου
1281 2847 1450 2901 περῶν,
