1864 3204
272 226 352 268 196
902 225 1180 260 ETBOTAOT

313 351 319 357 ·
382 330 609 368 Athenaeus
642 332 706 377 10,
729 331 841 368 422e
872 328 1004 380 εἴρηκε
1036 327 1077 367 δὲ
1107 327 1231 375 οὕτως
1262 325 1562 383 (δεδείπναμεν)
1581 359 1589 368 .
1609 359 1618 368 .
1637 359 1646 368 .
1665 325 1822 380 Εὔβου-

269 389 332 432 λος
363 384 559 437 Πρόκριδι
602 385 812 437 (προκρίδη
842 383 897 437 A)
934 382 1047 436 ἡμεῖς
1085 381 1122 422 δ’
1147 399 1197 413 ’--
1220 384 1495 436 δεδείπναμεν,
1525 382 1592 422 καὶ
1623 383 1745 423 πάλιν
1770 381 1823 424 δν

273 466 320 470 —
345 440 479 481 πάλαι.
568 441 659 494 χρὴ]
694 444 812 481 ‘fort.
844 445 966 493 χρῆν’
999 442 1117 481 Mein.
1150 465 1203 469 —
1234 443 1283 481 cf.
1314 442 1522 492 Hermipp.
1555 443 1623 480 60.

760 546 1046 609 ΠΡοΣόΤΣῙΑ
1069 577 1100 608 H
1127 575 1330 609 ΚΤΚΝΟΣ

1016 653 1069 695 93

539 731 725 786 ἀγαπῶν
754 747 802 773 τε
832 732 920 773 κᾶν
949 729 1115 786 ἑψητὸν
1145 731 1197 773 ἐν
1224 731 1426 780 τεύτλοις
1455 730 1535 773 ἕνα

541 800 615 842 διὰ
647 796 900 854 δωδεκάτης
930 798 1154 854 ἑψόμενον
1183 796 1348 853 ἡμέρας
1379 798 1466 854 ἴδῃ.

383 894 610 932 Athenaeus
634 894 760 941 7,301
775 906 797 930 a
827 889 973 942 ἑψητὸς
1004 889 1069 930 ἐπὶ
1101 896 1180 930 τῶν
1208 894 1361 930 λεπτῶν
1381 890 1598 942 ἰχθυδίων.
1617 922 1625 930 .
1645 887 1823 942 .Ειί’βου-

269 953 334 997 λος
366 949 409 989 ἐν
440 948 667 1002 Προσουσίᾳ
698 945 726 999 ἢ
756 947 903 1001 Κύκνῳ
932 950 1013 988 κτλ.
1103 950 1141 986 2,
1174 947 1240 986 δια
1271 946 1373 1001 (sine
1403 944 1504 1001 aec.)
1535 949 1584 986 A.

778 1082 987 1115 ΣΕΜΕΛΗ
1010 1083 1047 1118 Η
1071 1081 1324 1116 ΔΙΟΝΤΣΟΣ

1025 1160 1080 1202 94

466 1246 586 1293 τρεῖς
614 1237 700 1292 γὰρ
729 1237 898 1293 μόνους
927 1239 1150 1292 κρατῆρας
1182 1237 1468 1291 ἐγκεραννύω

468 1314 561 1355 τοῖς
592 1298 642 1347 εὖ
674 1309 922 1360 φρονοῦσι’
955 1303 1034 1347 τὸν
1064 1305 1148 1360 μὲν
1175 1301 1346 1359 ὑγιείας
1375 1304 1477 1357 ἕνα,

470 1373 524 1415 ὂν
555 1375 736 1429 πρῶτον
769 1374 1028 1427 ἐκπίνουσι,
1060 1371 1142 1414 τὸν
1172 1372 1222 1415 δὲ
1253 1372 1469 1426 δεύτερον

468 1443 631 1496 ἔρωτος
659 1438 825 1496 ἡδονῆς
855 1456 917 1495 τε,
947 1439 1028 1482 τὸν
1057 1441 1209 1495 τρίτον
1240 1437 1282 1481 δ’
1304 1438 1469 1492 ὕπνου,

420 1519 440 1549 5
471 1507 526 1550 ὃν
557 1507 788 1558 ἐκπιόντες
817 1508 864 1550 οἱ
890 1507 1025 1562 σοφοὶ
1054 1508 1318 1563 κεκλημένοι

469 1578 621 1618 οἶκαδε
651 1574 897 1630 βαδίζουσ’.
948 1573 972 1617 ὁ
1002 1575 1052 1618 δὲ
1082 1575 1288 1628 τέταρτος
1317 1573 1402 1617 οὐκ
1433 1576 1498 1616 ε”τι

466 1641 675 1698 ἡμέτερός
706 1641 817 1698 ἐστ’,
849 1638 948 1684 ἀλλ’
971 1642 1152 1697 ὕβρεος·
1185 1639 1208 1683 ὁ
1237 1641 1288 1684 δὲ
1317 1642 1513 1698 πέμπτος
1541 1643 1670 1696 βοῆς·

467 1711 592 1761 ἕκτος
622 1711 671 1754 δὲ
702 1710 886 1766 κώμων·
918 1710 1108 1765 ἕβδομος
1138 1708 1180 1751 δ’
1203 1707 1439 1751 ὑπωπίων·

470 1777 493 1820 ὁ
524 1776 567 1820 δ’
591 1777 749 1833 ὄγδοος
778 1781 1016 1833 κλητῆρος·
1049 1776 1073 1820 ὁ
1104 1777 1147 1819 δ’
1171 1778 1328 1826 ἔνατος
1357 1778 1509 1831 χολῆς·

394 1858 437 1888 10
467 1847 651 1897 δέκατος
682 1847 731 1888 δὲ
760 1848 946 1901 μανίας,
979 1844 1091 1888 ὥστε
1123 1847 1196 1887 καὶ
1225 1845 1411 1900 βάλλειν
1441 1850 1578 1886 ποιεῖ’·

468 1915 611 1964 πολὺς
640 1911 726 1969 γὰρ
759 1910 820 1964 εἰς
850 1915 899 1956 ἓν
929 1911 1094 1969 μικρὸν
1124 1911 1307 1967 ἀγγεῖον
1335 1912 1491 1966 χυθεὶς

469 1980 750 2033 ὑποσκελίζει
781 1981 922 2037 ῥᾷστα
952 1979 1058 2031 τούς
1088 1979 1362 2029 πεπωκότας.

384 2078 609 2116 Athenaeus
642 2078 684 2123 2,
708 2076 798 2115 36b
838 2072 1046 2128 Εὔβουλος
1085 2071 1128 2112 δὲ
1167 2076 1303 2112 ποιεῖ
1337 2066 1418 2110 τὸν
1458 2067 1713 2110 Διόνυσον
1746 2067 1824 2109 λέ-

270 2147 419 2184 γοντα
457 2135 537 2172 κτλ.
595 2133 737 2172 Suidas
769 2125 887 2177 οἶνος.
938 2130 1109 2170 Cramer.
1140 2130 1290 2170 Anecd.
1323 2129 1394 2168 Ox.
1427 2128 1511 2166 IIII
1541 2129 1644 2176 254,
1668 2130 1691 2167 6
1721 2123 1824 2180 (sine

271 2191 443 2229 auctoris
474 2190 682 2229 fabulaeve
711 2185 877 2240 indicio)
908 2201 950 2225 το
979 2183 1052 2237 μὲν
1080 2191 1239 2238 πρῶτον
1267 2182 1422 2237 ὑγείας·
1455 2183 1498 2223 τὸ
1519 2182 1706 2235 δεύτερον
1726 2180 1815 2232 ἡδο-

271 2251 365 2295 νῆς·
406 2244 448 2283 τὸ
488 2245 617 2297 τρίτον
653 2242 827 2296 ὕβρεως·
866 2241 909 2282 τὸ
945 2241 989 2281 δὲ
1027 2244 1251 2282 τελευταῖον
1279 2241 1440 2291 μανίας.
1489 2241 1540 2280 ad
1569 2240 1741 2280 Semelen
1769 2240 1826 2279 vel

270 2305 491 2352 Dionysum
510 2303 668 2341 rettulit
688 2301 851 2340 Grotius
871 2301 1060 2349 Exeerpt.
1085 2300 1179 2339 649.
1279 2302 1314 2337 1.
1345 2294 1441 2350 γὰρ]
1472 2295 1620 2348 γίνεται
1653 2296 1696 2335 C.
1783 2297 1824 2334 2.

270 2356 421 2411 ὑγιείας
443 2357 599 2410 Dindf.]
632 2355 779 2410 ὑγείας.
869 2354 957 2408 ἕνα]
989 2353 1105 2394 ἕνεκα
1137 2355 1244 2394 Suid.
1324 2357 1362 2393 5.
1394 2349 1594 2399 ἐκπιόντες
1617 2351 1667 2404 C]
1698 2350 1824 2390 stant-

272 2429 419 2462 νοντες.
453 2411 679 2461 ἐκπίνοντες
711 2414 822 2452 Suid.
927 2415 964 2452 6.
999 2409 1054 2450 ἔτι
1085 2408 1215 2463 Suid.]
1247 2406 1329 2449 ἔθ’.
1426 2411 1464 2449 7.
1495 2403 1696 2460 ἡμέτερος]
1727 2404 1821 2459 ὑμέ-

272 2485 378 2523 τερος
408 2471 446 2510 Α
476 2471 631 2509 Suidae.
721 2465 824 2521 ἐστ’]
857 2465 964 2508 ἐστιν
994 2469 1106 2508 Suid.
1194 2465 1335 2518 ὕβρεος
1365 2463 1526 2518 Dindf.]
1556 2463 1722 2516 ὕβρεως.
1773 2464 1822 2504 cf.

271 2530 514 2578 Theopomp.
547 2528 611 2576 32,
635 2529 672 2565 3.
780 2528 816 2565 9.
857 2522 877 2563 ὁ
909 2521 949 2563 δ’
981 2522 1067 2576 ὅγδ.
1100 2520 1288 2575 casaub]
1319 2519 1407 2574 ὅγδ.
1514 2523 1704 2572 κλητῆρος
1732 2520 1824 2559 Flo·

271 2597 361 2623 rens
392 2583 638 2623 Christianus
669 2584 792 2622 Arist.
823 2582 944 2630 Vesp.
966 2578 1092 2633 1384]
1122 2577 1324 2630 κλῆτορος.
1414 2579 1480 2617 10.
1513 2575 1614 2616 ὥστε
1642 2574 1709 2614 καὶ
1729 2574 1823 2628 βάλ-

271 2639 370 2692 λειν]
404 2635 499 2678 ὥστ’
523 2637 726 2690 ἐκβάλλειν
757 2638 866 2677 Suid.
917 2635 1016 2675 ὥστε
1054 2635 1120 2675 καὶ
1159 2633 1347 2686 σφάλλειν
1375 2632 1503 2680 πόδας
1532 2634 1685 2673 Iacobs.
1716 2631 1821 2671 Add.

271 2697 367 2735 Ath.
400 2697 468 2734 35.
520 2692 616 2733 ὥστε
646 2689 882 2745 κᾶκβοῖλλειν
913 2694 1032 2733 Mein.
1062 2692 1180 2731 Anal.
1211 2692 1305 2731 Ath.
1341 2692 1403 2729 18.
1515 2691 1579 2731 11.
1611 2685 1754 2741 μικρὸν
1782 2690 1824 2727 et

275 2755 338 2791 12.
371 2751 496 2804 ῥᾷστα
527 2764 602 2790 om.
635 2751 745 2790 Sum,

387 2811 423 2847 1.
462 2809 628 2847 fortasse
667 2807 917 2846 scribendum
954 2802 1284 2857 ἐγκεράννωμεν.
1331 2803 1381 2843 cf.
1413 2816 1452 2841 V.
1483 2804 1519 2841 7.
1591 2802 1658 2841 .3.
1695 2813 1745 2839 an
1774 2796 1823 2838 ὃν

272 2863 492 2915 ἄκρατον
523 2861 760 2901 ἐκπίνουσιῖ)
798 2875 889 2900 nam
921 2863 1088 2901 conlatis
1118 2861 1359 2900 testimoniis
1388 2860 1438 2898 ab
1466 2858 1668 2897 Athenaeo
1698 2857 1780 2895 486
1793 2856 1820 2894 f.
