1806 3216
184 224 266 267 508
812 219 1112 253 ΦΙΑΗΜΟΝΟΣ

930 318 984 360 95

403 389 490 431 κᾶν
522 389 682 437 δοῦλος
711 383 742 443 ᾖ
771 403 859 440 τις,
891 385 1037 441 σάρκα
1066 383 1149 440 τῆν
1179 383 1323 439 αὐτην
1353 386 1463 439 ἔχει·

406 456 542 511 φύσει
573 455 660 510 γάρ
692 453 839 504 οὐδεὶς
870 455 1034 503 δοῦλος
1065 451 1261 508 ἐγενήθη
1293 451 1402 494 ποτέ

406 521 513 579 [ἀπὸ
545 525 625 565 τοῦ
655 522 794 565 πάλαι
826 522 1079 570 πλάσαντος
1109 518 1371 575 ἀνθρώπων
1399 520 1539 574 γένος.

404 595 506 645 ἴσην
537 591 585 632 δὲ
617 591 802 632 πάντων
833 588 1040 632 διάθεσιν
1069 591 1150 636 τοῦ
1181 587 1384 642 σώματος

351 668 371 699 5
403 658 611 713 ἐποίησεν
641 651 771 708 οὗτος
801 654 860 707 ὥς
892 655 1140 711 ἐλευθέρου
1169 656 1342 710 γένους.

406 725 676 779 ἐλευθέρους
707 724 887 780 ἐποίησε
918 723 1088 774 πάντας
1117 726 1171 779 τῇ
1202 723 1359 779 φύσει,

403 795 571 836 δοῦλον
602 793 651 834 δὲ
682 795 973 848 μετεποίησεν
1001 789 1028 846 ἡ
1059 790 1331 847 πλεονεξία]

401 859 427 917 ἡ
460 859 500 903 δ’
526 853 584 903 αὖ
613 859 723 915 τύχη
754 859 803 902 τὸ
835 862 963 914 σῶμα
993 858 1377 902 κατεδουλώσατο.

296 958 333 986 v.
370 946 404 982 1.
436 945 473 984 2.
505 945 528 981 8
561 942 740 994 Compar.
774 943 879 981 Men.
910 942 1014 983 Phil.
1047 944 1140 981 361.
1202 955 1239 984 v,
1271 943 1379 980 3—7
1410 943 1660 982 accesserunt
1689 954 1737 980 ex

180 1003 263 1041 cod.
281 1001 417 1042 Paris..
426 1002 532 1039 1773
567 999 717 1050 (Revue
749 1000 796 1038 de
826 999 1044 1050 philologia
1074 998 1114 1037 ΙΙ
1138 994 1250 1052 238).
1298 998 1350 1037 cf.
1380 999 1432 1037 H.
1455 998 1586 1038 Iacobi
1617 998 1735 1037 Mein.

182 1060 246 1098 ed.
275 1058 370 1095 min.
404 1070 485 1096 xnt.

296 1116 331 1152 1.
363 1107 389 1165 ’,ἡ
419 1127 475 1159 τις
507 1109 648 1165 Mein]
680 1109 789 1151 ἔστω.
821 1113 930 1150 ‘Eun
963 1111 1030 1151 Or.
1065 1112 1172 1150 1523
1204 1107 1283 1150 κᾶν
1313 1110 1454 1157 δοῦλος
1484 1105 1510 1166 ᾗ
1540 1124 1613 1161 τις,
1643 1107 1734 1162 ἥδε-

182 1185 245 1209 ται
275 1167 317 1208 τὸ
350 1169 437 1219 φῶς
467 1165 603 1220 ὁρῶν.’
670 1171 709 1208 3.
741 1165 975 1217 ἀνθρώπων
1005 1169 1057 1207 Η.
1077 1166 1224 1220 Iacobi]
1258 1151 1520 1219 ἀνθρώπινον
1549 1168 1635 1206 cod.
1695 1168 1735 1210 4.

181 1226 369 1266 διάθεσιν
398 1224 495 1278 Iac]
531 1221 729 1265 διάθεσεν.
818 1227 858 1264 5.
891 1219 1300 1273 οὖτος-ἐλευθέρου
1322 1222 1462 1274 γένους
1474 1223 1580 1293 Iac.]
1611 1221 1737 1270 ὅντως

183 1306 233 1312 -
258 1282 469 1334 ἐλεύθερον
507 1280 618 1333 γένος
655 1282 741 1321 eod.
839 1284 876 1321 6.
918 1278 1075 1331 ἐποίησε
1114 1280 1267 1327 πάντας
1303 1279 1402 1334 Iac.]
1442 1294 1517 1320 ουν
1553 1277 1736 1327 ἅπαντας

182 1338 338 1390 ἐποίησε
370 1340 455 1379 cod.
496 1361 552 1368 —-
587 1352 725 1378 versus
767 1351 904 1378 reeens
941 1339 1097 1377 additos
1127 1342 1173 1377 ut
1203 1340 1405 1388 suspectos
1436 1338 1546 1376 uncis
1575 1337 1738 1377 inclusit

182 1399 232 1437 H.
263 1397 407 1436 Iacobi.
458 1397 506 1435 de
537 1396 682 1435 aoristo
714 1391 886 1447 ἐγενήθη
915 1409 954 1436 v.
980 1397 1004 1433 2
1035 1395 1087 1434 cf.
1119 1395 1292 1434 Lobeck.
1325 1394 1475 1445 Phryn.
1501 1395 1594 1435 109.

932 1505 987 1546 96

416 1573 470 1628 νὴ
502 1571 581 1615 τὸν
613 1575 701 1616 Δία
731 1571 811 1615 τὸν
841 1574 1051 1628 μέγιστον
1079 1570 1216 1628 ᾤμην,
1251 1574 1431 1627 Σωσία,

415 1639 502 1696 ἐγώ
536 1641 758 1697 πρότερον
788 1641 871 1695 μὲν
901 1641 1007 1691 τοὺς
1035 1642 1227 1695 πένητας
1257 1643 1335 1696 ζῆν
1365 1641 1534 1695 μόνους

413 1707 749 1765 ὀδυνωμένους,
782 1711 875 1751 τῶν
904 1711 1137 1751 πλουσίων
1167 1709 1215 1750 δὲ
1246 1706 1326 1751 τὸν
1356 1710 1459 1763 βίον

418 1777 574 1832 ἱλαρόν
604 1775 691 1819 τιν’
717 1773 832 1818 εἶναι
862 1777 936 1819 καὶ
967 1778 1124 1831 φέρειν
1157 1774 1400 1830 εὐθυμίαν·

364 1855 383 1886 5
415 1845 521 1887 νυνὶ
552 1839 599 1888 δὲ
631 1845 903 1900 διαφέροντα
933 1852 1025 1904 τοῖς
1054 1842 1159 1886 καθ’
1183 1841 1353 1899 ἡμέραν

414 1911 731 1967 δαπανήμασιν
762 1910 815 1967 δὴ
847 1911 928 1955 τόν
957 1914 1059 1966 βίον
1090 1910 1182 1966 ὁρῶ
1212 1912 1370 1967 μόνον,

413 1980 557 2030 λύπας
587 1979 628 2022 δ’
651 1982 832 2035 ἔχοντας
861 1981 1064 2034 μείζονας
1093 1977 1198 2030 τούς
1227 1982 1441 2035 μείζονας.

296 2062 491 2103 Stobaeus
511 2064 649 2102 Floril.
671 2064 801 2112 97,18
822 2058 1044 2113 Φιλήμονος
1065 2062 1114 2101 Α.
1190 2063 1228 2103 2.
1258 2058 1332 2113 μὲν
1352 2059 1442 2108 τοὺς
1465 2061 1604 2112 Mein.]
1630 2058 1736 2107 τοὺς.

182 2118 272 2167 τοὺς
301 2117 374 2170 μὲν
403 2120 451 2158 A.
510 2117 658 2170 μόνους
687 2118 738 2171 B]
770 2117 906 2170 μόνον.
978 2120 1016 2158 5.
1047 2117 1139 2157 νυνὶ
1167 2117 1319 2188 Bent1.]
1352 2123 1442 2158 νῦν.
1517 2119 1555 2157 6.
1587 2115 1637 2168 δὴ
1668 2115 1739 2157 τὸν

182 2177 271 2229 βίον
301 2173 403 2227 ὁρῶ]
435 2173 484 2226 νὴ
515 2173 584 2214 τὸν
615 2174 716 2225 Δι’,α
749 2175 868 2226 διορῶ
897 2176 1030 2215 Bentl.
1064 2172 1112 2226 νὴ
1143 2173 1212 2214 τὸν
1239 2171 1300 2213 Δί’
1320 2173 1456 2223 εἰσοοῑό
1478 2175 1598 2213 Mein.
1631 2169 1734 2225 δῆτ’

182 2230 335 2271 αὐτὸν
367 2232 539 2283 εἰσορῶ
569 2233 618 2274 Κ.
657 2204 737 2271 no'n
767 2233 881 2271 credo
901 2233 995 2271 bis
985 2245 1026 2270 m
1047 2234 1127 2271 tam
1149 2232 1261 2271 brevi
1282 2232 1418 2281 ecloga
1446 2232 1622 2281 positum
1652 2244 1736 2271 esse

182 2287 232 2341 νὴ
264 2287 334 2328 τὸν
354 2288 446 2328 Δία.
508 2292 545 2328 7.
577 2286 669 2336 τοὺς
698 2287 897 2340 μείζονας]
930 2286 1022 2335 τοὺς
1051 2287 1288 2336 πλείονας
1319 2287 1414 2339 (τῶν
1443 2286 1658 2338 πλουσίων)
1687 2288 1737 2328 Κ.

389 2453 468 2499 τὸν
497 2454 555 2510 μὴ
587 2457 773 2509 λέγοντα
803 2457 893 2498 τῶν
923 2454 1121 2498 δεόντων
1150 2455 1260 2511 μηδὲ
1291 2455 1340 2498 ἓν

386 2520 562 2578 μακρὸν
592 2524 761 2577 νόμιζε,
793 2522 880 2565 κάν
911 2521 984 2565 δύ’
1010 2526 1110 2578 εἴπῃ
1143 2521 1393 2577 συλλαβάς,

384 2589 464 2633 τὸν
495 2588 536 2632 δ’
561 2584 612 2632 εὖ
644 2591 831 2645 λέγοντα
860 2589 919 2646 μὴ
950 2589 1090 2646 νόμιζ’
1115 2587 1231 2633 εἶναι
1261 2590 1451 2646 μακρόν,

386 2656 490 2714 μηδ’
513 2656 572 2700 ἂν
603 2657 766 2713 σφόδρ’
791 2662 892 2714 εἴπῃ
923 2656 1067 2701 πολλοὶ
1097 2659 1171 2700 καὶ
1201 2655 1347 2700 πολὺν
1376 2657 1555 2712 χρόνον.

335 2736 355 2767 5
387 2725 628 2781 τεκμήριον
658 2726 707 2769 δὲ
736 2726 870 2768 τοῦδε
899 2723 979 2767 τὸν
997 2723 1195 2781 Ὅμηρον
1226 2725 1354 2780 λαβέ·

386 2787 518 2844 οὗτος
546 2794 634 2849 γὰρ
664 2792 772 2848 ἡμῖν
801 2792 1021 2848 μυριάδας
1052 2791 1174 2835 ἐπῶν
1202 2793 1388 2847 γράφει,

386 2859 487 2903 ἀλλ’
509 2859 617 2903 οὐδὲ
649 2855 710 2912 εἷς
727 2858 925 2917 Ὅμηρον
957 2863 1136 2916 εἴρηκεν
1165 2859 1353 2917 μακρόν.
