1890 3190
517 202 781 238 ΔιῐιΛΑειοι
812 203 869 226 -·
889 200 1190 236 ΔΤΣΠΡΑΤΟΣ
1574 198 1628 240 47

309 302 495 354 ἅπασιν,
524 302 700 355 ἵπποις,
732 303 917 360 σιλφίῳ,
947 301 1214 355 συνωρίσιν,

310 373 488 428 καυλῷ,
519 370 696 427 κέλησι,
727 376 933 426 μαστοῖς,
965 375 1197 425 πυρετοῖς,
1229 365 1366 418 ὄποτς.

182 466 412 509 Athenaeus
442 465 608 516 3,100f
634 468 705 503 τοῦ
734 461 779 502 δὲ
807 459 909 503 ὀποῦ
937 460 1129 514 μέμνηται
1153 453 1395 514 Ἀντιφάνης
1425 458 1470 501 ἐν
1502 459 1629 501 Δυσέ-

126 533 169 563 σι
195 521 286 574 περὶ
316 519 505 574 Κυρήνης
536 518 606 561 τὸν
635 519 753 573 λόγον
782 518 1018 570 ποιούμενος
1050 521 1130 558 κτλ.
1252 522 1285 558 1.
1309 520 1347 560 2.
1385 515 1425 558 δ’
1449 515 1497 558 οὖ
1526 517 1631 558 πλέω

38 536 170 622 ’ὕειν
206 576 275 633 Κ.]
316 578 592 618 διουπλεωθεν
621 578 672 617 A.
724 574 896 616 διαπλέω
928 573 1032 616 ὅθεν
1061 575 1286 627 Schweigh.
1389 578 1428 616 3.
1459 571 1630 629 απασιν]

65 630 234 678 &laam
262 636 431 677 Meiuek.
454 635 571 676 Anal.
594 634 687 674 Ath.
720 635 787 674 45.
905 635 946 673 4.
977 630 1189 684 μασπέτοις
1223 633 1448 683 Dalecamp.
1478 631 1631 684 μαζίοις

67 694 192 735 Hein-
297 689 503 746 πυρετοῖς]
534 690 692 744 δίφροις
723 691 900 741 Lennep.
918 690 1073 730 Phalar.
1091 691 1184 730 321.
1215 692 1258 729 at
1278 703 1314 728 v.
1335 692 1359 729 3
1391 691 1470 728 iam
1501 700 1630 729 συνω-

66 749 183 818 ρίδας
201 752 592 791 commemoraverat.
622 751 763 801 πυροῖς
793 748 913 787 Mein.
945 747 1007 787 ed.
1039 747 1138 786 min.
1226 742 1340 793 ὀποῖς
1370 743 1473 800 VL]
1506 743 1632 785 ὀπίσω

67 807 119 850 A.
163 803 252 860 ὀπῷ
281 806 470 857 Toeppel.
496 806 559 845 13.

182 865 290 904 inter
328 863 426 903 duas
462 874 650 913 personas
688 862 828 901 divisit
858 861 1080 900 Meinekius
1119 860 1162 899 in
1190 860 1287 902 Ath.
1318 861 1381 901 ed.
1415 861 1458 900 B.
1490 859 1633 914 σιλφίῳ

69 922 122 961 A.
153 918 370 972 συνωρίσιν
395 918 400 971 Ι
429 920 473 959 Β.
504 921 639 973 καυλῷ
671 920 722 958 A.
753 915 889 969 κέλησι
920 918 963 955 Β.
994 932 1038 968 μ.
1069 918 1120 955 A.
1151 930 1194 956 π.
1227 917 1269 956 Β.
1303 911 1365 957 ὄπ.
1441 920 1483 957 at
1514 931 1633 968 quam

71 978 136 1018 hic
164 978 358 1018 habemus
387 977 626 1027 orationem,
667 989 714 1015 ea
742 976 870 1015 multo
901 974 1071 1014 similior
1100 977 1163 1013 est
1191 974 1318 1014 Arist.
1350 974 1450 1014 Ran.
1476 975 1555 1013 112
1573 987 1631 1025 sq.

71 1048 190 1086 quam
219 1035 329 1074 Plut.
354 1035 435 1074 190
450 1047 511 1085 sq.
543 1055 600 1062 —
628 1035 752 1084 negat
780 1033 848 1083 qui
879 1032 974 1071 haec
1003 1031 1184 1083 loquitur
1214 1043 1255 1071 se
1286 1031 1490 1082 Cyrenen,
1530 1032 1636 1071 unde

75 1092 266 1143 abreptus
311 1092 381 1141 sit,
434 1090 658 1130 rediturum
698 1102 804 1138 esse,
856 1088 972 1128 facile
1010 1089 1160 1128 relictis
1200 1089 1384 1127 omnibus
1427 1102 1528 1139 quae
1567 1089 1637 1127 illa

70 1148 169 1188 urbs
206 1144 376 1214 pulchra
413 1149 454 1187 et
489 1147 693 1198 praeclara
729 1145 886 1185 habeat.
944 1145 1076 1185 Strab.
1110 1145 1175 1194 17,
1199 1146 1280 1185 837
1322 1140 1636 1198 ἱπποτρόφος

73 1202 180 1245 ἐστὶν
216 1198 369 1257 ἀρίστη.
430 1204 478 1244 de
518 1205 714 1253 laserpitio
751 1203 803 1242 cf.
836 1215 935 1254 quae
973 1203 1022 1241 ad
1052 1202 1179 1241 Arist.
1211 1202 1288 1253 Eq.
1319 1203 1414 1242 894.
1439 1203 1464 1241 5
1503 1203 1636 1243 attuli.

72 1262 217 1314 quibus
245 1262 349 1301 addo
381 1261 513 1300 Strab.
539 1262 604 1309 17,
627 1260 723 1300 838.
774 1259 879 1299 ΡΙίιι.
911 1259 962 1298 Ν.
983 1259 1023 1298 h.
1046 1259 1085 1308 5,
1103 1259 1172 1298 33.
1222 1272 1348 1310 usque
1378 1260 1427 1298 ad
1459 1260 1636 1298 taedium

72 1331 118 1358 eo
147 1319 312 1369 gloriari
343 1317 568 1370 Cyrenaeos
607 1317 758 1356 indicat
786 1318 906 1382 ppeta
935 1316 1112 1356 eiusdem
1142 1316 1201 1355 rei
1230 1316 1460 1356 nominibus
1490 1317 1637 1356 identi-

74 1376 165 1415 dem
195 1375 381 1426 repetitis
411 1372 591 1428 (σιλφίῳ,
622 1375 771 1428 καυλῷ,
802 1369 920 1427 ὀπῷ).
1009 1374 1050 1412 4.
1082 1373 1280 1423 Theophr.
1314 1373 1422 1412 Hist.
1444 1374 1574 1423 plant.
1599 1375 1636 1423 6,

77 1433 116 1480 3,
142 1434 163 1471 1
198 1430 240 1471 τὸ
269 1428 314 1471 δὲ
344 1427 495 1482 φύλλον
524 1431 612 1482 (τοῦ
643 1429 824 1481 σιλφίου)
857 1429 1023 1469 καλοῦσι
1051 1427 1312 1480 μάσπετον.
1357 1427 1481 1484 (Plin.
1513 1431 1565 1469 Ν.
1597 1431 1636 1469 h.

83 1490 149 1537 19,
171 1491 224 1528 42
254 1490 373 1530 huius
400 1489 514 1537 folia
541 1491 774 1537 ‘maspetum
801 1486 1028 1538 vocabant.)
1077 1487 1182 1538 quod
1202 1500 1292 1526 cum
1312 1488 1547 1527 nominatim
1569 1488 1637 1526 ad-

76 1546 171 1587 dere
202 1545 500 1596 Theophrastus
529 1545 794 1585 necessarium
821 1544 988 1594 duxerit,
1018 1557 1101 1583 non
1130 1543 1247 1583 credo
1277 1546 1436 1595 poetam
1467 1557 1513 1583 ea
1544 1557 1638 1584 voce

75 1615 190 1643 usum
221 1615 308 1643 esse
337 1615 437 1653 quae
466 1602 780 1642 Atheniensibus
810 1603 917 1641 esset
945 1602 1098 1652 ignota.
1156 1613 1200 1640 ec
1230 1601 1358 1640 multo
1388 1602 1517 1652 magis
1546 1602 1639 1640 ridi-

75 1659 209 1699 culum
247 1660 408 1699 videtur
436 1661 754 1710 μαστροποῖς.
792 1671 922 1708 neque
949 1671 1044 1698 vero
1073 1660 1259 1710 πυρετοῖς
1280 1659 1485 1709 scripsisse
1504 1660 1641 1710 potest

0 1719 1 1722 ’
74 1716 338 1767 Antiphanes,
371 1729 460 1756 οιιιιι
492 1716 752 1756 saluberrima
781 1715 904 1755 fuerit
934 1714 1163 1766 Cyrenaica.
1216 1715 1412 1766 Theophr.
1446 1715 1563 1757 Ceus.
1583 1715 1637 1766 pl.

75 1769 279 1824 6,18,3ἡ
299 1769 376 1825 γὰρ
396 1786 505 1823 χωρα
525 1770 645 1823 λεπτὴ
667 1769 735 1810 καὶ
766 1768 864 1824 ξηρὰ
893 1769 961 1810 καὶ
991 1767 1068 1810 οὐκ
1096 1769 1200 1824 α’γαν
1230 1770 1376 1824 θερμή,
1406 1774 1576 1827 καθαρῷ
1596 1769 1641 1810 δὲ

75 1834 131 1884 τῷ
159 1825 245 1881 ἀέρι
273 1828 342 1868 καὶ
370 1825 543 1883 ἀνύδρῳ.
609 1829 763 1880 itaque,
804 1829 992 1879 quoniam
1030 1831 1116 1868 erat
1153 1828 1424 1879 pulcherrima
1452 1829 1571 1869 simul
1600 1832 1642 1869 et

74 1899 240 1938 magna,
271 1887 313 1926 in
343 1888 478 1926 monte
508 1887 651 1937 posita,
681 1899 705 1925 a
734 1886 836 1925 mari
865 1886 986 1937 longe
1017 1886 1231 1936 conspicua
1262 1883 1410 1936 (Strab.
1435 1888 1500 1937 17,
1523 1885 1636 1937 837),

76 1944 206 1983 scribo
236 1941 461 1996 πύργοις.

707 2019 1009 2054 ΔΤΣΠΡΑΤΟΣ

190 2101 221 2142 Ι.
244 2115 280 2142 e.
310 2114 443 2142 servus
471 2104 638 2153 propter
667 2102 888 2153 nequitiam
917 2114 1000 2141 non
1030 2102 1146 2142 facile
1167 2102 1394 2146 vendibilis.
1418 2103 1640 2142 —iterum

77 2159 207 2200 edidit
247 2160 474 2210 Epicrates,
523 2171 602 2210 quo
645 2159 795 2198 factum
840 2160 903 2199 est
939 2161 986 2198 ut
1022 2160 1102 2210 ipsi
1140 2159 1341 2199 interdum
1381 2159 1639 2199 tribueretur.

79 2217 249 2257 Meinek.
281 2216 301 2255 I
332 2217 428 2255 321.
446 2216 484 2257 2.
515 2216 612 2254 414.
830 2269 886 2312 89

970 2323 1081 2381 ὁρᾶν
1110 2341 1158 2369 τε
1188 2328 1370 2382 κείμενα

351 2393 523 2450 ἄμητας
551 2387 808 2450 ἡμιβρῶτας
838 2391 1046 2449 ὀρνίθειά
1075 2409 1145 2449 τε,

352 2454 418 2505 ὧν
448 2458 554 2505 οὐδὲ
585 2462 868 2516 λειφθέντων
896 2462 1028 2518 θέμις
1057 2462 1208 2519 δούλῳ
1237 2470 1418 2518 φαγεῖν,

351 2527 412 2582 ὥς
441 2541 583 2586 φασιν
614 2529 666 2571 αἱ
688 2535 912 2583 γυναῖκες.
961 2528 988 2573 δ
1016 2530 1067 2573 δὲ
1096 2533 1238 2586 χολᾶν
1268 2538 1408 2586 ποιεῖ,

303 2608 323 2639 ὅ
353 2597 544 2654 γάστριν
573 2599 765 2640 καλοῦσι
795 2599 870 2640 καὶ
901 2598 1108 2654 λαμυρὸν
1137 2595 1186 2649 ὃς
1215 2598 1275 2642 ἄν
1306 2598 1429 2655 φάγῃ

349 2663 479 2722 ἡμῶν
508 2681 551 2709 τι
580 2666 768 2708 τούτων.

195 2749 425 2789 Athenaeus
462 2750 499 2799 6,
517 2747 628 2788 2620
675 2745 742 2787 καὶ
780 2744 1022 2801 Ἀντιφάνης
1067 2747 1111 2789 ἐν
1142 2745 1368 2802 Δυσπράτω
1408 2747 1533 2800 φησίν
1561 2751 1643 2790 κτλ.

60 2824 61 2827 “
84 2805 268 2846 ‘eosdem
306 2818 444 2846 versus
484 2805 692 2855 Epicrates
730 2806 834 2856 apud
864 2806 1010 2846 Athen.
1040 2808 1069 2846 1.
1097 2807 1125 2845 l.
1163 2807 1206 2846 in
1237 2804 1461 2859 Δυσπράτῳ
1494 2803 1564 2859 (fr.
1597 2804 1642 2859 5)

77 2865 290 2913 posuerat,
329 2862 434 2902 unde
470 2864 672 2912 postrema
708 2857 732 2900 ὃ
760 2859 804 2901 δὲ
833 2884 883 2892 -
922 2858 1072 2902 τούτων
1115 2863 1256 2902 ceteris
1301 2863 1437 2902 addidi
1479 2866 1645 2914 propter
