1864 3204
601 257 776 292 ‘muoz
801 275 842 282 -
868 256 1085 291 ΦΑΙΔΡΟΣ
1535 252 1617 295 387

263 360 342 402 καί
366 374 441 415 μοι
473 359 690 401 δοκοῦσιν
720 355 903 412 ἀγνοεῖν
934 357 983 399 οἱ
1005 355 1234 412 ζωγράφοι

261 424 343 470 τὸν
360 425 560 483 Ἔρωτα,
591 426 939 481 συντομώτατον
969 423 1012 467 δ’
1035 425 1195 479 εἰπεῖν,
1228 421 1325 467 ὅσοι

208 505 230 537 5
259 497 343 538 τοῦ
373 494 588 550 δαίμονος
616 493 781 537 τούτου
811 495 1023 537 ποιοῦσιν
1054 491 1247 543 εἰκόνας.

261 564 387 606 ἔστιν
415 561 501 617 γὰρ
531 559 636 605 οὔτε
664 564 811 618 θῆλυς
839 559 940 604 οὔτ’
962 559 1124 616 ἄρρην,
1155 560 1296 603 πάλιν

263 628 370 674 οὔτε
398 628 507 680 θεὸς
536 628 637 674 οὔτ’
659 628 928 684 ἅνθρωπος,
960 625 1058 672 οὔτ’
1081 628 1319 684 α’βέλτερος

264 696 362 742 οὔτ’
385 692 524 749 αὖθις
553 699 754 755 ἔμφρων,
786 696 902 740 ἄλλα
932 697 1319 752 συνενηνεγμένος

262 766 566 823 πανταχόθεν,
597 766 665 811 ἑνὶ
694 767 822 824 τύπῳ
851 781 899 808 τε
929 762 1058 808 πόλλ’
1085 766 1181 821 εἴδη
1200 766 1380 822 φέρων.

190 843 233 876 10
259 834 288 891 ἡ
318 834 458 891 τόλμα
488 835 573 891 μὲν
599 834 688 891 γὰρ
718 833 907 892 ἀνδρός,
937 832 965 888 ἡ
996 832 1047 876 δὲ
1077 834 1221 876 δειλία

263 904 501 959 γυναικός,
532 901 560 959 ἡ
593 901 634 946 δ’
658 901 791 946 ἄνοια
820 904 1004 958 μανίας,
1037 899 1060 943 ὁ
1091 902 1140 944 δὲ
1171 900 1303 957 λόγος

265 975 571 1028 φρονοῦντος,
598 970 625 1027 ἡ
658 971 914 1027 σφοδρότης
943 970 992 1013 δὲ
1023 970 1188 1026 θηρός,
1221 967 1244 1013 ὁ
1275 970 1324 1014 δὲ
1355 970 1495 1021 πόνος

265 1037 541 1096 ἀδάμαντος,
571 1038 599 1097 ἡ
631 1041 862 1096 φιλοτιμία
893 1039 944 1084 δὲ
974 1040 1199 1095 δαίμονος.

265 1107 340 1152 καὶ
370 1106 497 1151 ταῦτ’
522 1106 631 1164 ἐγώ,
662 1107 724 1164 μὰ
755 1106 839 1164 τὴν
865 1106 1063 1163 Ἀθηνᾶν
1093 1106 1169 1150 καὶ
1197 1106 1350 1161 θεούς,

199 1186 240 1218 15
271 1176 355 1220 οὐκ
386 1172 474 1220 οἶδ’
497 1175 522 1220 ὅ
550 1193 592 1220 τι
624 1176 764 1232 ἐστίν,
795 1174 897 1219 ἀλλ’
920 1174 1038 1231 ὅμως
1066 1178 1155 1231 ἔχει
1184 1176 1238 1232 γέ
1265 1191 1307 1219 τι

266 1245 487 1300 τοιοῦτον,
521 1244 655 1300 ἐγγύς
683 1243 724 1287 τ’
747 1243 836 1301 εἰμὶ
865 1242 1155 1301 τούνόματος.

176 1339 402 1380 Athenaeus
423 1341 486 1390 13,
498 1341 614 1380 562a
633 1335 654 1379 ὁ
671 1337 926 1391 Πλούταρχος
945 1335 1271 1391 ἀπεμνημόνευσε
1291 1343 1373 1378 τῶν
1387 1336 1431 1377 ἐκ
1447 1337 1628 1390 Φαίδρου

60 1391 257 1445 Ἀλέξιδος
273 1398 355 1437 κτλ.
406 1397 595 1436 v.3—12
629 1393 912 1450 (φρονοῦντος)
942 1397 1176 1436 Eustathius
1198 1397 1293 1445 988,
1319 1398 1370 1434 14
1401 1392 1422 1433 ὁ
1454 1394 1628 1447 κωμικὸς

66 1450 236 1501 Ἄλεξις.
255 1451 376 1505 ,λέγει
395 1454 476 1493 κτλ.
545 1456 582 1493 1.
603 1451 879 1506 πορευομένων
899 1454 936 1493 Α
956 1467 1039 1493 non
1058 1456 1188 1493 reete:
1210 1466 1304 1492 nam
1324 1453 1629 1504 philosophatur

65 1510 150 1550 sine
171 1511 292 1550 dubio
312 1511 421 1551 solus
442 1510 662 1560 ambulans,
691 1523 773 1550 non
794 1524 885 1551 cum
906 1511 1057 1550 amicis.
1127 1511 1166 1548 4.
1199 1508 1496 1562 συντομώτερον
1527 1510 1557 1550 C
1589 1513 1630 1549 et
1681 1543 1684 1545 ,

65 1567 181 1607 Eust-
262 1569 301 1607 6.
321 1565 451 1620 ἄρρην
469 1564 630 1622 Dindf.]
651 1565 779 1620 ἅρσην
797 1569 846 1607 Α.
927 1569 966 1609 8.
988 1564 1414 1618 συνενηνεγμένος
1436 1563 1509 1621 Κ.]
1532 1578 1628 1606 συν-

66 1620 280 1675 ενηγμένος
299 1625 349 1663 Α.
380 1622 674 1677 συνηνεγμένος
695 1625 726 1665 C
745 1626 788 1664 et
806 1625 921 1664 Eust.
958 1637 1039 1663 που
1060 1621 1307 1676 συνηγμένος
1328 1625 1452 1663 Mein.
1474 1625 1517 1662 in
1531 1624 1628 1663 Ath.

66 1677 205 1734 (Anal.
224 1680 324 1731 260)
345 1678 660 1733 συμμεμιγμένος
682 1682 815 1721 Herw.
838 1681 934 1722 obs.
952 1682 1042 1722 crit.
1059 1682 1125 1721 79.
1186 1683 1224 1720 9.
1241 1693 1279 1719 τε
1296 1681 1388 1720 add.
1406 1680 1628 1731 Schweigh.

66 1734 286 1788 πάντοθεν,
324 1734 369 1776 έν
406 1735 465 1776 ἑνὶ
494 1737 607 1791 τύπῳ
638 1752 677 1777 τε
707 1739 832 1777 Mein.
862 1739 904 1778 in
934 1739 1082 1778 Athen.
1183 1735 1333 1790 φέρων]
1365 1741 1504 1789 φορῶν
1534 1738 1631 1777 Her·

68 1794 191 1834 werd.
223 1795 371 1834 Mnem.
403 1807 494 1836 nov.
526 1794 608 1834 IIII
639 1797 734 1835 317.
832 1797 896 1835 10.
936 1792 981 1834 δὲ
1011 1807 1089 1837 om.
1121 1796 1170 1834 A.
1262 1796 1328 1833 12.
1369 1795 1469 1834 ‘nisi
1507 1792 1630 1841 πόνος

69 1851 119 1890 de
155 1850 302 1890 duritie
339 1851 560 1891 adamantis
598 1854 640 1891 et.
677 1853 719 1891 in
755 1852 930 1892 ferendis
965 1852 1111 1892 ictibus
1141 1852 1253 1902 quasi
1284 1851 1477 1902 patientia
1506 1852 1630 1890 inter-

69 1908 220 1959 pretari
257 1908 372 1959 licet,
419 1908 630 1959 suspiceris
669 1909 919 1948 scribendum
957 1921 1043 1949 esse
1065 1905 1311 1955 Ἄτλαντος]
1356 1909 1479 1947 Mein.
1511 1909 1627 1948 Anal.

69 1964 165 2004 Ath.
204 1965 297 2004 260.
407 1967 473 2005 13.
520 1963 708 2017 δαίμονος
745 1968 978 2016 corruptum
1016 1965 1187 2005 videtur.
1297 1966 1363 2004 14.
1406 1961 1477 2003 ’διὰ
1515 1960 1628 2004 ταῦτ’

72 2021 197 2060 Mein.
306 2023 369 2063 16.
400 2019 495 2075 εἰμὶ]
527 2016 614 2074 εἰμὴ
646 2023 695 2062 A.
799 2018 1036 2074 τούνόματος
1066 2020 1224 2075 Dindfi]
1258 2026 1329 2061 τοῦ
1357 2017 1549 2071 ὀνόματος
1579 2022 1629 2060 Α.

71 2081 142 2117 τοῦ
170 2073 363 2128 νοήματος
393 2079 554 2130 Emper.
584 2080 707 2120 Mein.
739 2079 776 2117 V
807 2081 873 2119 91.
919 2084 989 2118 τοῦ
1014 2072 1249 2130 ’ννοήματος
1281 2079 1401 2118 Mein.
1452 2092 1532 2118 που
1563 2083 1633 2118 τοῦ

70 2131 299 2187 πράγματος
328 2135 452 2176 Dobr.
484 2136 586 2175 Adv.
618 2136 658 2175 II
689 2137 786 2176 341.

189 2194 223 2230 1.
266 2189 310 2230 ἐκ
341 2192 558 2244 Πειραῖὤς.
609 2194 659 2232 cf.
690 2193 873 2235 Pherecr.
906 2194 978 2244 34,
1011 2194 1079 2232 ubi
1109 2193 1290 2232 addenda
1319 2193 1501 2243 exempla
1532 2193 1633 2232 Can-

72 2247 174 2289 thar.
207 2248 246 2287 5.
285 2248 467 2288 Mnesim.
496 2250 536 2298 4,
558 2250 626 2291 47.
662 2249 822 2290 Philise.
855 2251 893 2289 2.
932 2249 1083 2291 Criton.
1113 2251 1152 2299 3,
1173 2251 1214 2290 4.
1258 2250 1380 2290 Arist.
1411 2250 1502 2290 Pac.
1538 2251 1631 2289 144.

75 2304 122 2343 fr.
146 2304 242 2343 608.
322 2305 362 2343 2.
392 2318 473 2345 non
503 2309 778 2356 paupertatem
810 2307 899 2357 dici,
931 2307 999 2346 sed
1028 2307 1175 2346 amoris
1205 2307 1359 2346 labores
1390 2307 1506 2347 docet
1536 2307 1631 2345 Mei-

74 2359 213 2399 nekius
243 2360 263 2398 I
293 2362 387 2403 383.
515 2364 555 2402 8.
587 2362 767 2413 Xenoph.
799 2363 917 2402 Mem.
950 2364 996 2411 3,
1019 2365 1063 2410 5,
1087 2364 1140 2401 22
1179 2357 1290 2414 οἶμαί
1317 2373 1359 2402 σε
1390 2359 1631 2416 (στρατηγή-

72 2413 217 2470 ματα).
237 2448 245 2458 .
264 2414 406 2456 ,πολλὰ
436 2415 692 2469 πανταχόθεν
721 2418 1128 2470 συνενηνοχέναι.

348 2619 488 2675 σχολῇ
516 2633 596 2673 γε,
627 2615 683 2673 νὴ
713 2615 794 2660 τὸν
823 2616 970 2674 ἥλιον,
1002 2621 1141 2675 σχολῇ
1172 2618 1327 2674 λέγεις.

346 2683 626 2741 Ἐπιχαρίδης
656 2684 680 2728 ὁ
710 2684 871 2741 μικρὸς
899 2684 949 2729 ἐν
978 2685 1110 2729 πένθ’
1132 2683 1317 2743 ἡμέραις

349 2759 551 2809 σφαῖραν
582 2752 765 2809 ἐποίησε
793 2751 875 2810 τὴν
905 2753 1119 2810 πατρῴαν
1149 2753 1325 2796 οὐσίαν.

349 2819 469 2864 οὕτω
500 2819 892 2877 συνεστρόγγυλεν
923 2823 1088 2877 ἰταμῶς
1116 2820 1190 2864 καὶ
1221 2821 1346 2876 ταχύ.

195 2915 422 2955 Athenaeus
443 2916 482 2966 4,
507 2915 619 2954 165e
648 2910 826 2963 ἀσώτους
855 2913 929 2967 μὲν
956 2913 1031 2968 γὰρ
1060 2909 1149 2954 οἶδα
1179 2911 1433 2966 διαβοήτους,
1463 2913 1534 2954 ἕνα
1563 2913 1637 2967 μὲν

1299 2979 1368 3016 25*
