1890 3190
599 206 789 240 ΜΎΣΊἹΣ
807 225 850 231 -
865 199 1079 243 ΝΕΟΤΤΙΣ
1566 205 1620 249 79

700 309 972 344 ΝΕΑΝΙΣΚΟῙ

802 388 882 430 166

327 465 414 523 ἐγώ
445 466 552 517 τέως
581 465 664 522 μὲν
695 464 849 523 ᾠόμην
878 462 956 518 τοὶς
987 468 1218 523 Γοργόνας

329 531 449 578 εἷναί
473 551 516 578 τι
546 536 850 590 λογοποίημα,
882 533 995 588 πρὸς
1024 533 1200 590 ἀγορὰν
1231 534 1272 578 δ’
1296 534 1405 579 ὅταν

327 605 463 657 ἔλθω,
494 600 777 646 πεπίστευκ’”
811 602 1047 658 ἐμβλέπων
1076 600 1164 659 γάρ
1196 601 1360 647 αὐτόθι

327 678 422 722 τοῖς
450 670 778 727 ἰχθυοπώλαις,
810 672 988 722 λίθινος
1018 668 1162 721 εὐθύς
1190 673 1390 728 γίνομαι,

281 749 302 781 5
331 738 439 783 ὥστ’
462 739 508 791 ἐξ
538 735 738 795 ἀνάγκης
767 736 859 782 ἔστ’
882 737 1218 794 ἀποστραφέντι
1247 755 1323 796 μοι

326 810 482 851 λαλεῖν
510 808 624 862 πρὸς
653 804 836 857 αὐτούς·
868 806 928 850 ἂν
959 808 1041 850 ἴδω
1071 806 1158 862 γάρ
1188 805 1348 864 ἡλίκον

329 874 467 932 ἰχθύν
498 874 610 919 ὅσου
640 878 824 931 τιμῶσι,
856 875 1090 932 πήγνυμαι
1120 879 1289 932 σαφῶς.

25 975 30 994 2
167 959 398 1000 Athenaeus
420 961 457 1010 6,
475 959 624 999 224ed
652 954 895 1010 Ἀντιφάνης
925 955 968 998 ἐν
988 958 1232 1006 Νεανίσκοις
1262 960 1389 1011 φησίν
1418 964 1500 1001 κτλ.
1582 965 1618 1002 1.

54 1012 194 1071 ᾠόμην
223 1015 387 1056 Grotius
417 1017 606 1067 Excerpt.
632 1014 733 1068 619]
767 1013 884 1071 ᾤ’μην
903 1017 952 1055 A.
1044 1017 1082 1056 3.
1114 1014 1320 1069 ἐμβλέπων
1347 1014 1424 1070 γὰρ
1453 1015 1617 1083 αὐτίθιΙ

51 1075 135 1121 τοῖς
174 1074 338 1113 Porsen.
370 1074 497 1124 Toup.
528 1074 699 1112 Emend.
731 1086 799 1112 1111
830 1070 933 1127 501]
970 1068 1098 1120 εὐθὺς
1136 1070 1341 1124 ἐμβλέπων
1377 1073 1452 1127 γὰρ
1483 1071 1620 1124 αὐτοῖς

53 1130 104 1170 A.
193 1132 237 1170 6.
267 1145 322 1170 αν
350 1128 508 1183 Βὶηᾱί]
540 1128 612 1169 ἐὰν
640 1130 690 1172 Α.
778 1126 932 1181 ἡλίκον,
962 1131 988 1173 i.
1007 1144 1040 1170 e.
1073 1143 1194 1179 quam
1222 1133 1420 1182 exiyuwm.

795 1240 873 1283 167

325 1317 349 1362 6
382 1319 577 1371 πλοῦτός
608 1318 703 1363 ἐστι
734 1316 1068 1376 παρακάλυμμα
1098 1323 1191 1364 τοῖν
1222 1324 1391 1376 κακῶν,

326 1380 363 1431 ὦ
392 1388 555 1445 μῆτερ,
586 1385 612 1443 ἡ
637 1390 776 1451 πενία
807 1387 857 1431 δὲ
887 1389 1134 1446 περιφανές
1163 1406 1211 1433 τε
1242 1391 1318 1433 καὶ

325 1472 553 1500 ταπεινον.

167 1541 367 1581 Stobaeus
397 1541 536 1580 Floril.
570 1541 636 1589 97,
659 1541 685 1579 8
712 1536 976 1589 Ἀντιφάνους
1007 1538 1051 1579 ἐκ
1082 1540 1325 1581 Νεανίσκων
1353 1542 1403 1581 A.
1502 1545 1543 1582 2.
1574 1540 1619 1582 δὲ

21 1611 25 1617 “
52 1597 146 1638 add.
176 1597 289 1637 Grot.
406 1611 446 1637 τε
475 1595 544 1635 καὶ
572 1594 781 1651 ταπεινόν]
811 1596 879 1637 καὶ
909 1596 1064 1649 σαπρόν
1093 1598 1140 1641 Β.
1187 1621 1237 1627 -
1288 1601 1324 1638 1.
1357 1604 1439 1638 τοῖν
1466 1600 1620 1651 κακῶν,

57 1655 84 1694 i.
105 1667 140 1694 e.
170 1656 420 1695 mseriarmn
449 1656 783 1706 integumentum.

644 1795 647 1797 v
729 1778 944 1812 ΝΕΟΤΤῙΣ

169 1860 371 1911 Scriptam
402 1874 488 1900 esse
518 1861 609 1901 circ.
632 1859 693 1900 01.
718 1861 850 1908 109‚2
882 1873 928 1899 ex
959 1860 1008 1899 fr.
1033 1861 1111 1899 169
1143 1860 1318 1911 conlegit
1347 1861 1570 1900 Meinekius
1598 1862 1618 1900 I

10 1956 12 1958 .
55 1917 137 1956 329
168 1918 271 1956 conl.
293 1916 469 1958 Clinton.
489 1917 596 1957 Fast.
618 1917 775 1956 Hellen.
800 1917 880 1956 153
902 1917 972 1956 Kr.
1018 1918 1155 1956 eodem
1186 1918 1268 1956 fere
1299 1919 1480 1968 tempore
1509 1921 1619 1957 actae

19 1981 22 1989 '
55 1976 151 2013 sunt
179 1973 372 2014 Anaxilae
392 1970 616 2026 Εὗανδρία,
646 1973 826 2013 Alexidis
853 1969 1042 2024 Ἀδελφοί
1068 1977 1109 2013 et
1139 1970 1410 2026 Στρατιώτης,
1449 1975 1620 2015 fortasse

55 2031 176 2070 etiam
206 2028 571 2083 ΤὶωοοΙὶεἽΙρωες.
603 2029 770 2077 Νεοττίς
799 2031 1020 2070 meretricis
1049 2043 1196 2071 nomen
1225 2032 1387 2072 videtur
1416 2045 1516 2072 esse.
1566 2033 1618 2072 cf.

15 2115 17 2117 -
54 2086 236 2127 Pherecr.
269 2086 467 2128 Coriarmo
497 2090 538 2128 et
566 2088 716 2127 Eubuli
747 2086 925 2134 Νεοττίς,

327 2262 432 2306 παῖς
461 2250 527 2298 ὧν
555 2252 650 2310 μετ’
674 2254 876 2311 ἀδελφῆς
906 2255 970 2306 εἰς
995 2252 1188 2311 Ἀθήνας
1218 2254 1386 2298 ἐνθάδε

330 2322 563 2379 ἀφικόμην
593 2322 748 2378 α’χθεὶς
777 2319 868 2366 ὑπό
896 2338 1018 2373 τινος
1049 2322 1270 2378 ἐμπόρου,

329 2390 481 2447 Σύρος
510 2389 560 2434 τό
588 2393 719 2446 γένος
748 2389 835 2433 ὤν·
866 2389 1120 2446 περιτυχών
1150 2389 1192 2432 δ’
1210 2389 1321 2446 ἡμῖν
1350 2388 1420 2434 ὁδὶ

329 2460 679 2516 κηρυττομένοις
707 2456 1008 2515 ὀβολοστάτης
1036 2457 1104 2501 ὤν
1134 2459 1334 2514 ἐπρίατο,

283 2535 304 2566 5
334 2525 581 2583 ἄνθρωπος
610 2525 950 2583 ἀνυπέρβλητος
979 2528 1041 2578 εἰς
1069 2529 1309 2583 πονηρίαν,

329 2597 530 2645 τοιοῦτος
559 2589 652 2645 οἶος
680 2595 824 2651 μηδὲν
854 2596 917 2646 εἰς
945 2594 1028 2651 τὴν
1057 2595 1208 2639 οἰκίαν

329 2660 435 2719 μηδ’
457 2678 524 2705 ων
554 2659 578 2705 6
607 2661 888 2719 Πυθαγόρας
918 2664 1091 2714 ἐκεῖνος
1119 2662 1299 2720 ἤσθιεν,

333 2726 357 2771 ὁ
386 2732 757 2787 τρισμακαρίτης,
789 2731 1016 2788 εἰσφέρειν
1046 2731 1128 2783 ἔξω
1158 2730 1327 2786 θύμου.

179 2812 409 2853 Athenaeus
441 2814 615 2860 3,1080
654 2810 701 2852 τὰ
731 2810 774 2852 ἐκ
804 2813 1019 2861 Νεοττίδος
1038 2811 1244 2881 (νεοτίδος
1273 2811 1329 2868 A)
1355 2809 1618 2864 Ἀντιφάνους

0 2929 5 2943 ,¹
68 2866 160 2908 τάδε
191 2871 271 2909 κτλ.
358 2871 397 2911 4.
430 2867 608 2923 ἐπρίατο]
639 2867 799 2922 ἕπριᾶτο
826 2870 876 2910 A.
966 2873 1004 2910 7.
1034 2866 1199 2924 ησθιεν]
1229 2869 1388 2910 εἴσθιεν
1415 2871 1463 2911 A.
