1864 3204
617 218 838 254 ΑΡΤΕΜῙΣ
864 238 902 244 -
929 220 1205 256 rumonim
1612 219 1690 262 251

124 324 269 367 mosth.
303 325 382 373 23,
409 325 501 364 120.
534 324 698 364 Diodor.
733 325 806 372 15,
830 323 922 374 71),
954 326 1093 376 postea
1123 325 1366 375 reipublicae
1395 325 1522 365 hostis
1553 322 1695 364 acerri-

127 393 216 420 mus
253 378 389 433 (Diod.
433 382 503 431 15,
534 383 600 421 95.
652 382 831 432 Xenoph.
865 381 970 423 Hell.
1004 384 1048 431 6,
1070 382 1116 430 4,
1140 379 1226 435 35).
1296 383 1329 422 is
1367 383 1454 422 tum
1492 382 1694 432 pollicitus

127 439 214 476 erat
250 437 562 477 Atheniensibus
604 433 846 489 ἡμιωβολίου
891 435 965 489 τὴν
1009 443 1117 489 μνᾶν
1161 444 1289 492 κρεῶν
1332 436 1457 478 τίίνιον
1496 436 1692 491 παρέξειν.

130 494 333 534 Plutarch.
366 495 465 534 Mor.
500 496 578 534 193
597 495 673 546 de,
714 508 757 534 ac
793 495 879 535 sine
919 495 1040 535 dubio
1072 496 1191 535 etiam
1223 496 1413 535 frumenti
1444 497 1599 547 copiam
1628 497 1693 536 vel

128 551 291 591 miserat
311 552 374 591 vel
395 552 643 603 promiserat.
675 564 755 602 qua
775 565 816 591 re
837 564 926 591 cum
948 552 1211 592 Athenienses
1241 555 1287 592 ut
1318 553 1501 592 solebant
1530 566 1693 604 magno-

126 621 220 659 pere
257 609 522 657 exsultarent,
568 609 779 659 Ephippus
815 609 1023 648 levitatem
1061 609 1208 649 civium
1243 610 1420 650 inridens
1462 611 1512 649 ad
1548 611 1694 650 famem

126 666 304 705 universi
333 666 472 716 populi
515 665 749 716 explendam
779 666 856 705 iam
887 667 1018 706 totum
1047 666 1257 717 panarium
1289 679 1335 705 ex
1367 667 1572 707 Thessalia
1601 668 1693 707 Ale-

128 722 268 762 xandri
299 722 570 762 munificentia
598 723 806 763 advectum
838 735 923 763 esse
955 723 1065 763 dicit.
1106 720 1396 776 κολλικοφάγον
1417 726 1552 764 autem
1572 725 1693 764 Thes-

128 779 268 818 saliam
298 781 413 819 vooat
442 780 752 830 Aristophanem
781 780 962 820 imitatus
993 780 1093 820 th.
1125 781 1206 820 872
1238 779 1499 833 κολλικοφάγε
1531 780 1691 819 Βοιωτί-

128 834 228 876 διον.
280 836 482 876 Archestr.
513 836 659 876 Athen.
692 838 883 888 3,112a
922 834 1091 885 κόλλιξ
1121 835 1431 885 Θεσσαλικός
1473 848 1534 877 σοι
1563 835 1693 890 ὑπαρ-

129 889 237 944 χέτω.
289 893 340 933 cf.
373 893 582 945 Hermipp.
615 895 680 944 63,
704 896 728 934 6
759 896 800 934 et
829 907 930 945 quae
961 895 1215 945 exposuimus
1245 894 1288 934 in
1318 895 1455 935 Museo
1486 895 1689 935 Rhenano.

791 1006 1027 1040 ΒΟΤΣῙΡΙΣ

240 1076 435 1122 Busiridis
465 1076 642 1116 fabulam
672 1077 766 1126 post
787 1076 996 1116 Cratinum
1026 1077 1144 1116 multi
1174 1078 1460 1119 tractaverunt.
1492 1078 1542 1119 cf.
1565 1078 1687 1117 Mein.

128 1133 147 1172 Ι
178 1133 257 1173 351
291 1135 333 1173 et
363 1147 465 1184 quae
496 1133 545 1173 ad
576 1133 729 1174 Cratini
759 1134 932 1174 Busirin
962 1134 1253 1176 adnotavimus.

889 1233 918 1275 2

329 1303 427 1344 ΗΡ.
459 1298 542 1344 οὐκ
573 1297 712 1344 οἶσθά
738 1298 786 1356 μ’
809 1299 922 1344 ὄντα
952 1300 1065 1357 πρὸς
1091 1304 1220 1345 θεῶν
1257 1302 1508 1358 Τιρύνθιον

326 1366 544 1425 Ἀργεῖον,
576 1370 623 1412 οἳ
648 1368 899 1425 μεθύοντες
929 1367 999 1414 ἀεὶ
1028 1368 1106 1421 τὰς
1135 1370 1277 1427 μάχας

331 1436 476 1488 πάσας
505 1435 745 1494 μάχονται;
797 1441 847 1480 Β.
880 1441 1126 1494 τοιγαροῦν
1156 1437 1376 1495 φεύγουσ’
1401 1435 1486 1483 ἀεί.

242 1520 473 1560 Athenaeus
493 1522 559 1569 10,
571 1521 688 1558 442d
709 1519 994 1574 κωμῳδοῦνται
1014 1519 1058 1559 δὲ
1080 1517 1134 1569 ὦς
1155 1519 1328 1573 μέθυσοι
1345 1518 1513 1575 Ἀργεῖοι
1532 1520 1607 1574 μὲν
1627 1522 1693 1563 καὶ

129 1572 341 1628 Τιρύνθιοι
360 1574 441 1616 ὑπὸ
459 1573 663 1627 Ἐφίππου
684 1574 729 1615 ἐν
749 1576 974 1629 Βουσίριδι·
996 1582 1134 1617 ποιεῖ
1157 1575 1209 1617 δὲ
1239 1577 1321 1618 τὸν
1346 1576 1588 1632 ΐΗρακλέα
1618 1579 1692 1619 λέ-

124 1647 272 1685 γοντα
302 1636 382 1673 κτλ.
433 1635 606 1674 Macrob.
640 1634 723 1674 Sat.
756 1635 802 1685 5,
826 1636 875 1672 21
909 1636 1156 1676 multibibum
1186 1637 1303 1676 heroa
1331 1639 1450 1676 istum
1478 1638 1601 1686 fuisse
1618 1668 1627 1677 .
1647 1669 1684 1677 ..

125 1692 223 1730 illud
251 1704 333 1731 non
361 1693 567 1732 obscurum
596 1695 872 1742 aryumentum
901 1695 955 1732 est
984 1694 1087 1741 quod
1105 1693 1313 1743 Ephippus
1332 1695 1377 1733 in
1396 1694 1585 1734 Busiride
1613 1697 1692 1734 in-

124 1749 261 1788 ducit
279 1748 534 1788 Herculem
563 1750 632 1788 sic
660 1750 936 1798 loquentem
965 1751 1046 1788 κτλ.
1097 1751 1222 1789 v.2.3
1254 1751 1399 1790 omisso
1432 1752 1592 1791 fabulae
1622 1765 1695 1791 no-

126 1805 232 1843 mine
263 1805 379 1844 Eust.
405 1806 526 1855 1178,
549 1806 603 1844 34
633 1800 707 1859 (ὥς
736 1804 955 1855 μεθύοντες
984 1803 1100 1859 κτλ.).
1192 1809 1231 1847 2.
1255 1808 1291 1848 3.
1322 1806 1404 1846 αἰεί
1431 1808 1482 1846 Α.
1516 1829 1567 1836 —-
1601 1821 1691 1848 con-

127 1861 347 1911 loquuntur
366 1862 559 1902 Hercules
580 1864 620 1901 et
641 1862 810 1902 Busiris.
841 1863 982 1912 Eurip.
1005 1863 1094 1902 Alo.
1117 1865 1198 1903 677
1230 1859 1304 1902 οὐκ
1333 1858 1455 1902 οἶσθα
1490 1863 1693 1904 Θεσσαλόν

124 1931 172 1968 με
201 1913 306 1956 κᾶπὸ
344 1917 549 1958 Θεσσαλοῦ
578 1913 725 1971 πατρὸς
755 1923 929 1971 γεγῶτας
959 1921 1130 1959 eontulit
1160 1921 1349 1971 Toeppel.
1380 1921 1520 1973 Progr.
1541 1922 1690 1963 Neobr.

128 1975 249 2026 1867,
281 1976 320 2014 8.
343 1977 383 2015 9.
768 2031 1043 2066 ΓΗΡΤΟΝΗΣ

241 2100 399 2151 Scripta
429 2102 490 2140 est
519 2101 655 2140 fabula
685 2100 748 2143 Ol.
774 2102 867 2152 111,
887 2102 910 2140 2
932 2102 997 2141 vel
1020 2103 1058 2154 3,
1090 2115 1136 2142 eo
1167 2105 1349 2154 tempore
1378 2117 1456 2154 quo
1486 2104 1692 2144 Gallorum

125 2157 269 2208 legatis
299 2158 340 2196 in
361 2158 634 2197 Macedoniam
664 2159 795 2197 missis
826 2158 935 2198 illius
966 2159 1099 2209 gentis
1128 2172 1275 2200 nomen
1306 2161 1480 2210 primum
1500 2162 1550 2200 ad
1573 2161 1690 2201 Grae-

127 2226 263 2253 corum
292 2227 406 2254 aures
436 2216 686 2265 pervenerat.
727 2215 849 2254 Mein.
880 2215 900 2254 I
921 2216 1014 2255 351.
1038 2217 1076 2255 2.
1109 2218 1159 2256 of.
1182 2218 1231 2256 fr.
1255 2218 1293 2256 5.
1327 2217 1459 2257 Strab.
1484 2220 1523 2268 7,
1546 2220 1642 2258 301.
1666 2220 1690 2256 2

128 2267 225 2320 φησὶ
262 2267 306 2308 δὲ
339 2271 585 2321 Πτολεμαῖος
624 2267 645 2309 ὁ
676 2269 820 2323 Λάγου
851 2269 950 2310 κατὰ
983 2268 1131 2323 ταύτην
1162 2272 1235 2324 τὴν
1265 2273 1472 2325 στρατείαν
1502 2267 1595 2328 (τὴν
1625 2271 1690 2313 ἐπὶ

130 2325 292 2380 Θρᾷκας
331 2324 424 2374 τοὺς
462 2323 564 2379 ὑπὲρ
603 2332 674 2366 τοῦ
704 2326 866 2380 Αἴμου,
906 2327 968 2367 ΟΙ.
1004 2331 1101 2378 111,
1124 2331 1147 2368 2
1180 2328 1365 2382 Clinton)
1410 2331 1602 2382 συμμῖξαι
1639 2336 1693 2386 τῷ

123 2378 368 2436 Ἀλεξάνδρῳ
397 2381 571 2431 Κελτοὺς
602 2382 693 2430 τοὺς
722 2382 811 2436 περὶ
841 2382 911 2423 τὸν
936 2380 1102 2438 Ἀδρίαν
1130 2385 1266 2434 φιλίας
1297 2385 1364 2426 καὶ
1394 2387 1524 2435 ξενίας
1554 2387 1689 2439 χάριν·

127 2437 346 2489 δεξάμενον
382 2437 426 2479 δὲ
463 2437 611 2487 αὐτοὺς
642 2438 898 2491 φιλοφρόνως
929 2437 1000 2478 τὸν
1029 2439 1194 2492 βασιλέα
1225 2439 1388 2489 ἐρέσθαι
1417 2441 1524 2496 παρὰ
1554 2441 1691 2494 πότον,

127 2494 167 2534 τί
192 2491 360 2545 μάλιστα
390 2495 452 2548 εἴη
481 2493 507 2536 ὃ
536 2497 738 2549 φοβοῖντο,
769 2498 976 2547 νομίζοντα
1008 2494 1180 2537 ‘anniv’
1204 2496 1327 2551 ἐρεῖν·
1359 2495 1503 2547 αὐτοὺς
1535 2498 1574 2539 δ’
1592 2498 1689 2539 obco-

129 2551 370 2604 κρίνασθαι,
408 2550 468 2592 ὅτι
508 2550 653 2593 οὐδένα
683 2549 861 2605 (οὐδέν),
899 2551 1007 2604 πλὴν
1043 2554 1080 2594 εἰ
1112 2552 1190 2608 ἄρα
1219 2554 1273 2607 μὴ
1303 2553 1325 2596 ὁ
1355 2553 1692 2608 οὐρανὸςαύτοῖς

128 2605 328 2648 ἐπιπέσοι·
360 2607 499 2658 φιλίαν
527 2624 571 2662 γε
599 2607 682 2661 μὴν
710 2606 859 2662 ἀνδρὸς
890 2609 1070 2650 τοιούτου
1090 2610 1179 2664 περὶ
1198 2611 1345 2659 παντὸς
1366 2613 1569 2653 τίθεσθαι.
1615 2614 1689 2654 Ge-

127 2666 265 2717 ryonis
295 2667 455 2707 nomine
475 2667 750 2706 Alexandrum
775 2680 915 2719 xregem
936 2669 1151 2720 significari
1172 2666 1233 2724 (P)
1254 2671 1421 2710 coniecit
1440 2670 1686 2721 Droysenus.

889 2756 917 2798 3

1084 2813 1236 2855 ἔπειτα
1266 2815 1361 2863 πῶς

332 2875 388 2920 οὐ
419 2877 641 2934 στέφανος
670 2877 822 2930 οὐδείς
851 2880 945 2923 ἐστι
976 2880 1152 2936 πρόσθε
1182 2882 1274 2923 τοῖν
1302 2883 1488 2938 θυρῶν;
