1864 3204
532 216 745 252 ΣΛΡΔιοΣ
759 234 804 243 -
828 217 1144 252 z'rpxrm'rnz
1535 214 1623 258 499

53 322 164 363 idem
189 322 318 373 114,1
342 315 568 373 Φιλήμονος
593 318 636 361 ἐκ
658 323 883 362 Σικελοῦ.
948 324 983 361 1.
1013 316 1116 375 ἄλλῳ
1145 325 1337 360 πονοῦντι
1365 315 1519 372 Bentm
1552 336 1622 360 αν·

54 379 228 429 boman·
255 376 368 419 ὄντα.
457 380 496 418 3.
527 375 594 417 δέ·
627 376 720 426 τοὺς
749 376 832 445 γὰρ
854 379 980 418 multo
1010 381 1102 418 ante
1123 377 1317 418 Cobetum
1339 378 1484 418 Mnem.
1502 378 1621 418 V1111

58 434 139 476 143
161 435 418 476 Schaeferus:
452 448 532 475 non
552 439 672 475 recte.
734 437 774 474 5.
795 429 887 489 ἐὰν]
910 432 1012 474 ἐπὰν
1034 436 1127 474 114.
1187 433 1385 473 πταίσωσί
1402 448 1437 473 τι
1463 431 1469 487 Ι
1495 430 1623 486 αὐτοί,

54 491 202 533 Nabar.
235 492 380 532 Mnem.
411 505 501 533 nov.
515 491 614 531 VIII
634 493 731 532 409.
812 494 850 532 7.
881 489 967 544 καὶ]
997 489 1066 531 καὶ
1095 488 1139 530 τὸ
1169 492 1341 532 Brunek.
1423 489 1558 543 ἕτερόν
1586 506 1623 531 τι

55 544 215 600 τάλγεῖν
243 553 315 588 τοῦ
343 551 387 590 θ.
419 548 560 589 Cobet.
591 549 738 588 Mnem.
756 548 874 588 VIIII
910 546 987 587 143
1017 551 1060 588 et
1087 560 1180 591 nov.
1212 549 1252 587 II
1282 549 1364 587 444
1395 550 1497 589 conl.
1529 549 1623 589 Phi-

57 605 332 658 lippid.15‚5.
354 627 410 636 —
431 606 470 645 6.
502 602 604 655 τότε,
634 606 747 645 ‘eum
778 606 854 656 ipsi
885 605 1054 645 aliorum
1075 606 1235 645 morbos
1255 601 1471 646 curarent?
1501 607 1621 646 Mein.

13 666 17 671 ’
55 660 150 710 lonc
181 675 253 714 per
281 663 449 704 ironiam
479 662 578 702 dicit
607 675 680 712 pro
710 663 931 703 certissime.

280 861 368 918 ἐγιό
398 864 625 918 πρότερον
654 863 738 918 μὲν
769 860 924 919 ᾠόμην
953 865 1008 919 τῇ
1042 865 1228 920 Σικελίᾳ

279 931 329 974 ἓν
359 929 482 975 τοῦτ’
504 929 764 975 ἀπότακτον
795 929 908 974 αὐτὸ
937 930 1044 982 τούς
1072 931 1240 986 τυρούς
1269 939 1419 975 ποιεῖν

280 1001 466 1051 καλούς·
500 1001 566 1043 ἔτι
593 1001 735 1043 ταῦτα
765 1001 1045 1055 προσετίθην
1074 997 1303 1055 α’κηκοοίς,

279 1066 431 1123 ἱμάτια
461 1066 632 1111 ποικίλ’
658 1068 700 1110 εἰ
728 1067 850 1122 λέγοι
879 1083 946 1118 τις
978 1067 1216 1111 Σικελικά.

225 1145 246 1176 5
278 1138 328 1179 Β.
360 1135 501 1191 σκεύη
531 1135 616 1191 μὲν
646 1127 731 1178 οὖν
762 1135 836 1178 καὶ
867 1134 1054 1192 κτήματ’
1077 1134 1233 1194 φ’όμην
1261 1136 1433 1192 φέρειν.

169 1230 400 1270 Athenaeus
434 1231 506 1279 14,
530 1230 610 1270 658
626 1243 650 1269 a
689 1224 882 1281 Φιλήμων
923 1227 966 1269 ἐν
1002 1234 1056 1285 τῷ
1093 1227 1393 1286 ἐπιγραφομένῳ
1424 1232 1626 1270 Σικελικω*

56 1289 138 1326 κτλ.
202 1289 239 1329 1.
270 1281 405 1341 ῳόμην
433 1286 584 1340 Bentl.]
617 1283 737 1341 ᾤ’μην
766 1289 815 1326 A.
889 1286 937 1340 τῇ
967 1287 1132 1342 Σικελίᾳ
1163 1271 1418 1342 (suspensum
1448 1289 1497 1328 ab
1527 1283 1621 1327 ἆπό-

55 1343 219 1395 τακτον)
249 1326 506 1385 1)ὀ“οι·.Α(1ν.
538 1344 579 1383 H
600 1328 703 1396 2‘88]
736 1338 810 1394 τὴν
839 1343 1030 1383 Σικελίαν
1059 1345 1108 1384 A.
1190 1346 1229 1384 2.
1260 1346 1317 1385 sie
1346 1345 1437 1384 VL.
1485 1359 1620 1384 εντου-

56 1398 425 1440 ταποτακτοναυτὸν
463 1402 511 1441 A.
608 1403 648 1441 3.
681 1399 735 1439 ἔτι
765 1399 918 1453 B.entl]
951 1399 1007 1439 ἔτι
1036 1414 1085 1440 τε.
1182 1405 1276 1452 post
1310 1416 1349 1442 v.
1383 1403 1408 1441 3
1438 1402 1475 1441 A
1506 1400 1622 1454 τυρὸς

58 1454 267 1506 Σικελικὸς
297 1455 360 1497 ὅτι
388 1468 592 1511 κρατιστος
620 1451 675 1510 ἧν
703 1455 754 1495 αἴ
777 1471 818 1496 τε
847 1456 1071 1508 περιστεραὶ
1093 1457 1310 1507 Σικελικαί,
1340 1460 1458 1498 eiecit
1487 1459 1619 1499 Bentl.

56 1515 96 1554 4.
125 1514 285 1554 ποικίλα
315 1515 366 1555 Α.
456 1516 493 1556 5.
529 1515 574 1554 Β.
607 1515 698 1554 add.
730 1514 781 1554 K.
869 1510 1010 1568 φ’όμην
1038 1513 1090 1567 L]
1122 1511 1239 1569 ᾤμην
1267 1514 1317 1554 A.
1406 1528 1486 1555 non
1516 1520 1622 1555 reete

56 1572 277 1612 Meinekius
307 1585 379 1612 nee
410 1569 535 1622 σκεύη
565 1584 638 1611 nec
668 1569 847 1622 κτήματα
878 1571 1057 1611 defendit
1086 1572 1204 1610 Anal.
1237 1572 1333 1610 Ath.
1356 1572 1451 1611 319.
1502 1574 1621 1612 scrib.

56 1626 207 1680 ζεύγη
245 1625 318 1678 μὲν
356 1622 433 1668 οὖν
461 1624 730 1679 κῶχήματ’.
781 1629 832 1667 ef.
865 1628 1012 1667 Critias
1043 1628 1139 1668 Ath.
1174 1630 1212 1675 1,
1234 1629 1324 1667 28b
1355 1622 1438 1667 εἶτα
1468 1623 1622 1680 δ’·ὅχος

1 1682 5 1687 ’
57 1682 229 1732 Σικελὸς
259 1680 391 1724 κάλλει
420 1683 583 1738 δαπάνῃ
613 1698 652 1724 τε
681 1683 901 1737 κράτιστος.
951 1682 1079 1735 ὄχημα
1109 1687 1172 1725 est
1199 1684 1324 1725 Arist.
1356 1685 1447 1726 Pac.
1468 1687 1563 1726 866.

814 1808 867 1851 77

329 1884 381 1930 τὸ
411 1885 467 1942 δὴ
501 1885 750 1942 λεγόμενον
786 1888 920 1929 τοῦτο
950 1888 1131 1929 Μυσῶν
1160 1887 1350 1941 ἔσχατον

331 1952 503 2010 ἐνόμιζ’
525 1953 642 2009 ὁρᾶν
671 1953 751 1997 τὸν
781 1954 886 1997 υἱὸν
918 1952 1163 1998 ἐκπλέονθ’
1183 1950 1319 2009 ὁρῶν.

176 2049 307 2089 Schol.
331 2049 472 2100 Eurip.
492 2048 608 2090 Rhes.
624 2050 706 2088 248
738 2052 807 2099 τῆς
839 2045 1024 2099 ’ἔσχατος
1056 2047 1130 2099 (sic
1159 2048 1206 2088 L.
1238 2048 1375 2088 Dindf.
1406 2061 1480 2099 pro
1510 2045 1621 2099 ἐσχά-

58 2102 148 2161 της)
185 2106 372 2144 Μυσῶν’
411 2104 624 2158 παροιμίας
661 2101 856 2156 μέμνηται
892 2101 1083 2156 Φιλήμων
1118 2101 1163 2143 ἐν
1200 2106 1369 2159 σκελετῷ
1407 2104 1619 2160 (Σικελικῷ

55 2162 104 2202 L.
135 2160 293 2215 Dindf.)
321 2163 403 2202 κτλ.
492 2163 531 2202 2.
563 2157 708 2214 ἐνόμιζ’
742 2159 900 2215 Cobet]
932 2159 1110 2212 ἐνόμιζεν
1138 2163 1187 2201 A.
1227 2183 1282 2190 —
1321 2163 1369 2201 de
1407 2162 1621 2213 proverbio
1684 2212 1687 2214 Ὗ

56 2219 108 2259 cf.
140 2219 314 2272 Magnet.
337 2220 376 2258 5.
402 2241 458 2247 —
497 2219 643 2258 dieitur
680 2220 814 2259 neseio
852 2220 941 2270 quis
979 2219 1062 2258 filio
1093 2220 1135 2258 in
1171 2231 1277 2258 mare
1317 2219 1510 2259 evehente
1539 2232 1622 2258 non

57 2277 185 2328 magis
222 2276 482 2327 perturbatus
517 2276 661 2325 fuisse,
707 2289 826 2327 quam
857 2276 891 2315 si
920 2276 1083 2327 ignotus
1112 2275 1256 2325 aliquis
1287 2275 1619 2326 proficisceretur.

811 2396 866 2440 78

171 2479 316 2519 Pollux
346 2480 392 2528 4,
418 2480 497 2519 175
535 2476 635 2518 ἔνιοι
673 2475 716 2517 δὲ
750 2476 819 2517 καὶ
857 2483 939 2517 τῶν
970 2474 1170 2529 Ἀθήνησι
1204 2476 1506 2533 κωμωδούντων
1542 2480 1620 2518 τῶν

59 2533 176 2587 νέων,
216 2530 303 2575 οἷον
331 2534 526 2587 Φιλημων
563 2533 608 2574 ἐν
636 2536 840 2589 Σικελικῷ
862 2565 871 2574 .
890 2534 1118 2586 ..λίτρας
1147 2533 1455 2586 μνημονεύουσι.
1516 2536 1620 2576 idem

59 2596 96 2643 9,
121 2595 170 2633 81
207 2606 266 2632 οτι
296 2589 341 2631 δὲ
371 2591 439 2631 καὶ
467 2597 548 2631 τῶν
577 2591 783 2645 κωμῳδῶν
812 2604 916 2638 τινες
946 2596 1015 2658 τῆς
1044 2590 1177 2641 λίτρας
1206 2589 1555 2643 μνημονεύουσιν.

57 2648 300 2701 προείρηται.
349 2644 397 2687 m}
425 2647 501 2701 γ’ὰρ
531 2648 573 2688 οί
602 2651 770 2697 Δωριεις
798 2645 924 2698 μόνον
950 2643 1050 2687 ἀλλὰ
1079 2646 1146 2687 καὶ
1176 2653 1255 2687 τῶν
1282 2645 1471 2687 Ἀττικῶν
1499 2662 1620 2698 τινες,

56 2703 111 2753 ὥς
143 2705 312 2756 Δίφιλος
342 2702 385 2743 ἐν
417 2707 614 2760 Σικελικῷ
642 2701 710 2758 (fr.
732 2701 819 2759 71).
849 2705 1017 2745 Photius
1039 2706 1199 2755 227,17
1230 2703 1340 2756 λίτρα
1369 2699 1424 2756 ἦν
1451 2702 1523 2756 μὲν
1553 2704 1622 2744 καὶ

59 2759 231 2814 νόμισμά
263 2776 321 2813 τι,
350 2758 406 2810 ὥς
429 2761 610 2812 Δίφιλος.
659 2762 721 2801 his
749 2762 992 2801 testimoniis
1022 2762 1259 2811 componatis
1288 2764 1445 2800 constat
1466 2764 1618 2801 utrum-

59 2832 137 2871 que
175 2822 332 2870 poetam
372 2819 412 2858 id
449 2819 602 2858 nummi
641 2831 767 2868 genus
802 2818 1189 2858 commemoravisse.
1220 2831 1264 2857 ac
1294 2820 1622 2858 commemoravit

57 2877 180 2916 etiam
210 2876 449 2926 Posidippum
478 2877 503 2914 6
537 2875 655 2916 Mein.

256 2957 258 2959 ,
1276 2940 1349 2974 32*
