1890 3190
198 203 202 206 ²
284 226 339 268 82
907 227 1222 260 ΑΝΤΙΦΑΝΟΤΣ

925 327 1197 362 ΟΙΩΝΙΣΤΗΣ

395 409 507 447 Hanc
543 409 721 448 fabulam
760 409 809 447 ab
847 408 962 447 initio
992 421 1116 458 usque
1146 408 1195 447 ad
1226 407 1344 448 finem
1373 421 1397 447 a
1427 409 1642 448 Menandro
1671 409 1715 448 in
1746 408 1836 448 Δει-

286 463 489 514 σιδαίμονι
531 477 756 515 expressam
794 477 878 504 esse
918 464 1109 504 Caecilius
1147 465 1271 503 tradit
1315 465 1419 515 apud
1456 465 1651 516 Porphyr.
1689 460 1838 506 Euseb.

284 522 425 571 Praep.
458 535 517 560 ev.
551 523 621 569 10,
645 523 685 559 2.
745 522 906 571 dempto
943 522 1067 572 plagii
1102 521 1264 560 crimine
1301 521 1560 560 Menandrum
1599 521 1840 572 Antiphanis

284 578 457 617 fabulam
496 578 695 616 imitatum
735 590 818 617 esse
854 581 894 617 et
931 578 1123 617 nonnulla
1152 578 1194 616 in
1223 591 1334 616 suam
1363 578 1610 618 transtulisse
1640 579 1840 618 existimat

285 635 511 673 Meinekius
541 634 561 672 I
592 636 658 673 32.
680 635 774 674 338.
809 635 1060 686 ‚fragmenta
1088 647 1168 674 non
1198 636 1367 674 exstant.

971 768 1149 802 ΟΜΟΙΟΙ

397 849 457 888 Cf.
489 850 661 888 Meinek.
692 849 713 887 Ι
744 849 838 887 338.
879 848 1010 887 Schol.
1042 848 1210 887 Aristot.
1242 849 1337 888 Eth.
1369 849 1456 888 Nic.
1475 850 1514 899 4,
1536 850 1604 899 12,
1623 848 1841 889 1127610

284 902 416 956 ὥσπερ
454 901 475 943 ὁ
514 902 596 943 ὑπὸ
637 909 718 944 τῶν
758 903 1066 958 κωμῳδιοποιῶν
1094 902 1359 956 προαγόμενος
1378 903 1597 957 Ὅμοιος,
1626 899 1753 956 ἀηδής
1779 912 1840 952 τις

283 967 420 1012 πᾶσιν,
450 958 501 1000 ὁν
529 960 597 1000 καὶ
626 959 874 1000 δύσκολόν
904 971 1027 1009 φασιν
1056 955 1169 1000 εἶναι.
1209 962 1314 1000 unde
1344 963 1386 1000 in
1410 963 1594 1001 omnibus
1614 956 1839 1012 comoediis.)
1865 963 1871 1008 J

285 1032 385 1069 quae
414 1015 576 1068 ’Ὀμοιος
607 1019 672 1058 vel
687 1013 842 1069 ’Ὅμοιοι
869 1018 1153 1068 inscribuntur,
1185 1018 1262 1057 duo
1291 1018 1469 1058 homines
1498 1020 1541 1057 in
1561 1018 1702 1058 ceteris
1721 1019 1874 1061 16111181Δ

283 1088 416 1125 pares,
463 1076 640 1114 moribus
681 1075 878 1126 diversos,
918 1075 1089 1113 fratrum
1124 1049 1286 1114 illorum
1317 1075 1647 1114 Terentianorum
1676 1075 1858 1127 similes,-

285 1132 362 1170 sibi
403 1132 606 1182 oppositos
647 1131 895 1181 alterumque
926 1144 1126 1170 morosum
1157 1131 1280 1170 fuisse
1310 1131 1510 1171 Usenerus
1541 1132 1710 1171 coniecit
1738 1132 1841 1171 Mus.
1870 1182 1874 1184 .

284 1188 411 1226 Rhen.
443 1188 616 1227 XXVIII
645 1188 727 1228 405
749 1201 810 1238 sq.

1019 1275 1100 1317 173

979 1345 1030 1395 εὖ
1061 1352 1105 1395 δ’
1128 1352 1300 1408 ἐγίνεθ’
1318 1351 1387 1396 ὅτι
1417 1356 1571 1409 φακῆν

556 1420 682 1474 ἕψειν
712 1419 757 1477 μ’
783 1421 993 1464 ἐδίδασκε
1022 1420 1114 1463 τῶν
1145 1419 1397 1476 ἐπιχωρίων
1427 1436 1493 1470 τις
1523 1415 1597 1471 εἷς.

400 1516 629 1555 Athenaeus
659 1517 698 1566 4,
723 1516 834 1555 1586
874 1510 1115 1564 Ἀντιφάνης
1159 1510 1334 1566 Ὁμοίαις
1377 1517 1458 1554 κτλ.
1590 1517 1626 1553 1.
1658 1508 1704 1554 εὖ
1733 1514 1839 1584 ‘'⁸7⁶3-

287 1568 528 1623 νεθήφακην
559 1571 888 1623 εψειημεδίδασκε
918 1572 967 1613 Α.
1026 1565 1072 1610 εὖ
1102 1567 1143 1609 δ’
1176 1568 1329 1622 ἐγίνεθ’
1354 1568 1415 1610 ότι
1444 1572 1608 1614 Porson.
1649 1569 1766 1621 ἕψεῖν
1793 1566 1862 1623 μ’

288 1626 471 1668 ἐδίδασκε
501 1629 650 1668 Iacobs.
682 1629 819 1668 Addit.
851 1629 944 1668 Ath.
977 1630 1042 1668 99.
1132 1641 1190 1674 τις
1221 1622 1299 1681 εἷς]
1330 1637 1448 1675 τισεις
1477 1628 1527 1668 A.
1859 1624 1863 1628 ⁴

400 1814 480 1860 εἶτ’
505 1817 743 1873 ἐπεισῆγεν
772 1819 953 1873 χορείαν
981 1814 1012 1871 ἢ
1041 1816 1263 1871 τράπεζαν
1293 1816 1525 1871 δευτέραν,

398 1885 473 1927 καὶ
504 1884 734 1940 παρέθηκε
762 1885 990 1940 γέμουσαν
1019 1883 1213 1940 πέμμασι
1242 1885 1558 1934 παντοδαποῖς.

399 1950 459 2003 ὥς
489 1951 532 1994 δ’
558 1954 846 2008 ἐδείπνησαν,
878 1949 1077 2003 συνάψαι
1107 1950 1329 2007 βούλομαι
1357 1950 1443 2006 γὰρ
1473 1950 1557 1994 τᾶν
1585 1952 1720 2008 μέσῳ,

399 2019 473 2063 καὶ
503 2018 616 2070 Διὸς
645 2023 846 2074 σωτῆρος
874 2011 988 2074 ἦλθε
1016 2021 1279 2074 θηρίκλειον
1309 2017 1521 2074 ὄργανον,

348 2097 369 2129 5
399 2089 733 2143 τῆς·τρυφερᾶς
762 2085 850 2130 ἀπὸ
881 2088 1059 2142 Λέσβου
1091 2087 1372 2141 σεμνοπότου
1404 2087 1622 2141 σταγόνος

401 2158 588 2211 πλῆρες,
621 2153 822 2212 ἀφρίζον,
853 2155 1038 2204 ἕκαστος
1068 2153 1269 2211 δεξιτερᾷ
1300 2153 1346 2195 δ’
1368 2155 1544 2217 ἔλαβεν.

396 2263 433 2290 v.
459 2251 494 2289 1.
517 2251 540 2288 2
571 2249 800 2289 Athenaeus
833 2250 896 2300 14,
916 2249 1030 2288 6426.
1055 2244 1348 2298 Ἀντιφάνης..
1368 2245 1430 2288 ,ἐν
1445 2245 1612 2299 Ὁμοίοις
1643 2242 1714 2288 εἶτ’
1738 2245 1840 2288 ἕπει-

285 2317 405 2359 σηγεν
421 2305 772 2352 *παντοδαποῖς
831 2320 869 2347 v.
887 2279 1001 2345 ’3—6
1032 2305 1262 2344 Athenaeus
1285 2306 1350 2353 11,
1360 2306 1474 2345 4716
1503 2301 1739 2356 μνημονεύει
1770 2309 1859 2345 ποῦ’

284 2361 514 2414 ἐκπώματος
544 2360 610 2401 καὶ
635 2356 875 2413 Ἀντιφάνης
907 2359 950 2401 ἐν
965 2357 1131 2412 Ὁμοίοις
1162 2358 1309 2408 οὕτως·
1342 2357 1396 2408 ὥς
1426 2357 1466 2399 δ’
1490 2359 1728 2413 ἐδείπνησαν
1755 2363 1844 2406 κτλ.

286 2421 336 2459 ad
365 2433 488 2459 unum
517 2420 785 2470 fragmentum
808 2419 1012 2459 coniunxit
1031 2419 1265 2458 Meinekius.
1353 2420 1391 2457 3.
1422 2413 1496 2457 τᾶν
1508 2419 1722 2469 Koppiers.
1741 2417 1837 2459 obs.

285 2474 357 2528 50]
390 2473 436 2514 τὰ
467 2477 514 2515 Α.
604 2477 646 2515 5.
678 2470 921 2526 σεμνοπότου
952 2472 1140 2527 Casaub.]
1170 2471 1415 2525 σεμνοπόνου
1445 2475 1495 2513 Α.
1855 2507 1857 2511 «

399 2535 435 2571 1.
468 2529 656 2584 δευτέραν
685 2533 807 2572 etiam
841 2533 891 2571 ad
930 2530 1088 2583 χορείαν
1125 2531 1310 2581 pertinet.
1365 2543 1520 2571 mensas
1554 2532 1659 2570 enim
1691 2531 1858 2581 primas--

284 2591 325 2628 et
354 2589 546 2628 secundas
584 2601 765 2628 sermone
794 2589 960 2628 elatiore
990 2590 1193 2641 tamquam
1223 2587 1411 2637 quasdam
1442 2589 1601 2627 choreas
1621 2587 1844 2638 praedicat

284 2659 322 2685 v.
345 2646 384 2684 2.
406 2646 444 2683 5.
468 2646 491 2684 6
532 2645 779 2695 Antiphanes
817 2647 886 2684 aut
922 2657 970 2684 ex
1002 2638 1108 2684 Cena
1137 2643 1342 2682 Philoxeni
1373 2643 1550 2695 Cytherii
1580 2641 1648 2698 (de
1676 2656 1754 2694 quo

285 2714 386 2751 quae
415 2702 465 2740 ad
495 2701 691 2751 Qqclopem
717 2697 1014 2754 adnotavimus)
1045 2700 1253 2750 descripsit
1282 2702 1351 2739 aut
1380 2701 1429 2740 ad
1458 2701 1722 2740 imitationem
1751 2700 1844 2739 61·

285 2758 520 2807 composuit.
578 2760 771 2808 ceterum,
812 2760 859 2797 ut
903 2757 1123 2797 tetrametri
1162 2757 1351 2796 trochaici
1393 2770 1608 2808 versusque
1652 2747 1847 2807 dactyliw

283 2814 388 2853 inter
424 2826 466 2853 se
501 2815 718 2878 excipiant,
758 2827 795 2854 v.
825 2815 851 2853 5
888 2817 979 2853 ante
1015 2814 1042 2851 4
1077 2813 1282 2863 ponendus
1319 2814 1478 2853 videtur
1515 2816 1556 2852 et
1585 2811 1825 2853 scribendum
1839 2822 1846 2830 ”

284 2865 542 2919 σεμνόποτοι
572 2865 801 2921 σταγόνες.
829 2892 877 2898 -
910 2872 1085 2909 ceterum
1115 2869 1165 2908 cf.
1199 2868 1333 2910 Cobet.
1364 2870 1414 2909 N.
1446 2871 1472 2908 1.
1506 2871 1600 2909 132.
1623 2871 1663 2908 3.
1811 2876 1813 2879 “
1840 2882 1846 2891 “
