1890 3190
310 170 365 212 86
501 167 506 174 ”
933 174 1250 209 ΑΝΤΙΦΑΝΟΤΣ

309 270 408 313 κατὰ
439 272 512 325 τὴν
541 279 626 314 τῶν
654 278 812 314 πολλων
841 280 982 327 χρῆσιν
1007 270 1248 328 Ἀντιφάνης
1278 275 1470 346 κέκληκεν
1498 277 1622 318 εἰπὼν
1648 275 1834 346 ΠαρασίΛ
1857 290 1860 292 ·

311 327 516 383 κάκκαβον
543 353 586 359 --
614 331 819 383 σίττυβον;
878 333 1110 374 Eustathius
1117 335 1298 397 872,14
1327 332 1394 371 καὶ
1424 330 1636 404 ἀρσενικῶς
1665 331 1865 387 animem

311 385 481 439 λέγεται,
512 382 619 426 οἷον·
660 386 888 440 ’κάκκαβον
915 382 1129 439 λέγω,σῦ
1159 385 1198 429 δ’
1221 386 1273 429 οἶν
1302 389 1399 437 ἴσως
1428 389 1554 438 εἴποις
1583 388 1815 443 λοπάδα,τ
1858 425 1863 438 .

313 442 379 482 καὶ
409 442 635 495 σίττυβονῇ
672 441 726 492 ὥς
757 444 875 495 δηλοῖ
899 442 1086 515 ἐπαχθέν,
1104 444 1146 485 τὸ
1184 444 1291 498 εἐμοὶ
1321 444 1365 486 δὲ
1394 444 1567 498 τοῦνομα
1596 444 1644 486 οὐ
1673 445 1866 502 διαφέρε

315 499 392 539 ει’τε
423 496 628 552 κάκκαβον
658 497 897 552 ὀνομάζουσι’
923 515 1024 548 τινες
1054 500 1131 542 εἴτε
1161 502 1386 554 σίττυβονῆ
1453 505 1492 543 5.
1524 500 1676 543 λοπαδα
1706 507 1748 544 et
1775 502 1848 545 τοῧ
1862 498 1868 527 ’-

315 552 629 660 ἔὲἴσιέᾉΊ
636 557 883 609 ,χαίρουσιν
913 553 1167 609 ὀνομάζοντες
1197 561 1230 598 Β
1261 562 1302 599 et
1330 556 1455 614 P011.]
1494 560 1693 614 χαίροντες
1722 557 1847 613 ὄνομα
1860 579 1867 637 *¹

428 671 466 708 2.
498 668 749 721 ἰσοτράπεζος
788 672 981 711 ‘fortasse
1022 685 1068 711 ex
1098 673 1305 717 Philoxeni
1337 672 1442 712 Cena
1471 673 1617 713 Athen.
1648 675 1866 723 4‚147b’.

317 727 438 765 Mein.
471 725 721 778 ἰσοτράπεζος
752 724 840 774 όλος
873 733 1005 778 νῆστις
1038 723 1233 768 συνόδων.
1293 742 1366 779 pro
1388 724 1567 793 εὐγενής
1572 730 1663 769 vide
1691 744 1744 770 an
1774 731 1871 771 seri

314 783 486 821 bendum
524 785 578 823 sit
617 779 838 832 εὐπινής.
894 785 941 826 cf.
981 784 1131 824 cratin.
1162 786 1257 824 414.
1375 787 1412 824 3.
1452 780 1659 836 Καρύστου
1694 784 1772 838 θρέ

316 840 396 878 olla
426 839 621 889 Carystia.
654 841 814 880 Matron
834 841 978 882 Athen.
998 842 1038 891 4,
1063 843 1174 881 135e
1205 835 1329 891 αὐτὰρ
1359 838 1432 879 ἀπ’
1454 837 1647 894 Εὐβοίης
1661 839 1841 883 λοπάδε
1855 863 1872 885 s.

320 894 430 934 τόσαι
461 893 703 946 ἐστιχόωντο.
762 895 947 948 γηγενής,
979 898 1083 936 idem
1116 899 1222 948 quod
1251 895 1367 945 κύτος
1397 896 1572 938 πλαστὸν
1593 896 1636 938 ἐκ
1655 899 1770 951 γαίας
1801 901 1870 951 52

317 953 354 991 2.
378 954 415 991 3.
468 949 683 1004 κάκκαβος,
715 954 836 1004 vulgo
868 952 1063 1005 κακκάβη.
1111 955 1162 994 ef.
1193 968 1294 1005 quae
1323 955 1599 995 adnotavimus
1629 956 1677 995 ad
1707 957 1864 1005 Νἰοοεὼ,

321 1010 385 1047 14.
477 1010 514 1046 4.
549 1006 699 1060 ὕπαγε,
723 1022 841 1060 perae
871 1010 1010 1049 dicere
1062 1011 1112 1050 cf.
1146 1012 1268 1051 Arist.
1300 1011 1400 1050 Ran.
1435 1013 1526 1050 174.

1051 1176 1131 1219 183

1031 1260 1103 1308 οἷα
1133 1264 1179 1307 δ’
1203 1264 1326 1309 ἐστὶν
1357 1263 1494 1309 οἶσθα
1525 1266 1598 1321 σύ,

485 1333 640 1387 γύναι·
674 1333 897 1387 σκόροδα,
929 1332 1085 1388 τυρός,
1117 1336 1418 1387 πλακοῦντες,
1451 1335 1688 1390 πράγματα

487 1398 726 1456 ἐλευθέρι’,
757 1399 812 1443 οὐ
841 1400 1039 1456 τάριχος,
1072 1399 1171 1443 οὐδ’
1191 1399 1449 1456 ἡδύσμασιν
1680 1419 1684 1422 ’

489 1466 646 1523 ἀρνεῐα
677 1467 1082 1524 καταπεπλησμέν’,
1114 1468 1220 1512 οὐδὲ
1248 1469 1504 1524 θρυμματὶς

439 1545 460 1576 5
491 1536 794 1591 τεταραγμένη
825 1536 901 1578 καὶ
931 1536 1146 1591 λοπάδες,
1179 1534 1440 1590 ἀνθρώπων
1470 1541 1655 1593 φθοραί.

491 1603 567 1645 καὶ
596 1601 686 1658 μὴν
716 1603 948 1658 ῥαφάνους
977 1602 1020 1658 γ’
1045 1602 1205 1656 ἕψουσι
1236 1604 1448 1659 λιπαράς,
1480 1597 1517 1646 οῗ
1545 1608 1669 1660 θεοί,

488 1673 614 1721 ἔτνος
642 1669 690 1713 θ’
715 1669 790 1726 ἅμ’
814 1670 967 1722 αὐτοῖς
996 1674 1192 1714 πίσινον.

435 1766 660 1806 Athenaeus
692 1767 738 1816 9,
761 1766 873 1805 3700
907 1760 1148 1816 Ἀντιφάνης
1178 1760 1216 1802 δ’
1240 1761 1283 1804 ἐν
1313 1765 1528 1820 Παρασίτῳ
1557 1763 1612 1813 ὦς
1641 1763 1872 1809 εὖτελοῦ

319 1820 583 1875 βρωματος
614 1827 703 1873 τῆς
733 1819 957 1873 κράμβης
987 1819 1179 1872 μέμνηται
1210 1819 1254 1860 έν
1281 1821 1432 1869 τούτοις
1462 1825 1544 1862 κτλ.
1636 1826 1672 1863 1.
1705 1819 1754 1864 σύ
1781 1826 1849 1866 ad·

320 1880 367 1918 L.
477 1881 515 1917 2.
531 1892 668 1936 γυναι
697 1881 760 1917 τοῐ
768 1877 1073 1943 σκοροδατυρος
1103 1880 1152 1930 A,
1183 1880 1287 1918 unde
1318 1880 1437 1918 Mein.
1467 1881 1511 1918 in
1540 1880 1685 1920 Athen.
1717 1882 1779 1921 ed.
1810 1896 1832 1922 ο
1857 1904 1871 1915 ι4

319 1932 358 1974 δ’
382 1931 478 1985 ε”,στ
509 1929 634 1985 οἷσθ’,
666 1929 698 1973 ὠ
727 1929 859 1987 γύναι,
886 1937 891 1982 Ι
917 1929 1079 1986 α’ρτοι,
1111 1933 1296 1985 σκόροδα.
1375 1937 1414 1975 3.
1446 1933 1675 1988 ἐλευθεριον
1703 1939 1754 1977 A.
1833 1940 1868 1978 4⁷

319 1988 740 2042 καταπεπλησμενουδὲ
769 1993 981 2043 θριμματις
1010 1991 1060 2031 A.
1120 1993 1144 2031 3
1165 1994 1206 2031 et
1225 1994 1251 2030 4
1272 1993 1498 2032 emendavit
1519 1994 1730 2044 Tyrwhitt.
1751 1995 1871 2047 Toup*

319 2049 485 2087 Emend.
517 2061 585 2087 1111
615 2049 710 2087 422.
775 2044 1137 2097 καταπεπασμέν’
1162 2042 1257 2086 οὐδὲ
1285 2045 1437 2088 Iacobs.
1487 2049 1713 2101 θρυμματὶς
1741 2052 1788 2091 L.
1851 2094 1854 2098 ⁴

322 2107 359 2144 6.
391 2101 537 2154 ἕψουσι
568 2101 618 2156 Ρ]
652 2102 824 2153 ἕψοῦσιν
853 2106 901 2145 A.
991 2106 1028 2144 7.
1061 2101 1108 2141 θ’
1129 2101 1202 2155 ἅμ’
1227 2103 1414 2156 casaub]
1448 2102 1580 2155 θαῦμ’
1603 2107 1651 2146 A.
1717 2103 1854 2156 αὐτοῖς

321 2157 462 2207 αὐταῖς
491 2161 611 2199 Mein.

433 2230 495 2256 res
525 2218 651 2256 libero
682 2218 768 2256 viro
799 2217 939 2267 dignas
979 2223 1062 2256 esse
1095 2230 1191 2267 quas
1220 2230 1300 2256 non
1331 2218 1496 2267 adpetat
1524 2218 1642 2258 homo
1671 2221 1805 2260 mollis
1836 2235 1856 2260 e

322 2274 558 2313 delicatulus
587 2275 724 2312 monet
754 2273 1157 2323 Schweighaeuserus.
1242 2274 1283 2312 4.
1312 2270 1465 2326 άρνεῖα.
1495 2275 1669 2315 Lobeek.
1698 2276 1857 2328 Paralip

325 2331 407 2369 323
437 2333 521 2369 not.
608 2330 776 2370 Photius
813 2329 1114 2381 θρυμματίς·
1151 2328 1354 2381 σκεύασμα
1383 2330 1450 2370 διὰ
1482 2328 1638 2378 στέατος
1667 2329 1735 2370 καὶ
1765 2343 1867 2385 σεμι

324 2385 472 2433 ὁάλεως
509 2383 576 2424 καὶ
615 2385 876 2425 συκαλλίδων
995 2387 1034 2426 5.
1065 2385 1339 2438 τεταραγμένη.
1390 2389 1438 2427 of.
1471 2388 1626 2438 Amips.
1660 2390 1725 2428 18.
1784 2403 1865 2431 eru·

325 2445 491 2494 simplex
523 2445 562 2482 et
590 2456 729 2494 pareus
759 2443 966 2493 coniugem
996 2443 1110 2483 iubet
1143 2457 1279 2483 cenam
1309 2457 1390 2483 non
1420 2445 1694 2494 sumptuosam
1722 2459 1855 2495 parat

322 2514 416 2539 nam
447 2514 482 2539 v.
507 2501 530 2538 6
562 2500 646 2538 sine
675 2499 795 2538 dubio
818 2500 1068 2539 sciibendum
1090 2503 1149 2539 est
1169 2498 1377 2551 ραφάνους
1407 2497 1573 2549 πέψον
1603 2499 1661 2539 σύ
1691 2499 1864 2571 λιπαράς

323 2560 364 2596 et
405 2557 446 2595 in
475 2556 571 2606 fine,
611 2569 700 2595 eum
731 2556 960 2596 Athenaeus
991 2557 1233 2606 Antiphanis
1263 2557 1398 2607 ecloga
1426 2559 1584 2606 utatur,
1625 2559 1670 2596 ut
1699 2571 1790 2598 eum
1826 2578 1832 2592 ι
1859 2570 1866 2587 ⁵

324 2610 506 2658 εὐτελοῦς
534 2608 740 2664 βρώματδς
770 2617 843 2661 τῆς
863 2611 1042 2663 κράμβης
1063 2614 1293 2653 meminisse
1314 2613 1570 2662 demonstiffet
1603 2615 1645 2653 in
1665 2615 1721 2654 eis
1741 2617 1861 2668 aut-22

325 2682 423 2719 quae
453 2670 568 2708 hodie
600 2670 750 2718 scripta
779 2669 969 2718 leguntur
997 2682 1047 2708 ne
1078 2670 1230 2720 syllaba
1258 2670 1416 2719 quidem
1446 2671 1493 2709 de
1522 2671 1678 2710 crambe
1698 2670 1863 2711 inve'.

324 2729 403 2778 tur,
436 2726 658 2765 addendum
689 2720 719 2774 ἢ
747 2721 970 2776 κράμβην
999 2724 1127 2764 τινά.
