1864 3204
450 220 720 255 ΠΛΤΡΙΩῬΑΙ
747 240 786 245 -
812 222 1019 258 ΑΔΗΛῼΝ
1044 225 1313 260 ΔΡΛΜΑΤΩΝ
1576 225 1658 282 227

632 369 1112 406 ΨΕΤΔΟΣΤῙΓΜΑΤΙΑΣ

849 450 904 492 26

971 505 1046 549 καὶ
1075 506 1134 550 σύ
1163 508 1249 563 μὲν

263 568 349 626 τὴν
379 571 598 627 δευτέραν
626 572 851 627 τράπεζαν
883 572 1078 630 εὐτρεπῆ
1108 578 1239 618 ποίει.

263 636 492 695 κόσμησον
522 637 665 696 αὐτὴν
695 641 1003 693 παντοδαποῖς
1032 643 1329 699 τραγήμασιν,

261 707 425 762 μύρον,
456 708 733 764 στεφάνους,
765 709 1044 766 λιβανωτόν,
1076 708 1327 768 αὐλητρίδα
1358 716 1481 769 λαβέ.

204 802 436 843 Athenaeus
460 804 684 852 15‚6850d
714 800 739 854 ἡ
772 801 818 843 δὲ
847 810 928 844 ταῖν
958 795 1170 856 στεφάνων
1200 806 1267 846 καὶ
1294 807 1435 860 μύρων
1461 793 1657 862 ’πρότερον

90 856 243 906 εἴσοδος
274 858 329 906 εἰς
360 857 406 898 τὰ
436 857 637 911 συμπόσια
666 857 799 914 ἡγεῖτο
819 866 892 912 τῆς
912 861 1100 914 δευτέρας
1121 863 1335 916 τραπέζης,
1367 861 1425 912 ὣς
1445 865 1657 918 παρίστησι

92 913 366 968 Νικόστρατος
395 914 439 955 ἐν
464 914 808 972 Ψευδοστιγματίᾳ
840 918 905 957 διὰ
936 917 1086 959 τούτων
1117 923 1199 961 κτλ.
1291 924 1327 962 2.
1361 919 1545 975 εὐτρεπῆ,
1576 938 1656 964 non

90 969 270 1024 εὐπρεπῆ
298 974 345 1012 Α.
435 975 575 1026 λαβεῖν
603 978 666 1014 est
695 989 817 1015 emere
846 979 888 1017 et
917 979 1136 1018 conducere.

615 1111 821 1145 ΑΔΗΛΩΝ
846 1112 1114 1147 ΔΡΑΜΑΤΩΝ

840 1190 894 1233 27

320 1268 362 1311 εἰ
388 1266 439 1310 τὸ
471 1271 674 1324 συνεχῶς
704 1269 779 1312 καὶ
809 1271 955 1313 πολλοὶ
987 1270 1063 1314 καὶ
1092 1273 1258 1328 ταχέως
1288 1276 1445 1317 λαλεῖν

317 1330 379 1392 ἦν
408 1338 490 1379 τοῦ
521 1344 713 1393 φρονεῖν
742 1337 1028 1394 παράσημον,
1061 1340 1112 1382 αἱ
1137 1341 1366 1396 χελιδόνες

320 1403 523 1459 ἐλέγοντ’
545 1403 605 1448 ἂν
633 1404 763 1462 ἡμῶν
793 1409 1162 1463 σωφρονέστεραι
1191 1410 1322 1453 πολύ.

201 1497 394 1538 Stobaeus
425 1500 562 1540 Floril.
594 1501 667 1552 36,
693 1503 717 1540 8
756 1499 1032 1554 Νικοστράτου
1069 1503 1121 1542 A.
1180 1504 1414 1545 Boissonad.
1448 1506 1597 1546 Aneed.
1633 1507 1652 1545 Ι

90 1555 183 1594 114.
214 1556 415 1596 Antonius
445 1558 539 1598 Mel.
561 1558 628 1609 95,
653 1560 747 1609 157,
779 1560 848 1598 ubi
877 1562 972 1610 post
1002 1559 1039 1599 εἰ
1066 1561 1257 1600 inseritur
1287 1560 1355 1600 ἐπί
1380 1566 1421 1602 et
1451 1577 1489 1602 v.
1513 1565 1538 1601 3
1570 1561 1649 1602 ἕλε’-

83 1617 195 1674 γοντ’
216 1618 269 1662 ἀν
288 1620 406 1675 ἡμῶν
425 1625 714 1678 φρονιμώτεροι
735 1641 813 1667 om.
835 1627 953 1666 πολύ.
1023 1629 1061 1668 2.
1083 1622 1287 1683 παράσηῖί)
1305 1631 1353 1671 Α.
1415 1633 1453 1670 3.
1477 1628 1650 1683 ἐγένοντ’

84 1682 126 1719 et
155 1677 457 1734 ἕμφρονέστεραι
486 1685 610 1723 Mein.
641 1684 678 1721 V
708 1696 800 1724 cxc.

836 1795 892 1838 28

358 1870 465 1915 ὀὐκ
497 1875 620 1916 ἔστιν
650 1871 772 1923 ὅστις
801 1872 935 1916 πάντ’
958 1873 1074 1931 ἀνὴρ
1106 1873 1397 1931 εὐδαιμονεῖ)

355 1939 411 1996 νὴ
443 1940 527 1995 τήν
553 1939 754 1996 Ἀθηνᾶν
785 1942 1021 1998 συντόμως
1049 1958 1122 1997 γε,
1156 1947 1343 1999 φίλτατε

356 2007 607 2064 Εὐριπίδη,
639 2007 719 2051 τὸν
749 2011 852 2064 βίον
883 2011 1053 2065 ἔθηκας
1084 2012 1147 2062 εἰς
1177 2014 1343 2068 στίχον.

198 2102 394 2142 Stobaeus
425 2103 561 2142 Floril.
596 2104 696 2152 105,
719 2104 773 2143 48
813 2103 1092 2154 Νικοστράτου
1131 2108 1179 2146 Α.
1241 2108 1380 2148 Arsen.
1413 2107 1518 2147 Viol.
1553 2110 1648 2149 372.

83 2159 120 2196 2.
153 2154 190 2209 γ’
215 2152 248 2198 οἷ
279 2174 323 2209 φ.
357 2160 536 2202 Bothius.
569 2183 623 2188 —
655 2161 704 2199 cf.
737 2161 876 2212 Eurip.
899 2162 948 2202 fr.
970 2163 1037 2203 46.
1062 2164 1144 2203 662
1165 2163 1216 2203 N.
1256 2165 1378 2206 Arist.
1400 2165 1498 2207 Ran.
1527 2167 1647 2205 1217.

535 2355 614 2416 ἀρ’
636 2357 759 2404 οἷσθ’
783 2361 851 2405 ὅτι
881 2364 959 2418 τῆς
988 2366 1144 2415 πενίας
1175 2362 1318 2408 ὅπλον

353 2424 380 2483 ἡ
412 2431 660 2485 παρρησίας
691 2430 861 2485 ταύτην
894 2430 975 2474 έάν
1004 2446 1072 2482 τις
1100 2429 1314 2490 ἀπολέσῃ,

352 2494 434 2550 τήν
465 2495 620 2540 ἀσπίδ’
643 2496 954 2554 ἀποβέβληκεν
983 2492 1116 2551 οὗτος
1143 2503 1226 2543 τοῦ
1255 2503 1374 2556 βίου.

195 2589 357 2630 Stobaei
388 2592 492 2642 App.
525 2593 631 2631 Flor.
664 2594 731 2641 21,
755 2593 807 2630 24
839 2588 896 2646 (p.
920 2594 973 2633 29
1004 2593 1166 2646 Gaisf.).
1230 2599 1266 2635 1.
1299 2594 1422 2635 ὅπλον
1452 2595 1556 2635 ἐστὶν
1587 2594 1612 2648 ἡ
1638 2596 1643 2651 Ι

81 2660 197 2698 παρρ.
230 2647 352 2686 Mein.
374 2648 417 2687 in
437 2648 552 2687 Stob.
603 2641 671 2700 ἀρ’
695 2643 804 2686 οἶσθ’
829 2646 890 2688 ὄτι
918 2649 1088 2703 {amulag
1119 2649 1243 2691 ὅπλον
1271 2650 1456 2704 μέγιστον
1489 2649 1511 2703 ἡ
1543 2667 1642 2706 παρ-

82 2702 221 2754 ρησίας
249 2704 254 2753 Ι
281 2702 433 2754 ταύτην
452 2727 507 2732 —
526 2701 722 2758 ἀπολέσῃ,
759 2705 799 2744 τί
830 2704 927 2746 ἄλλο
963 2703 1005 2758 γ’
1037 2704 1068 2757 ἢ
1107 2710 1189 2748 κτλ.
1220 2710 1341 2748 Mein.
1375 2710 1487 2750 Stob.
1517 2713 1643 2761 praef.

81 2773 209 2801 xxxn.
258 2753 325 2812 ἀρ’
348 2754 460 2798 οἶσθ’
484 2758 545 2799 ὅτι
575 2764 648 2810 τῆς
678 2775 721 2799 π.
754 2759 878 2802 ὅπλον
905 2764 1102 2816 παρρησία
1127 2764 1135 2816 Ι
1159 2762 1328 2817 ἄριστόν
1349 2763 1469 2810 ἑστινς
1499 2763 1554 2817 ἣν
1574 2765 1645 2807 ε’ἀν

83 2829 141 2862 τις
171 2817 253 2855 κτλ.
284 2817 488 2857 Herwerd.
519 2818 620 2858 Nov.
653 2819 746 2859 add.
777 2820 863 2860 crit.
897 2822 963 2861 26.
1015 2835 1060 2860 ae
1100 2822 1198 2860 talia
1229 2823 1444 2873 excogitari
1475 2828 1643 2874 possunt

81 2876 276 2913 sexcenta.

1306 2947 1371 2979 15*
