1890 3190
473 199 758 233 ΑΦΡΟΔΙΊἭΣ
783 198 931 232 ΓΟΝΛῘ
955 216 996 223 -
1016 198 1216 233 3019le
1566 197 1623 238 35

747 300 930 334 ΒΑΚΧΑῙ

813 366 869 408 56

267 444 365 490 ἐπεὶ
394 446 445 489 δὲ
474 443 600 489 τοῦτ’
626 443 711 487 οὐκ
743 447 859 499 ἔστι,
891 445 1180 500 κακοδαίμων
1210 444 1389 499 σφόδρα

201 522 208 527 ”
263 512 384 565 ὅστις
413 521 548 569 γαμεῖ
572 519 796 568 γυναῖκα,
828 511 949 568 πλὴν
981 513 1032 555 ἐν
1061 519 1154 562 τοῖς
1184 512 1409 562 Σκύθαις·

264 581 361 625 ἐκεῖ
384 581 528 637 μόνον
557 579 644 636 γὰρ
675 578 775 635 οὐχὶ
805 579 936 635 φύετ’
958 578 1170 636 ἄμπελος.

172 675 402 718 Athenaeus
435 676 502 726 10,
524 676 602 714 441
624 675 649 714 d
676 669 918 725 Ἀντιφάνης
952 671 1127 724 Βάκχαις
1158 675 1240 713 κτλ.
1365 676 1402 712 1.
1434 671 1484 724 δὴ
1515 675 1564 714 A.
1608 666 1611 669 Δ

61 734 103 776 3.
133 727 224 785 οὐχὶ
252 730 394 785 Mein]
427 728 474 771 οὐ
505 733 553 772 A.
671 726 790 781 φύετ’
821 729 918 782 VL]
953 728 1097 780 φύεται
1128 731 1178 772 Α.
1294 727 1377 769 ἐπεὶ
1407 726 1514 768 τοῦτ’
1549 725 1622 769 οὐκ

31 834 35 838 ,
60 786 168 842 ἔστι,
198 789 270 830 Le.
293 789 408 829 ‘cum
438 789 534 830 vitis
563 788 776 839 exstirpari
805 801 886 827 non
916 787 1071 838 possit',
1105 791 1175 825 aut
1206 789 1312 826 ‘cum
1343 788 1428 826 sine
1449 788 1624 826 mulieri-

0 871 3 899 ς
60 848 136 888 bus
172 847 254 887 vivi
291 859 372 886 non
408 846 574 897 possit’.
633 846 799 885 Aristot.
831 845 948 884 Anal.
980 847 1084 895 post.
1110 846 1153 894 1,
1179 845 1229 882 12
1262 841 1306 882 ἕν
1336 839 1521 889 Σκύθαις
1551 838 1625 883 οὐκ

61 901 163 945 εἰσὶν
189 898 447 956 αὐλητρίδες,
478 897 572 941 οὐδὲ
601 900 677 953 γὰρ
706 899 887 954 ἄμπελοι.
919 899 1080 953 (Mein.)

725 1023 958 1059 ΒΑΤΑΛΟΣ

173 1096 238 1137 cf.
270 1096 440 1136 Meinek.
471 1096 492 1135 I
522 1096 747 1136 334-336
785 1098 828 1135 et
863 1107 966 1146 quae
1004 1107 1124 1145 supra
1160 1094 1211 1133 ad
1243 1090 1430 1144 Αὐλητοῦ
1461 1094 1623 1133 titulum

63 1154 358 1195 adnotavimus.
814 1206 869 1248 57
1612 1157 1614 1159 ’

176 1289 415 1330 Plutarchus
444 1289 653 1329 Demosth.
683 1289 710 1327 4
739 1282 794 1340 ἦν
823 1284 861 1325 δ’
893 1283 915 1326 ὁ
948 1285 1141 1336 Βάταλος,
1175 1282 1230 1333 ὥς
1258 1284 1331 1338 μὲν
1361 1284 1461 1325 ἔνιοί
1488 1295 1628 1336 φασιν,

62 1342 239 1400 αὐλητὴς
269 1352 352 1386 τῶν
381 1344 652 1399 κατεαγότων·
685 1343 753 1383 καὶ
775 1341 989 1397 δραμάτιον
1010 1343 1066 1391 εἰς
1085 1348 1242 1394 τοῦτον,
1272 1342 1473 1397 κωμῳδῶν
1492 1338 1630 1390 αὐτόν,

61 1400 304 1455 Ἀντιφάνης
333 1402 564 1454 πεποίηκεν.
615 1403 798 1454 Hedylus
818 1403 1038 1442 Alexandr.
1062 1401 1210 1440 Athen.
1232 1401 1272 1452 4,
1298 1401 1413 1439 176d
1442 1397 1554 1450 ηὔλει
1586 1396 1631 1437 δὲ

67 1458 204 1557 {egam
233 1457 255 1500 ὅ
284 1454 501 1511 μόναυλος)
535 1454 724 1509 Γλαύκης
754 1456 1035 1511 μεμεθυσμένα
1055 1457 1221 1509 παίγνια
1245 1454 1542 1509 ΜουσέωνΙκαὶ
1563 1454 1631 1494 τὸν

91 1534 116 1558 ν
143 1514 329 1571 ἀκρήτοις
366 1514 562 1556 Βάτταλον
590 1510 813 1567 ἡδυπότην.

747 1639 954 1674 ΒΟῙΩΤΙΣ

185 1723 251 1763 Sic
280 1723 439 1762 demum
468 1724 578 1762 recte
609 1721 841 1761 inscribitur
869 1720 1015 1770 fabula,
1045 1732 1126 1759 non
1148 1716 1318 1757 Βοιωτία
1338 1723 1409 1757 aut
1431 1715 1631 1763 Βοιώτιος.

67 1780 209 1820 Boeoti
230 1779 339 1819 enim
358 1779 518 1819 Graecis
548 1782 642 1818 sunt
663 1776 849 1828 Βοιωτοί,
879 1790 960 1817 non
982 1774 1163 1815 Βοιώτιοι
1193 1775 1407 1826 (siquidem
1442 1771 1630 1820 Βοιώτιος

66 1840 113 1877 ut
144 1830 355 1883 Βοιωτικός
385 1847 543 1886 semper
573 1838 637 1875 est·
663 1828 936 1888 adiectivumf,
969 1834 1156 1872 mulieres
1186 1832 1376 1871 Boeotiae
1409 1828 1633 1879 Βοιωτίδες,

68 1907 92 1933 a
122 1893 338 1944 provinciis
368 1896 501 1933 autem
547 1892 755 1943 oppidisve
797 1889 935 1943 (Mein.
968 1890 988 1929 I
1019 1887 1122 1944 323)
1152 1889 1444 1928 comoediarum
1474 1888 1635 1927 nomina

67 1963 288 2002 numquam
327 1949 455 2000 petita
493 1951 600 1990 sunt.
662 1949 724 1988 bis
754 1948 951 1988 Athenaei
983 1948 1018 1986 A
1052 1944 1250 1997 Βοιωτίῳ,
1280 1946 1342 1985 bis
1372 1941 1514 1998 (semel
1545 1957 1632 1983 cum

68 2003 252 2061 Polluce)
290 2006 480 2061 Βοιωτίας
532 2007 747 2056 utrumque
784 2007 915 2044 ortum
953 2007 1013 2043 est
1050 2017 1097 2042 ex
1128 2000 1325 2042 Βοιωτίδι.
1394 2014 1439 2040 ac
1469 2000 1634 2051 perinde

69 2064 281 2115 Theophili
302 2066 344 2103 et
363 2063 584 2114 Menandri,
619 2062 789 2102 fortasse
820 2062 941 2101 ctiam
972 2060 1125 2111 Aquilii
1155 2054 1225 2113 (cf.
1246 2058 1296 2098 O.
1314 2058 1505 2097 Ribbeck.
1523 2056 1635 2096 Com.

70 2120 185 2160 Rom.
218 2118 291 2159 fr.²
320 2133 359 2171 p.
383 2116 457 2175 33)
487 2119 642 2159 fabulas
672 2119 944 2158 inscribendas
974 2130 1059 2157 esse
1090 2116 1276 2155 arbitror.

132 2309 227 2366 [καὶ
256 2309 359 2366 περὶ
389 2310 472 2366 μὲν
503 2306 620 2360 ὄψου
649 2307 692 2364 γ’
712 2306 896 2364 ἠλίθιον
925 2307 976 2350 τὸ
1006 2305 1082 2348 καὶ
1112 2306 1260 2359 λέγειν

131 2377 282 2434 ὥσπερ
312 2377 426 2434 πρὸς
455 2375 742 2432 ἀπλήστους]
804 2373 919 2418 ἀλλὰ
949 2374 1078 2417 ταυτὶ
1108 2373 1335 2427 λάμβανε,

131 2446 359 2502 παρθένε,
390 2444 445 2489 τὰ
474 2446 605 2501 μῆλα.
655 2447 706 2487 Β.
739 2443 855 2486 καλά
883 2458 947 2498 γε.
998 2445 1052 2484 Α.
1084 2440 1200 2483 καλὰ
1232 2437 1349 2494 δῆτ’,
1380 2433 1418 2481 ὦ
1446 2440 1566 2481 θεοί·

131 2515 294 2558 νεωστὶ
322 2513 408 2570 γὰρ
439 2511 490 2556 τὸ
520 2512 695 2568 σπέρμα
725 2509 846 2554 τοῦτ’
869 2509 1120 2566 ἀφιγμένον

99 2592 120 2623 ὅ
143 2583 206 2633 εἰς
234 2582 316 2633 τὰς
339 2576 532 2638 Ἀθήνας
564 2581 658 2623 ἐστὶ
687 2577 809 2635 παρὰ
839 2581 921 2621 τοῦ
950 2576 1181 2633 βασιλέως.

133 2653 182 2696 Β.
212 2648 319 2705 παρ’
346 2648 636 2704 Ἑσπερίδων,
668 2646 796 2704 ᾤ’μην
824 2661 889 2701 γε.
939 2650 995 2688 A.
1028 2644 1083 2700 νὴ
1115 2643 1199 2699 τήν
1230 2641 1504 2697 Φωσφόρον,

134 2717 275 2774 φησὶν
304 2714 358 2760 τοὶ
388 2718 535 2772 χρυσᾶ
564 2718 683 2772 μῆλα
713 2712 839 2758 ταῦτ’
864 2710 991 2758 εἶναι.
1044 2716 1091 2755 Β.
1123 2714 1224 2766 τρία

132 2785 277 2841 μόνον
308 2785 444 2828 ἐστίν.
495 2787 550 2827 A.
581 2781 736 2838 ὀλίγον
768 2783 862 2827 ἐστὶ
892 2782 943 2824 τὸ
975 2779 1116 2823 καλὸν
1146 2779 1376 2832 πανταχοῦ

133 2852 210 2896 καὶ
239 2855 402 2909 τίμιον.

1323 2917 1342 2947 3
1351 2913 1368 2932 ι
