1864 3204
595 213 894 250 ΛΤΡοηοῐοΣ
919 233 958 240 -
987 216 1203 251 Nsso'r‘rn:
1598 216 1683 259 269

780 318 817 351 Μ
821 318 846 352 Α
853 318 1019 353 ΓΕΙΡΟῙ

233 398 421 439 Fortasse
452 387 813 464 Athenaei-errore
842 400 1037 439 Anaxilae
1068 400 1234 440 tributa.
1285 402 1406 441 Mein.
1435 401 1457 440 ·1
1487 402 1585 441 409.

870 510 924 552 19

340 592 432 632 τῶν
463 589 696 644 Αἰσχύλου
727 587 846 632 πολύ
874 591 1050 643 μᾶλλον
1081 586 1202 633 εἶναι’
1226 606 1302 645 μοι
1333 591 1464 634 δοκεῖ

341 654 507 712 ἰχθύδι’
532 655 685 700 ὀπτᾶν.
738 659 788 699 Β.
820 659 866 699 τί
893 655 951 698 σύ
983 658 1145 711 λέγειςς
1178 659 1388 713 ίχθύδια;

342 727 579 767 συσσίτιον
607 725 783 779 μέλλεις
810 726 1102 780 νοσηλεύειν;
1134 723 1243 769 ὅσον

340 790 583 846 ἀκροκώλι’
606 793 737 843 ἕψειν
777 827 786 837 .
834 828 843 836 .
891 827 901 837 .
941 793 1107 849 ῥύγχη,
1139 795 1292 846 πόδας.

231 886 460 926 Athenaeus
482 888 519 937 3,
540 888 628 926 95b
659 887 797 926 ποδῶν
827 902 865 926 τε
895 886 962 926 καὶ
993 883 1165 939 ὠτίων,
1196 883 1252 927 ἔτι
1282 886 1327 928 δὲ
1357 887 1530 942 ῥύγχους
1560 887 1678 945 (μνη-

115 939 293 998 μονεύει)
321 939 526 991 Ἀναξίλας
557 943 780 996 Μαγείροις
811 947 893 984 κτλ.
994 947 1032 983 1.
1063 945 1231 997 μᾶλλον]
1263 947 1398 995 μεῖζον
1427 948 1550 987 Dobr.
1639 950 1679 988 4.

117 997 235 1048 ἓψεῖν
264 1003 312 1039 A.
364 997 481 1050 ἕψειν
509 995 685 1049 κρεῖττόν
716 999 816 1051 ἐστι,
848 1000 990 1053 ῥυγχία
1017 1002 1023 1053 Ι
1048 1001 1177 1049 πόδας
1208 1003 1329 1043 Mein.
1350 1005 1467 1044 Anal.
1491 1006 1586 1045 Ath.
1609 1006 1677 1045 43.

116 1059 201 1095 tum
233 1070 271 1096 v.
290 1059 314 1096 3
345 1070 504 1096 necesse
534 1061 621 1097 erat
651 1059 768 1098 scribi
800 1056 823 1096 ὅ
833 1069 910 1112 σῳ.
935 1082 987 1088 -
1018 1073 1056 1099 v.
1083 1062 1102 1097 1
1136 1060 1194 1098 ita
1224 1060 1498 1112 intellegatur,
1531 1063 1565 1101 si
1585 1063 1681 1102 haec

117 1113 198 1153 sere
227 1115 486 1154 antecessisse
516 1117 737 1155 statuamus
767 1120 840 1153 τοῦ
868 1120 947 1154 νῦν
975 1111 1203 1167 ἀκροᾶσθαι
1233 1115 1442 1167 σύμφορον
1471 1123 1552 1157 τῶν
1582 1118 1678 1171 δρα-

115 1168 252 1220 μάτων
277 1170 284 1221 Ι
309 1174 391 1209 τῶν
423 1170 539 1222 Λίσχ.
573 1174 655 1210 κτλ.
707 1172 917 1223 Theophil.
940 1174 978 1223 8,
1002 1174 1039 1212 2.
1060 1175 1084 1212 3
1115 1173 1271 1213 confert
1301 1175 1537 1216 Meinekius.
1582 1187 1679 1215 συσ-

115 1226 241 1265 σίτιον
270 1228 371 1267 dixit
398 1240 470 1278 pro
500 1227 724 1276 συσσίτους.
812 1243 851 1268 v.
882 1230 909 1268 4
939 1242 985 1269 ex
1016 1230 1163 1269 Athen.
1194 1231 1448 1271 inserendum
1479 1229 1587 1275 αἰτία.

308 1379 316 1401 x
725 1353 1071 1388 ΜΟΝΟΤΡΟΠΟΣ

229 1432 419 1472 Fortasse
450 1433 722 1484 Phrynicheae
753 1434 910 1474 fabulae
941 1435 1074 1485 aliquo
1104 1437 1224 1476 modo
1255 1434 1399 1477 similis
1430 1438 1520 1479 fuit.

872 1545 929 1588 20

387 1626 470 1665 τοῦ
501 1624 720 1677 κεστρέως
751 1625 1055 1680 κατεδήδοκεν
1085 1624 1134 1669 τὸ
1168 1629 1359 1682 κρανίον

388 1689 650 1746 ἀναρπάσας
680 1692 870 1748 Μάτων,
903 1691 992 1748 ἐγώ
1025 1692 1068 1736 δ’
1093 1692 1361 1752 ἀπόλλυμαι.

229 1785 459 1824 Athenaeus
501 1787 537 1834 7,
569 1787 682 1826 3070
720 1782 927 1835 Ἀναξίλας
968 1785 1013 1827 ἐν
1054 1786 1304 1844 Μονοτρόπῳ
1338 1788 1562 1830 Μάτωνα
1594 1789 1679 1831 τὸν

116 1839 369 1892 σοφιστὴν
388 1839 452 1880 ἐπὶ
483 1842 767 1897 γαστριμαργίᾳ
789 1840 1013 1896 διαβάλλων
1033 1845 1137 1896 φησί
1153 1848 1234 1888 κτλ.
1285 1847 1388 1887 idem
1411 1848 1451 1894 8,
1473 1849 1589 1888 342δ
1610 1846 1677 1887 καὶ

117 1896 278 1936 Μάτων
307 1894 347 1936 δ’
371 1894 392 1936 ὁ
424 1897 618 1950 σοφιστὴς
649 1895 858 1952 ὀψοφάγος
889 1895 953 1952 ἦν.
1002 1900 1120 1952 δηλοῖ
1133 1899 1177 1941 δὲ
1199 1899 1307 1942 τοῦτ’
1322 1935 1330 1943 .
1350 1934 1359 1943 .
1379 1898 1604 1951 ,Ἀναξίλας
1635 1903 1679 1944 ἕν

118 1953 367 2010 Μονοτρόπῳ
404 1957 484 1997 κτλ.
593 1958 629 1994 1.
669 1953 910 2008 κατεδήδοκε
945 1960 987 1998 et
1024 1962 1211 2011 κρανεῖον
1249 1962 1284 1999 Α
1316 1962 1410 2000 307.
1460 1962 1508 2000 cf.
1549 1963 1676 2002 Arist.

114 2011 221 2051 Nub.
256 2013 321 2051 16.
362 2012 481 2063 Vesp.
515 2014 810 2054 1006—1014.

784 2138 1004 2172 ΝΕΟΤΤῙΣ

229 2215 451 2256 Meretricis
488 2229 652 2267 nomen,
700 2220 806 2269 quod
845 2221 1058 2261 comoediis
1090 2222 1379 2273 inscripserunt
1408 2224 1527 2263 etiam
1558 2216 1676 2263 Anti-

116 2272 266 2331 phanes
296 2275 337 2312 et
365 2274 559 2316 Eubulus.
603 2275 722 2317 Mein.
751 2276 771 2314 I
801 2277 897 2316 409.

872 2389 924 2429 21

359 2460 439 2506 ἐὰν
470 2463 523 2506 δέ
550 2479 614 2514 τις
642 2464 798 2520 μέτρια
828 2467 1021 2520 λέγουσα
1088 2501 1098 2510 .
1174 2502 1182 2511 .
1259 2502 1268 2512 .

359 2538 452 2581 τοῖς
481 2531 711 2587 δεομένοις
739 2536 880 2576 τινῶν
910 2530 1120 2592 ὑπουργῇ
1150 2534 1262 2591 πρὸς
1291 2536 1439 2592 χάριν,

361 2599 412 2641 ἐκ
442 2602 523 2654 τῆς
553 2599 748 2654 ἑταιρίας
778 2599 931 2657 ἑταίρα
961 2601 1162 2659 τοῦνομα

357 2666 725 2722 προσηγορεύθη·
761 2668 835 2711 καὶ
865 2668 924 2713 σύ
956 2674 1044 2714 νῦν
1074 2670 1155 2727 οὐχ
1185 2670 1245 2722 ὥς
1276 2674 1417 2726 λέγεις

321 2743 341 2773 5
360 2734 554 2790 πόρνης,
587 2734 764 2790 ἑταίρας
793 2734 836 2777 δ’
860 2738 923 2788 εἰς
952 2740 1096 2792 ἔρωτα
1126 2740 1362 2794 τυγχάνεις

359 2801 613 2857 ἐληλυθώς·
646 2796 720 2858 ἆρ’
743 2801 802 2854 ὥς
830 2802 1013 2861 ἀληθῶς
1044 2807 1137 2849 ἐστι
1167 2810 1283 2861 γοῦν

361 2867 483 2925 ἁπλῆ
512 2886 598 2920 τις;
649 2872 700 2912 Β.
733 2869 887 2915 ἀστεία
916 2875 1000 2930 μὲν
1030 2867 1130 2928 οὖν,
1162 2875 1219 2930 νὴ
1250 2873 1329 2918 τὸν
1359 2877 1462 2919 Δία.
