1864 3204
175 225 258 267 218
631 229 886 263 ΑΡΑΡΟΤΟΣ
937 229 1104 262 ΠΑΝΟΣ
1128 230 1276 264 romi

287 331 517 369 Athenaeus
547 332 724 381 4‚175f
745 328 917 383 Ἀραρὼς
947 329 985 370 δ’
1010 330 1053 371 ἐν
1083 331 1221 379 Πανὸς
1251 335 1387 385 γοναῖς
1417 336 1498 374 κτλ.
1567 338 1602 375 1.
1633 332 1654 374 ὃ
1683 333 1724 375 δ’

174 382 352 437 ἁρπάσας
391 387 580 426 Valcken.
622 388 756 438 Eurip.
797 389 917 439 Hipp.
956 390 1053 429 446.
1112 385 1357 457 ἀναρπάσας
1394 391 1515 430 Mein.
1561 396 1728 442 possunt

178 445 309 481 tamen
347 444 465 482 etiam
508 444 670 483 dimetri
706 445 866 485 iambici
903 459 987 485 esse
1027 477 1035 485 .
1083 442 1294 497 ,ἁρπάσας
1320 445 1326 498 Ι
1353 449 1433 485 κτλ.
1493 449 1728 488 describitur

175 499 260 538 Pan
291 513 426 539 recens
457 502 575 540 natus
605 502 742 540 statim
771 505 954 553 naturam
985 516 1093 546 suam
1123 505 1166 542 et
1194 504 1398 554 ingenium
1429 505 1622 554 aperiens.

446 664 629 716 ἄθικτος

287 744 311 798 ἡ
342 746 555 800 παρθένος.
593 736 765 801 Ἀραρὼς
798 749 933 797 Πανὸς
964 754 1115 802 γοναῖς.
1161 752 1331 790 Bekker.
1362 752 1508 792 Anecd.
1542 755 1607 804 82,
1630 755 1667 793 8.

446 916 765 971 λαμπρόψυχος
925 861 976 903 15

176 1055 256 1092 106
285 993 375 1093 οὲντὶ
405 1003 474 1036 τοῦ
503 994 787 1049 μεγαλόψυχος.
823 995 994 1050 Ἀραρώς
1026 994 1163 1046 Πανὸς
1193 1002 1344 1051 γοναῖς.
1382 1001 1552 1040 Bekker.
1576 1002 1726 1041 Anecd.

825 1167 1080 1201 ΤΜΕΝΑΙΟΣ
1142 1179 1147 1187 ⁷

286 1248 466 1286 ‘Titulus
496 1249 653 1287 fabulae
685 1249 788 1287 sitne
818 1249 869 1287 ad
899 1249 1076 1298 nuptiale
1108 1261 1264 1287 carmen
1295 1250 1336 1287 in
1366 1250 1500 1288 fabula
1519 1239 1724 1289 cantatum

173 1317 222 1341 an
252 1304 302 1342 ad
333 1305 553 1354 mythicum
583 1305 694 1343 illum
719 1305 991 1356 Hymenaeum
1021 1305 1250 1344 referendus
1281 1306 1442 1345 definire
1472 1320 1551 1345 non
1583 1308 1723 1346 ausim.

171 1361 213 1398 in
242 1361 393 1410 nuptiis
432 1361 677 1400 celebrandis
707 1364 905 1401 versatam
942 1374 1025 1401 esse
1055 1362 1230 1401 fabulam
1261 1363 1375 1402 docet
1403 1364 1451 1402 fr.
1480 1364 1561 1402 17.’
1603 1363 1722 1402 Mein.

170 1417 190 1454 I
221 1417 313 1455 345.
921 1472 972 1514 16
998 1523 1001 1525 Α

415 1547 499 1592 οὐκ
531 1547 628 1592 ἔσθ’
655 1548 773 1599 ὅπως
802 1549 887 1592 οὐκ
919 1548 961 1593 εἴ
986 1550 1253 1606 παράσιτος,
1285 1553 1490 1606 φίλτατε·

394 1614 434 1659 ὁ
465 1615 506 1659 δ’
536 1615 785 1673 Ἰσχόμαχος
815 1616 887 1661 ὁδὶ
916 1620 1097 1675 τρέφων
1131 1623 1187 1661 σε
1211 1619 1434 1674 τυγχάνει.

283 1712 510 1750 Athenaeus
546 1713 591 1759 6,
624 1713 704 1751 237
723 1726 746 1751 a
787 1712 855 1750 τοῦ
892 1708 1083 1762 ὀνόματος
1123 1717 1192 1751 τοῦ
1228 1711 1448 1764 παρασίτου
1484 1712 1724 1764 μνημονεύει

165 1763 340 1818 Ἀραρώς
373 1765 416 1805 ἐν
440 1764 632 1821 ‘Yfflsvat‘rp
663 1765 875 1822 (ἕνμεναιω
896 1767 951 1822 A)
983 1766 1050 1807 διὰ
1081 1767 1229 1807 τούτων
1258 1772 1337 1807 κτλ.
1406 1771 1443 1811 2.
1475 1767 1538 1808 ὁδὶ
1568 1769 1724 1820 τρέφων

169 1823 354 1876 Bothius]
387 1821 408 1862 ὁ
438 1822 661 1876 διατρέφων
692 1827 746 1876 A,
789 1829 937 1876 puncto
967 1826 1102 1865 addito
1134 1838 1254 1875 supra
1283 1840 1326 1873 α,
1359 1825 1508 1866 Cobeto
1538 1829 1639 1866 teste
1670 1827 1722 1866 N.

168 1881 194 1919 l.
222 1882 312 1919 139
357 1894 595 1930 quamquam
616 1882 715 1920 nihil
746 1883 937 1921 eiusmodi
969 1883 1178 1921 adnotavit
1198 1882 1413 1922 Kaibelius.
1449 1884 1724 1923 Ischomachus

168 1938 324 1975 idemne
361 1939 414 1976 sit
448 1950 536 1975 cum
571 1951 616 1977 eo
651 1952 767 1987 quem
806 1940 847 1977 in
888 1939 1147 1978 Oeconomico
1177 1939 1394 1988 Xenophon
1434 1953 1523 1978 cum
1561 1939 1722 1979 Socrate

168 1994 469 2043 conloquentem
499 1995 593 2032 facit
622 1996 768 2034 nescio.
815 1995 1043 2046 Χαρίδημος
1075 1991 1094 2033 ὁ
1122 1991 1351 2045 Ἰσχομάχου
1382 1992 1466 2042 υἱός
1488 2009 1721 2035 commemo-

167 2052 278 2087 ratur
310 2049 553 2102 [Demosth.]
587 2052 652 2101 58,
676 2052 743 2090 30.

421 2180 541 2231 ὅπως
571 2183 620 2224 δὲ
650 2181 734 2238 τὴν
765 2181 965 2237 νύμφην,
999 2180 1184 2225 ἐπειδὰν
1215 2181 1368 2237 καιρὸς
1396 2177 1448 2239 ᾗ,

419 2250 644 2304 μετέωρον
672 2249 746 2292 ἐπὶ
775 2248 825 2292 τὸ
855 2252 1007 2304 ζεῦγος
1037 2248 1283 2305 ἀναθήσεις
1313 2250 1477 2305 φέρων.

282 2342 423 2381 Suidas
459 2339 675 2382 ἀναθεῖναι
711 2341 775 2382 και
816 2341 1079 2383 ἕπαναθεῖναι
1116 2342 1158 2382 τὸ
1187 2336 1301 2382 αὖτό.
1329 2338 1502 2395 Ἀραρώς
1526 2340 1720 2411 ‘Yfflsvoct'tp

167 2400 247 2437 κτλ.
342 2402 375 2437 1.
409 2395 569 2438 ἐπειδᾶν
599 2398 810 2452 Kusterus]
844 2396 927 2439 εἀν.
978 2401 1029 2439 cf.
1062 2400 1198 2440 Cobet.
1231 2401 1339 2441 N.1.
1376 2403 1467 2440 139.
1556 2397 1720 2440 adva-

168 2451 310 2521 θησεις
339 2453 472 2507 φέρων
493 2457 667 2507 Toupius
689 2469 704 2495 1
724 2456 796 2507 44]
829 2453 1028 2507 ἆιαθήσει
1049 2454 1273 2507 συμφέρειν.
1325 2460 1417 2496 sunt
1436 2458 1556 2497 verba
1585 2457 1720 2507 sponsi

168 2509 344 2563 πάροχον
373 2513 468 2562 quid
498 2514 656 2563 vesperi
686 2513 739 2552 sit
770 2513 992 2553 faciendum
1023 2514 1286 2552 admonentis.

698 2658 900 2691 ΑΔΗΛῼΝ
928 2658 1195 2692 ΔΡΑΜΑΤΩΝ

438 2793 572 2847 ἔργον
602 2789 831 2834 δουλικόνκ·
923 2737 972 2777 18

277 2869 463 2925 Ἀραρώς.
496 2875 636 2913 Pollux
668 2876 704 2922 3,
729 2876 795 2914 75.
835 2874 1026 2914 indicavit
1055 2874 1106 2913 H.
1127 2874 1259 2913 Iacobi
1291 2874 1404 2915 Mein.
1433 2872 1716 2915 ed.'min.xv1.
