1864 3204
239 202 319 243 458
840 189 1166 225 TIMOKAEOT2
1203 201 1210 215 s

792 292 976 328 IKAPIOI
1003 289 1215 324 ΣΑΤΤΡΟΙ

346 364 503 418 Ἰκάριοι
532 363 562 415 η’
591 363 764 415 Σάτυροι
795 362 964 402 Meinek.
995 361 1014 399 I
1044 361 1148 407 429,
1180 359 1275 397 duas
1305 357 1427 396 fuisse
1458 355 1614 395 fabulae
1642 361 1778 394 recen·-

240 428 366 464 siones
397 427 595 470 statuens,
633 423 821 472 ‘quarum
851 418 976 458 altera
1001 414 1178 465 Ἰκάριοι,
1210 415 1334 454 altera
1358 409 1521 464 Ἰκάριοι
1551 408 1580 463 ἢ
1604 408 1781 463 Σάτυροι

241 482 428 530 inscripta
459 479 605 518 suerit?
637 480 687 518 cf.
709 478 769 516 III
791 477 885 515 600.
934 487 1015 513 non
1044 473 1174 513 credo.
1224 471 1371 510 Icarios
1403 470 1568 520 Satyros
1598 467 1702 508 dixit
1729 467 1780 510 ab

237 540 388 581 Icare‘a,
428 548 530 586 pago
561 535 713 583 Attico,
749 534 817 571 ubi
846 532 1013 582 primam
1043 531 1167 569 vitem
1197 528 1331 567 Icarus
1362 527 1426 565 vel
1457 525 1612 566 Icarius.
1637 523 1782 564 Bacchi

238 594 422 632 beneficio
453 594 647 643 posuerat.
699 591 747 630 cf.
778 589 941 628 Preller.
973 587 1100 638 Myth.
1132 583 1216 637 gr.2
1245 585 1265 623 I
1296 583 1390 623 525.
1415 584 1452 622 6.

983 685 1036 727 14

465 755 491 812 ἡ
523 757 779 810 Πυθιονίκη
811 749 850 796 δ’
875 752 1075 808 ἀσμένως
1104 762 1154 794 σε
1184 751 1376 805 δέξεται,

469 826 547 867 καί
572 836 655 867 σου
686 821 910 865 κατέδεται
941 818 1078 875 τυχὸν
1109 823 1216 869 ἴσως
1245 817 1274 861 ὁὶ
1303 821 1390 861 νῦν
1421 819 1532 873 ἔχεις

464 890 614 947 λαβών
643 889 750 944 παρ’
771 888 899 945 ἡμῶν
929 887 1063 943 δῶρ’·
1096 884 1320 942 ἄπληστός
1352 886 1445 929 ἐστι
1473 884 1574 940 γάρ.

465 957 580 1013 ὅμως
609 958 658 1002 δὲ
688 959 851 1000 δοῦναί
876 968 946 999 σοι
976 956 1190 998 κέλευσον
1221 954 1451 1009 σαργάνας

418 1037 437 1068 5
470 1025 632 1081 αὐτήν·
662 1026 867 1080 ταρίχους
898 1022 1101 1078 εὐπόρως
1127 1019 1214 1078 γὰρ
1245 1021 1454 1077 τυγχάνει

466 1096 628 1149 ἔχουσα
658 1092 732 1136 καὶ
762 1092 942 1135 σύνεστι
974 1090 1216 1146 σαπέρδαις
1245 1090 1394 1144 δυσίν,

464 1160 535 1204 καὶ
567 1160 696 1204 ταῦτ’
717 1156 928 1209 ἀνάλτοις
957 1159 1031 1201 καὶ
1061 1158 1422 1212 πλατυρρύγχοις
1450 1160 1581 1201 τισίν.

349 1245 572 1283 Athenaeus
603 1244 640 1293 8,
659 1243 774 1282 339d
804 1240 1064 1291 Πυθιονίκην
1093 1238 1134 1278 δέ
1167 1250 1267 1291 φησι
1297 1238 1481 1290 φιληδεῖν
1510 1238 1667 1293 ταρίχῳ,
1699 1237 1793 1286 ἐπεὶ,
1844 1262 1846 1264 -

238 1297 398 1351 ε’ραστᾶς
435 1294 510 1351 εἶχε
546 1297 637 1346 τοὺς
667 1298 909 1350 Χαιρεφίλου
947 1303 1018 1336 τοῦ
1048 1295 1314 1349 ταριχοπώλου
1343 1293 1470 1347 υἱούς,
1503 1292 1557 1343 ὥς
1591 1298 1783 1349 Τιμοκλῆς

237 1354 280 1394 ἕν
304 1351 483 1407 Ἰκαρίοις
514 1353 734 1410 (Νικοκλῆς
766 1354 810 1394 ἐν
828 1352 1005 1405 άκαρίοις
1025 1352 1080 1406 Α)
1103 1353 1227 1404 φησίν
1247 1350 1314 1407 (fr.
1338 1351 1424 1406 17).
1463 1351 1530 1392 καὶ
1558 1350 1680 1392 πάλιν
1698 1356 1780 1396 κτλ,

239 1415 274 1450 1.
305 1410 349 1450 δὲ
379 1415 419 1451 et
447 1415 484 1452 3.
515 1411 623 1463 δῶρα
656 1413 704 1451 A.
791 1413 830 1451 4.
861 1408 1059 1462 σαργάνας
1090 1408 1331 1463 Schweigh.]
1362 1419 1579 1461 σαργανιας
1610 1411 1661 1451 Α.
1739 1412 1780 1451 5.

236 1482 362 1518 αυτην
397 1470 445 1509 A.
542 1471 579 1508 6.
622 1464 804 1519 ἔχουσ’,
844 1465 950 1507 ἐπεὶ
986 1468 1037 1507 Κ.
1135 1462 1293 1506 σύνεστι
1331 1464 1546 1518 σαπέρδαις
1584 1467 1780 1521 Scaliger]

235 1521 416 1563 σύνεστισ
446 1521 584 1576 απέρδ’
606 1525 660 1571 εἰς
688 1525 736 1565 Α.
768 1522 1003 1577 σαπέρδαιν
1034 1523 1178 1562 δυοῖν
1207 1524 1257 1563 Κ.
1348 1525 1385 1563 7.
1415 1519 1703 1575 πλατυρύγχοις
1730 1525 1782 1564 A.

346 1582 537 1620 rationem
568 1582 660 1621 doni
680 1582 936 1632 Pythionicae
966 1581 1077 1620 missi
1107 1582 1149 1619 et
1177 1594 1247 1620 eur
1268 1578 1462 1631 σαργάναι
1481 1581 1530 1619 ab
1552 1593 1598 1619 ea
1617 1593 1782 1631 poscan-

236 1638 302 1675 tur
330 1650 408 1676 non
438 1638 638 1688 intellego.
672 1639 721 1677 cf.
741 1639 858 1686 21‚7.
934 1640 970 1677 7.
1002 1631 1182 1688 ἅναλτος,
1213 1638 1244 1676 si
1275 1638 1378 1677 hunc
1408 1650 1566 1678 versum
1596 1638 1780 1689 excipias,

235 1694 341 1743 apud
371 1695 498 1733 solum
528 1695 633 1746 quod
664 1695 783 1735 seiam
814 1693 1040 1735 Homerum.

433 1859 512 1902 τόν
541 1859 583 1902 τ’
605 1858 883 1915 ἰχθυόρρουν
909 1857 1112 1915 ποταμὸν
1135 1856 1403 1917 “Τπερείδην
1433 1862 1595 1918 περᾷς,

433 1925 481 1976 ὃς
509 1926 658 1983 ἠπίαις
688 1935 912 1983 φωναῖσιν
945 1929 1169 1983 ἔμφρονος
1199 1925 1338 1983 λόγου
1462 1935 1465 1937 ’

432 1995 618 2050 κόμποις
647 1996 890 2051 παφλάζων
918 1993 1066 2052 ήπίοις
1095 1998 1396 2051 πυκνωμασιν

433 2061 543 2118 πρὸς
572 2064 804 2113 πανδυσας
833 2065 940 2119 ἔχει,

385 2139 405 2171 5
435 2129 659 2184 μισθωτὸς
689 2130 815 2184 ἄρδει
845 2133 976 2174 πεδία
1005 2133 1087 2174 τοῦ
1117 2132 1379 2183 δεδωκότος.

240 2263 263 2279 η
300 2238 306 2243 ·
346 2212 571 2253 Athenaeus
602 2215 647 2263 8,
671 2215 784 2253 3428,
820 2212 885 2253 καὶ
917 2210 1149 2266 Ὑπερείδης
1187 2212 1232 2253 δὲ
1261 2208 1282 2253 ὁ
1314 2213 1444 2269 ῥήτωρ
1473 2212 1684 2270 ὀψοφάγος
1712 2212 1780 2270 ἦν,
1848 2212 1849 2215 “

229 2281 284 2314 ως
314 2277 413 2318 φησι
436 2270 628 2321 Τιμοκλῆς
658 2266 679 2309 ὁ
709 2268 878 2322 κωμικὸς
910 2269 953 2310 ἐν
982 2267 1120 2326 Δήλῳ,
1152 2268 1413 2324 διηγούμενος
1443 2271 1535 2321 τοὺς
1564 2273 1673 2327 παρὰ
1698 2274 1780 2328 ’Ἀρ-

229 2321 357 2362 πάλου
387 2323 759 2378 δωροδοκήσαντας.
779 2359 787 2368 .
807 2359 815 2367 .
834 2325 898 2366 καὶ
928 2325 971 2366 ἐν
995 2323 1180 2380 Ἰκαρίοις
1210 2326 1254 2367 δὲ
1284 2325 1305 2367 ὁ
1337 2325 1457 2377 αὐτὸς
1486 2329 1651 2382 ποιητής
1680 2342 1780 2385 φησι

229 2380 311 2418 κτλ.
385 2382 422 2419 1.
455 2395 494 2421 τε
522 2384 572 2422 A.
650 2389 772 2438 περᾷς
802 2384 942 2436 Dobn]
979 2382 1111 2438 πέρας.
1143 2382 1241 2437 πέρα
1271 2386 1422 2426 Iacobs.
1503 2389 1540 2428 2.
1571 2383 1614 2436 ὃς
1643 2384 1781 2441 ἠπίαις

230 2434 400 2490 Jacobs]
429 2450 477 2476 ον
505 2438 666 2489 σηπίαις
698 2440 904 2491 (quattuor
933 2443 1080 2491 primae
1110 2442 1266 2482 litterae
1296 2444 1338 2482 in
1367 2456 1445 2483 ras.
1476 2442 1570 2498 m.¹)
1600 2446 1651 2484 A.
1739 2446 1778 2486 3.
1831 2479 1833 2481 .

228 2489 383 2562 κρμψδς
421 2493 637 2563 παφλάζων
665 2493 840 2548 αἱμύλοις
870 2493 1134 2548 πυκνώμασιν
1159 2497 1165 2551 Ι
1190 2497 1289 2551 πρὸς
1319 2503 1404 2539 πᾶν
1431 2494 1704 2541 ἆναιδεύσαιτ’
1725 2497 1780 2542 ἂν

229 2561 388 2597 ευφυως
427 2563 447 2587 τ
494 2564 572 2602 εχει
591 2573 647 2582 -
666 2552 805 2605 ἄρδειν
842 2555 963 2594 Dobr.
1019 2557 1114 2595 mihi
1143 2569 1215 2606 pro
1241 2555 1407 2607 κόμποις
1438 2558 1690 2599 scribendum
1719 2559 1779 2600 vi-

228 2605 345 2644 detur
384 2605 581 2674 βομρεἴ.
666 2611 704 2651 4.
743 2611 797 2650 sic
834 2611 883 2650 A.
932 2612 1103 2661 primum
1143 2615 1299 2653 constat
1334 2611 1490 2662 λύσας
1527 2615 1777 2657 scribendum

229 2674 314 2726 esse
343 2675 416 2712 pro
447 2661 594 2716 δυσας,
623 2665 764 2707 deinde
795 2670 948 2718 poetam
980 2669 1022 2706 in
1041 2670 1303 2710 translatione
1323 2671 1482 2722 incepta
1499 2665 1777 2723 permansisse.

226 2721 360 2786 itaque
390 2720 469 2758 tale
499 2721 651 2772 aliquid
679 2725 855 2775 scripsit:
900 2718 995 2772 πρὸς
1025 2731 1108 2764 πᾶν
1137 2740 1176 2765 τε
1216 2726 1370 2775 λύσας
1408 2723 1666 2780 ῥευμάτων
1692 2720 1778 2782 (vel
1859 2750 1862 2753 *

228 2772 481 2830 ῥηματων)
519 2773 681 2829 πηγὰς
716 2776 793 2819 ἀεὶ
828 2783 942 2831 μισθ.
982 2778 1095 2832 ἄρδει
1132 2785 1229 2835 κτλ,,
1271 2785 1340 2824 ubi
1370 2779 1434 2823 ἆεί
1460 2786 1777 2838 coniungendam

227 2845 315 2870 cum
344 2831 556 2882 μισθωτός.
1277 2849 1279 2851 “
1743 2839 1745 2841 ’
1797 2862 1800 2866 ’
1858 2830 1862 2858 ³
