1806 3216
169 186 254 229 524
787 180 1088 215 ΦΙΛΗΜΟΝΟΣ

285 289 479 327 Stobaeus
511 286 647 325 F101i1.
670 286 708 332 4,
732 286 782 323 41
816 281 1041 334 Φιλήμονος
1074 283 1206 322 Trinc.
1239 282 1351 320 deest
1378 282 1422 320 in
1450 281 1500 320 A.
1588 282 1626 320 2.
1657 293 1724 319 ον-

172 343 241 384 div
271 342 410 396 Mein]
442 339 582 381 οὐθὲν.
670 338 792 380 αὐτὸν
823 341 969 391 Scalig.
1002 353 1063 390 ap.
1096 338 1227 389 Grot.]
1259 333 1379 392 αὐτῷ.
1411 335 1562 376 τούτων
1591 337 1721 376 Trinc.

913 450 994 492 152

403 520 452 563 τὸ
483 523 632 575 γνῶθι
662 518 853 562 σαυτόν·
886 516 941 560 οὐ
972 515 1116 572 μα’την
1148 511 1199 559 εὖ
1231 512 1323 559 ἴσθ’
1350 515 1416 558 ὅτι

403 586 452 631 τὸ
484 588 600 643 ῥῆμα
630 590 763 629 τοῦτο
795 587 932 637 δόξαν
964 587 1015 628 ἐν
1045 587 1243 640 Δελφοῖς
1272 586 1373 639 ἔχει.

284 683 479 750 §tobaeus
509 682 648 721 Floril.
680 683 752 731 22,
775 682 802 719 4
830 678 1057 731 Φιλήμονος
1087 679 1136 718 Α.
1186 679 1341 729 plenius
1371 679 1600 728 interpunxi
1635 680 1729 729 post

172 751 332 779 σαυτθν.
910 791 988 833 153

405 869 466 921 ὠς
495 869 635 926 ἡδέως
664 886 739 925 μοι
769 870 925 924 γέγονε
956 867 1008 911 τὰ
1038 868 1261 922 πρότερον
1292 867 1427 910 κακά·

405 940 446 981 εἰ
472 940 529 994 μὴ
562 936 653 980 τότ’
678 938 893 992 ἐπόνουν,
926 940 1014 979 νῦν
1045 934 1102 979 ἂν
1132 932 1216 978 οὐκ
1250 933 1572 990 εὐφραινόμην.

288 1034 483 1072 Stobaeus
513 1033 652 1071 Floril.
686 1034 758 1081 29,
784 1034 837 1071 30
872 1028 1094 1082 Φιλήμονος
1125 1031 1175 1070 A.
1273 1031 1309 1070 1.
1348 1026 1538 1081 πρότερον
1567 1029 1646 1068 ΑΒ
1677 1043 1729 1068 m.

176 1089 271 1143 sec.]
301 1089 483 1141 πρότερα.
911 1141 992 1184 154

405 1220 548 1264 πολλοί
576 1237 630 1276 με
661 1218 888 1271 διδάσκεις
918 1219 1136 1276 ἀφθόνως
1166 1217 1239 1262 διὰ
1271 1218 1467 1273 φθόνον,

405 1289 527 1339 ὅπως
556 1287 739 1332 ἀκούων
769 1286 915 1331 πολλοὶ
945 1289 1055 1344 μηδὲ
1086 1289 1134 1330 ἓν
1164 1287 1311 1342 μάθω.

291 1384 483 1423 Stobaeus
514 1384 651 1423 Floril.
685 1386 759 1431 38,
784 1385 837 1421 24
874 1379 1096 1433 Φιλήμονος
1135 1383 1182 1420 A.
1233 1382 1414 1420 Mantiss.
1453 1393 1567 1431 prov.
1608 1382 1655 1429 2,
1677 1382 1729 1420 63

177 1438 400 1491 Φιλήμονος
433 1438 496 1478 ἐπὶ
527 1444 604 1478 τῶν
634 1436 806 1489 φθόνων
827 1439 861 1490 (ε
866 1452 921 1479 cr.
944 1436 1108 1492 φθόνῳ)
1131 1433 1413 1476 διδασκόντων.
1477 1440 1514 1476 1.
1547 1434 1730 1489 φθόνον]

175 1494 346 1544 φθόνων
382 1498 659 1547 Mant.p10v.
748 1494 863 1535 aa}
901 1493 1023 1534 πολλὰ
1063 1499 1110 1535 A.
1162 1493 1296 1533 κλύων
1334 1492 1379 1533 τὰ
1418 1491 1540 1532 πολλὰ
1581 1494 1732 1534 Nauck.

174 1550 380 1603 ἀπορῶν
410 1551 456 1592 τὰ
487 1552 609 1591 πολλα
640 1554 689 1592 Κ.

913 1606 992 1648 155

408 1688 680 1740 ammana,
713 1685 825 1728 κούκ
857 1684 1097 1739 ἄνθρωπε,
1131 1684 1202 1726 καὶ
1235 1683 1471 1739 σιτούμενε

408 1752 559 1807 ὥσπερ
594 1753 772 1807 ἱερεῖον,
804 1751 866 1794 ἵν’
889 1751 998 1795 ὅταν
1029 1747 1058 1809 ᾗ
1090 1750 1242 1808 καιρὸς
1270 1755 1426 1807 τυθῇς.

296 1848 490 1887 Stobaeus
520 1848 658 1886 Floril.
692 1849 766 1898 53,
790 1850 814 1886 8
845 1846 1068 1897 Φιλήμονος
1098 1847 1146 1886 A.
1237 1848 1274 1885 2.
1306 1842 1438 1898 ὥσπερ
1468 1843 1611 1896 ἱερεῖον
1639 1835 1734 1884 Por-

177 1917 260 1943 son.
291 1904 393 1943 Adv.
428 1903 527 1956 296]
567 1900 620 1950 ὡς
659 1902 703 1942 τὰ
743 1904 878 1956 ἱερεῖα.
928 1905 976 1943 cf.
1017 1905 1065 1942 fr.
1099 1904 1192 1942 214.
1243 1904 1385 1942 desunt
1422 1915 1523 1953 quae
1561 1902 1734 1952 adpella-

177 1962 327 2000 tionem
358 1964 426 2000 aut
455 1962 724 2012 sequebantur
753 1964 823 2000 aut
852 1961 1154 2000 antecedebant.
1492 1988 1495 1991 -

407 2151 550 2200 ἔτεκές
579 2165 656 2206 με,
687 2152 847 2205 μῆτερ,
879 2149 954 2192 καὶ
983 2147 1160 2203 γένοιτό
1191 2159 1262 2190 σοι
1292 2148 1463 2190 τέκνων

411 2217 584 2273 ὄνησις,
617 2216 766 2273 ὥσπερ
798 2217 872 2259 καὶ
903 2215 1080 2260 δίκαιόν
1110 2218 1208 2260 ἐστι’
1235 2227 1317 2259 σοι.

296 2312 488 2351 Stobaeus
519 2312 657 2351 Floril.
690 2314 755 2361 79,
778 2313 803 2351 8
833 2309 1055 2362 Φιλήμονος
1085 2311 1219 2350 Trinc.

915 2422 993 2464 157

412 2499 530 2550 ὅστις
560 2501 695 2555 πένης
725 2499 790 2543 ὤν
820 2502 897 2556 ζῆν
928 2499 1034 2554 παρ’
1059 2498 1084 2542 ὃ
1113 2502 1190 2554 ζῆν
1219 2498 1450 2553 βούλεται·

411 2566 435 2623 ἡ
469 2570 553 2623 γὰρ
584 2571 746 2619 σπάνις
775 2569 1010 2623 πρόχειρος
1040 2569 1102 2618 εἰς
1131 2565 1180 2610 τό
1213 2568 1327 2622 δρᾶν
1357 2565 1488 2609 κακά.

293 2663 486 2702 Stobaeus
508 2663 644 2702 Floril.
665 2664 731 2711 96,
749 2664 785 2701 6.
811 2664 833 2700 7
864 2660 1090 2711 Φιλήμονος
1111 2662 1160 2700 A.
1212 2663 1424 2711 utrumque
1454 2674 1610 2699 versum
1643 2673 1734 2699 con-

180 2720 309 2758 iunxit
349 2718 520 2760 Grotius.
633 2723 665 2761 1.
703 2720 748 2772 ζῇ
779 2716 872 2770 παρ’
904 2716 930 2757 ὁ
960 2720 1033 2770 ζῆν
1062 2719 1122 2758 ed.
1155 2711 1278 2757 Gaisf.
1330 2718 1376 2771 ζῇ
1404 2717 1585 2768 παραζῆν
1614 2716 1732 2756 Gesn.

180 2777 254 2827 ζῆν
283 2789 362 2828 παρ
403 2770 423 2814 ὃ
452 2777 497 2830 ζῇ
530 2777 693 2815 Salmas.
734 2779 811 2821 πᾶς
841 2789 897 2822 τις
919 2798 973 2803 -—
994 2776 1038 2829 ζῇ
1067 2769 1160 2825 παρ’
1188 2767 1219 2812 ὃ
1238 2773 1311 2824 ζῆν
1340 2774 1470 2815 Bentl.
1522 2774 1635 2812 ‘vivit
1663 2773 1733 2812 ali—

180 2837 237 2872 ter
265 2845 383 2882 quam
411 2834 535 2873 vivere
564 2835 691 2883 cupit,
721 2833 760 2873 h.
783 2845 816 2872 e.
848 2833 958 2883 cupit
986 2833 1260 2883 paupertatem
1288 2831 1483 2881 effugere,
1514 2830 1633 2869 etiam
1662 2841 1734 2880 per
