1864 3204
654 219 865 265 Νεοπῐε
911 219 1116 253 unsara
1594 217 1675 260 271

222 322 450 363 Athenaeus
476 324 540 373 13,
553 323 667 362 558⁵
691 317 900 371 Ἀναξίλας
932 317 972 359 δ’
990 320 1034 361 ἐν
1055 320 1239 362 Νεοττίδι
1259 320 1383 372 φησίν
1402 323 1483 362 κτλ.
1517 335 1552 362 v.
1569 323 1676 361 1-8

110 373 275 446 (ἀρχῆς)
304 379 536 419 Eustathius
570 380 692 428 1⁷14,
715 380 768 419 38
791 393 851 430 sq.
884 378 1003 430 δηλοῖ
1025 377 1093 418 καὶ
1123 373 1144 417 ὁ
1176 376 1348 430 κωμικὸς
1374 374 1639 427 ’..Αναξίλας

109 432 233 475 εἰπών
262 437 343 478 κτλ.
434 439 469 475 1.
502 433 660 475 πώποτε
690 449 769 476 om.
803 437 916 475 Eust.
1010 437 1047 476 2.
1076 429 1126 475 οὗ
1146 436 1356 487 Wyttenb.
1378 436 1484 475 Plut.
1497 436 1556 483 VI
1576 433 1677 488 945]

110 488 159 531 οὐ
189 494 239 532 A.
300 490 358 540 τίς
389 505 465 532 om.
493 492 523 532 C
553 495 595 533 et
625 493 738 532 Eust.
798 488 918 531 οὐδὲν
947 507 1002 531 αν
1027 489 1143 545 γένος
1174 490 1265 532 δύν.
1299 493 1418 532 Mein.
1449 494 1491 532 in
1521 493 1619 533 Ath.

109 548 443 600 παρανομώτερον
471 549 635 590 Grotius
666 549 852 600 Excerpt.
883 546 987 602 859]
1028 562 1368 618 παρανομωτατον
1395 551 1445 589 Α.
1549 551 1588 589 3.
1619 548 1678 596 τίς

109 602 245 660 Grot.]
287 605 326 645 τί
350 607 402 646 A.
507 603 689 657 πύρπνος
720 606 834 645 Eust.
945 608 983 645 7.
1015 601 1107 644 οὐδ’
1131 603 1176 644 ἕν
1205 602 1297 645 ἐσθ’
1332 605 1378 645 G.
1402 608 1451 645 A.
1475 607 1677 658 Hirschig.

108 663 215 702 Ann.
245 664 333 703 crit.
365 665 403 704 8.
477 663 646 703 fortasse
685 665 796 702 totus
827 676 962 703 versus
993 665 1055 702 est
1062 664 1402 732 interpolatoris.
1479 666 1543 706 13.
1575 676 1678 712 αυτη

109 721 158 759 Α.
257 721 321 760 14.
353 715 450 758 ὥστ’
478 714 760 772 ἀπαλλαγεῖσιν
789 715 913 771 αὐτῆς
944 716 1014 772 K]
1046 715 1100 766 ὥς
1131 717 1178 757 τὰ
1207 719 1332 758 πολλα
1362 716 1402 772 y'
1426 719 1501 759 εἰσὶ
1530 718 1677 771 ταύτης

109 777 159 816 A.
190 771 288 815 ωστ’
308 771 636 828 ἀπαλλαγεῖσι
665 774 812 827 ταύτης
843 777 965 816 Dobr.
998 776 1175 816 Adv.11
1205 778 1302 816 341.
1397 779 1462 817 15.
1494 775 1587 816 νυνὶ
1618 777 1678 816 Ia·

109 833 220 873 cobs.
252 834 358 872 Add.
389 834 484 873 Ath.
518 831 618 886 295]
649 837 726 872 νῦν
755 835 805 875 A.
852 838 930 873 νῦν
959 828 1010 884 δὴ
1041 832 1154 873 Grot.
1200 827 1252 882 δή
1283 833 1361 873 νῦν
1389 835 1502 874 Pors.
1611 836 1676 873 17.

110 887 283 941 ἐξέπεσε]
317 886 496 938 ἐξέπαισε
526 889 694 930 Casaub.
722 887 932 938 ἐξέπλευσε
962 890 1074 930 Pors.
1106 887 1321 938 ἐξέσωσε
1350 891 1399 931 Κ.
1492 892 1557 930 18.
1591 886 1678 942 οὐχ

107 942 430 998 ὑπορρωδεῖν
466 950 593 992 ποιεῖ;
630 945 703 985 τόν
739 961 783 999 γε
813 962 851 987 ν.
876 969 926 976 -
950 944 1109 997 σκάφει.
1140 948 1204 987 vel
1234 952 1318 999 τῆς
1349 944 1394 986 δὲ
1422 943 1622 1000 Φρύνης
1651 943 1677 998 ἡ

115 1002 329 1055 Χάρυβδις
359 1001 446 1055 οὐχὶ
475 999 608 1071 πόρρω
637 1017 716 1043 που
746 1007 910 1054 ψοφεῖ
936 1005 983 1046 K.
1071 1001 1221 1042 21.τώ
1252 1002 1368 1055 σκέλη
1399 1005 1518 1044 Mein.
1609 1005 1677 1045 23.

111 1056 279 1099 λαλοῦσ’
313 1061 345 1099 L
400 1056 566 1113 λαβοῦσ’
600 1062 650 1100 A.
739 1063 807 1100 25.
839 1059 1010 1113 τήνπρος
1042 1058 1096 1113 A]
1127 1060 1322 1112 σκίμπους
1353 1062 1398 1101 C.
1437 1056 1598 1112 κλισμὸς
1630 1061 1677 1101 G.

110 1117 250 1157 Herm.
313 1131 330 1157 ε
349 1116 396 1156 τα’
426 1132 491 1169 μοι
521 1118 718 1167 σκίμπους
747 1115 915 1170 γένοιτο,
946 1116 1060 1168 φησί,
1092 1114 1308 1168 τετράπους
1334 1115 1362 1169 ἢ
1381 1114 1545 1187 θρόνος
1553 1118 1677 1158 Dobr.

114 1168 195 1212 εἶτα
226 1172 443 1225 τετράπους
472 1189 512 1224 μ.
542 1190 597 1227 γ.,
628 1174 787 1225 φησίν,
818 1171 1078 1240 ἆπορούση
1107 1173 1257 1227 θρόνος
1287 1176 1334 1215 Κ.
1422 1177 1489 1215 27.
1521 1170 1675 1227 ἀπῆλθ’

110 1225 282 1284 αθῷος
319 1231 363 1270 Κ.
436 1228 571 1284 ωσπερ
603 1230 797 1279 Οἰδίπους
828 1229 1011 1284 Grotius]
1042 1213 1174 1282 ὥσπερ
1205 1228 1241 1284 γ’
1266 1233 1317 1272 A.
1397 1233 1466 1272 28.
1499 1231 1602 1272 ϊδεῖν
1622 1233 1673 1271 Α.

112 1285 292 1335 σωιζεται
324 1289 361 1327 Α
392 1286 426 1339 (ι
455 1289 547 1328 add.
579 1302 633 1327 m.
643 1286 667 1337 ¹,
698 1289 767 1328 sed
796 1286 969 1343 postea).
1027 1283 1143 1328 κούδ’
1165 1288 1268 1328 ἰδεῖν
1286 1310 1342 1318 —-
1361 1287 1521 1343 σώζεται
1553 1286 1675 1328 πάν-

108 1358 210 1383 των
237 1341 358 1396 μόνος
388 1346 451 1396 K.,
482 1347 529 1384 ut
549 1345 725 1396 Oedipus
757 1358 860 1385 unus
890 1347 1070 1385 omnium
1100 1346 1311 1386 incolumis
1340 1329 1428 1388 fuit.
1496 1347 1562 1386 29.
1593 1342 1677 1398 ἠιρ-

108 1399 219 1452 μένοι
251 1402 300 1442 A.
447 1400 596 1442 ,ἔστιν
626 1404 677 1442 Α.

223 1461 316 1499 ante
343 1472 382 1499 v.
389 1403 441 1497 311
461 1460 655 1510 scriptum
684 1460 808 1499 fuisse
838 1454 893 1506 ὥς
924 1457 1155 1508 τρισάθλιος
1186 1461 1411 1511 suspicatur
1441 1461 1675 1500 Meinekius.

110 1516 151 1554 4.
183 1514 405 1567 τρίκρανος.
436 1529 502 1556 sex
534 1517 710 1567 capitum
741 1518 804 1556 est
823 1517 931 1567 apud
950 1516 1073 1556 Hom.
1094 1516 1169 1557 Od.
1190 1518 1254 1565 12,
1270 1519 1325 1557 90
1345 1513 1520 1571 (Mein).
1580 1531 1675 1556 πον-

109 1570 174 1610 τία
195 1570 319 1612 κύων.
363 1572 537 1624 Hesych.
563 1571 750 1619 σκύλλος·
784 1568 806 1611 ὁ
836 1571 960 1612 κύων.
1006 1573 1178 1613 Lobeck.
1201 1574 1339 1613 Rhem.
1363 1575 1458 1614 276.
1510 1574 1561 1614 cf.
1582 1570 1676 1613 σκύ-

107 1629 192 1677 λαξ.
311 1631 349 1669 9
380 1628 623 1682 βαρβάρους,
653 1630 680 1669 i.
702 1642 736 1669 e.
769 1630 914 1670 divites
946 1643 992 1669 ex
1022 1630 1122 1670 Asia
1150 1632 1405 1670 mercatores.
1515 1632 1581 1670 10.
1612 1631 1676 1670 hic

111 1688 152 1725 et
181 1686 223 1724 in
252 1686 444 1736 proximis
474 1687 657 1726 versibus
687 1687 868 1738 singulos
907 1699 1021 1726 casus
1051 1687 1217 1738 attingit
1245 1690 1366 1738 poeta
1394 1700 1442 1726 ex
1471 1688 1567 1728 vitis
1596 1701 1675 1728 me-

107 1743 295 1782 retricum
326 1742 442 1782 nobis
472 1744 646 1794 ignotos.
707 1737 763 1790 εἷς
793 1741 914 1794 μόνος
935 1742 1103 1794 ἱππεύς,
1134 1747 1181 1783 ut
1209 1744 1311 1783 alter
1330 1745 1674 1794 Bellerophontes.

107 1799 379 1838 inlustrantur
417 1800 513 1839 haee
550 1800 719 1840 fortasse
758 1801 815 1839 eis
854 1813 955 1850 quae
985 1814 1032 1840 ex
1062 1801 1182 1840 Mein.
1214 1801 1331 1840 Anal.
1362 1802 1458 1840 Ath.
1491 1802 1574 1841 355
1606 1802 1672 1841 ad·

109 1856 250 1906 scripsi
282 1857 330 1895 ad
353 1856 509 1896 Alexid.
526 1857 595 1896 95.
670 1858 734 1895 14.
766 1852 990 1906 διπλάσιον,
1022 1858 1116 1907 quia
1146 1856 1382 1896 Gnathaena
1411 1858 1532 1908 duplo
1562 1859 1676 1908 peior

113 1915 174 1951 est
202 1925 321 1963 quam
354 1913 514 1963 Sinope.
597 1914 661 1952 16.
691 1908 905 1964 θηρεύεται
934 1913 1086 1966 λαβεῖν.
1117 1914 1263 1953 similia
1291 1915 1470 1965 conlegit
1499 1915 1672 1954 Lobeck.

111 1969 240 2009 Ai.7l
264 1971 304 2008 et
323 1970 413 2009 add.
490 1970 556 2009 18.
586 1972 633 2008 ut
663 1969 870 2009 Chimaera
899 1982 1118 2022 cognomen
1149 1971 1228 2010 fuit
1257 1971 1477 2010 meretricis
1507 1967 1673 2025 (Athen.

113 2027 178 2076 13,
201 2025 352 2080 583e),
391 2027 447 2066 sic
487 2027 606 2066 etiam
646 2026 878 2077 Charybdis.
927 2025 1137 2079 Χάρυβδις
1163 2023 1350 2079 ἁρπαγῆς
1381 2027 1477 2067 Cleo
1507 2030 1676 2068 vocatur

108 2082 235 2122 Arist.
267 2083 344 2133 Eq.
379 2084 475 2123 248.
569 2084 636 2123 20.
669 2087 849 2134 spectare
879 2083 973 2123 haec
995 2085 1052 2123 ad
1082 2085 1193 2123 illam
1225 2085 1419 2135 fabulam,
1462 2098 1540 2135 qua
1571 2086 1672 2125 Sire-

109 2139 226 2178 nibus
268 2152 291 2177 a
321 2140 446 2179 Musis
484 2153 636 2190 pennae
674 2141 835 2180 evulsae
864 2139 1095 2180 ferebantur
1123 2141 1280 2180 monuit
1310 2141 1672 2193 Schweighaeuser.

111 2196 163 2234 cf.
195 2195 359 2235 Preller.
392 2197 521 2247 Myth.
543 2194 628 2248 gr.²
647 2196 666 2235 I
687 2198 783 2236 481.
802 2198 841 2235 2.
931 2198 996 2236 25.
1028 2198 1202 2249 Hesych.
1233 2194 1406 2250 θρόνον·
1437 2197 1672 2250 τετράπουν,

109 2264 210 2302 quae
240 2265 287 2291 ex
317 2253 388 2292 hac
418 2254 555 2305 ecloga
583 2255 769 2304 excerpta
799 2254 987 2293 videntur
1016 2254 1068 2293 M.
1093 2254 1330 2295 Schmidtio.
1382 2269 1421 2294 v.
1447 2257 1514 2295 25.
1538 2257 1591 2295 26
1621 2257 1673 2295 ad

111 2308 303 2360 Sphingis
323 2310 507 2361 aenigma
538 2310 737 2361 pertinere
766 2310 974 2349 adnotavit
1003 2309 1181 2350 Grotius.
1271 2313 1337 2351 30.
1360 2312 1500 2362 Eurip.
1523 2313 1672 2353 Phoen.

110 2365 193 2404 808
226 2364 398 2416 (confert
429 2366 571 2419 Mein.)
600 2364 627 2405 α’
658 2379 750 2405 ποτε
781 2365 1037 2418 Καδμογενῆ.
1056 2397 1066 2406 .
1085 2364 1226 2420 ,φέρεν
1254 2365 1419 2420 αἰθέρος
1447 2368 1502 2414 εἰς
1522 2366 1674 2421 ἄβατον

110 2425 198 2469 φαῖς
227 2420 385 2472 γένναν.

790 2478 994 2512 ΝΗΡΕΤΣ

224 2535 285 2578 Cf.
325 2548 424 2586 quae
462 2537 511 2576 ad
550 2537 842 2576 Anaxandridis
882 2536 1059 2576 fabulam
1088 2537 1347 2578 adnotantur.
1398 2539 1670 2579 Anaxandridi

110 2594 243 2630 autem
284 2593 403 2631 etiam
441 2593 490 2632 fr.
523 2594 575 2633 23
614 2594 872 2632 tribuendum
912 2606 1020 2640 esse,
1060 2607 1132 2644 per
1167 2607 1339 2634 errorem
1377 2596 1427 2634 ab
1468 2597 1672 2635 Athenaeo

111 2648 306 2688 Anaxilae
336 2649 611 2701 adsignatum,
645 2650 818 2699 suspicio
847 2652 908 2690 est
936 2651 1126 2689 Meinekii
1157 2651 1176 2689 I
1208 2652 1303 2690 372.
1335 2653 1430 2692 407.

861 2737 918 2780 23

332 2806 410 2846 καί
437 2818 505 2845 τοι
535 2802 653 2846 πολύ
680 2802 726 2858 γ’
749 2802 850 2847 ἔσθ’
872 2803 1024 2860 ἥδιον·
1058 2802 1113 2847 οὐ
1142 2802 1229 2859 γὰρ
1259 2804 1319 2847 ἄν
1349 2821 1456 2849 ποτε

328 2873 487 2914 ἔπινον
517 2869 578 2914 ἄν
606 2871 702 2927 τρὶς
730 2870 914 2927 ὕδατος,
946 2876 1077 2915 οίνου
1108 2870 1152 2914 δ’
1176 2872 1225 2915 ἓν
1251 2873 1408 2928 μόνον.
