1890 3190
287 192 307 232 1
318 191 367 232 16
900 191 1221 227 ΑΝΤΙΦΑΝΟΤΣ

556 285 611 332 οὗ
640 291 805 343 πάντες
836 290 1169 345 ἐπιθυμοῦμεν,
1200 286 1257 332 ἂν
1287 289 1330 332 δ’
1362 292 1474 347 ἔλθῃ
1504 291 1632 346 ποτέ,

555 356 796 413 ἀνιώμεθ’·
843 356 986 408 οὕτως
1017 358 1152 412 ἐσμὲν
1183 355 1416 412 ἀχάριστοι
1437 356 1592 412 φύσει.

507 435 528 465 5
561 426 658 481 [τοῦ
689 427 766 481 ζῆν
795 425 883 480 γὰρ
915 424 1064 475 οὐδεὶς
1093 423 1153 475 ὥς
1183 423 1207 467 6
1236 425 1476 480 γηράσκων
1508 426 1623 481 ἐρᾷ.]
1836 488 1838 490 -

400 507 592 547 Stobaeus
630 508 769 547 Floril.
811 509 911 557 115,
948 510 971 547 9
1019 506 1221 559 Κράτητος
1266 504 1305 556 ἐξ
1347 503 1610 556 Ἀντιφάνους
1645 508 1683 546 A
1721 507 1818 548 Vos

284 564 335 602 cf.
366 564 536 602 Meinek.
568 564 674 603 162.
714 564 933 603 Π247.8.
1031 566 1069 603 1.
1098 562 1244 616 γῆρας]
1281 557 1324 601 τὸ
1359 564 1481 616 γῆρας
1510 563 1624 605 Voss.
1717 565 1757 603 2.
1786 567 1842 602 o‘

286 617 454 672 Gesner]
484 614 528 672 ᾠ.
608 616 787 666 θάνατος
817 616 856 657 δ’
888 621 938 659 Α.
1024 634 1063 660 v.
1095 622 1119 658 5
1152 620 1339 670 Sophocli
1368 620 1562 660 tribuitur
1591 619 1705 660 Stob.
1739 622 1837 672 116,

285 678 358 726 39,
404 660 559 716 Acrisio
599 677 806 727 Sophoclis
842 673 915 729 (63
956 673 1127 730 Nauck.)
1167 677 1277 718 Stob.
1323 679 1421 728 119,
1453 678 1491 716 7.
1569 676 1834 721 imitationem

284 731 485 771 Ciceronis
516 732 600 772 Cat.
632 735 722 772 mai.
746 735 769 771 2
802 734 1012 781 εεεφιεσίιιε,
1044 746 1161 782 quam
1188 738 1232 773 ut
1251 735 1521 782 adipiscamur
1539 744 1670 772 omnes
1689 737 1838 788 opimata

283 790 444 829 eandem
473 794 658 829 accusant
686 791 886 839 adeptam:
925 793 1037 829 tanta
1074 794 1128 829 est
1166 791 1352 829 stultitiae
1389 790 1653 830 mmmmm
1690 793 1725 829 et
1745 802 1837 840 per-

284 845 467 884 versitas’
499 846 691 886 indicavit
721 847 773 884 M.
806 846 1006 895 Hauptius
1037 846 1180 896 Opusc.
1212 846 1274 884 III
1304 848 1398 885 380.
1460 847 1511 886 cf.
1543 845 1662 884 etiam
1693 846 1739 887 fr.
1769 847 1837 887 94.

1021 956 1105 998 239

516 1031 666 1084 οὐδεὶς
694 1034 748 1075 τὰ
778 1033 964 1090 πατρῷά
995 1049 1063 1076 πω
1093 1034 1241 1088 γε’ρων
1270 1033 1595 1090 κατεδήδοκεν,

515 1099 614 1143 ἀλλ’
647 1098 754 1144 οὐδὲ
784 1101 1114 1157 κατεμτόρανεν,
1147 1099 1246 1143 οὐδ’
1280 1100 1472 1144 ἐλύσατο

516 1169 775 1224 πορνίδιον,
808 1167 915 1210 οὐδὲ
943 1171 1222 1225 θυροκοπῶν
1253 1161 1407 1225 ὦφλεν
1437 1170 1583 1225 δίκην.

514 1235 631 1278 οὕτω
660 1232 710 1277 τὸ
739 1238 880 1291 γῆρας
909 1239 1183 1291 σωφρονοῦν
1213 1235 1297 1278 οὐκ
1329 1235 1518 1292 εὐτυχεῖ.

396 1330 591 1369 Stobaeus
622 1331 759 1370 Floril.
782 1331 874 1380 116,
891 1332 943 1369 26
961 1323 1225 1379 Ἀντιφάνους
1245 1331 1362 1370 Voss.
1402 1331 1546 1370 desunt
1565 1343 1702 1371 versus
1721 1331 1764 1370 in
1783 1331 1832 1372 A.
1870 1336 1872 1338 ’

287 1390 323 1426 1.
363 1380 641 1435 κατεὸήὸωκεν
670 1387 784 1426 Voss.
880 1388 919 1425 2.
953 1383 1137 1436 ἐλύσατο,
1182 1399 1227 1426 ex
1261 1388 1452 1426 servitute
1500 1409 1552 1415 —
1597 1388 1837 1436 sequebatur

283 1444 389 1493 apud
431 1446 589 1494 poetam
627 1443 863 1494 disputatio,
908 1457 977 1482 cur
1010 1445 1054 1482 in
1091 1446 1203 1483 tanta
1241 1444 1434 1483 modestia
1478 1446 1613 1483 tamen
1652 1445 1826 1484 senecta

282 1501 426 1539 misera.
462 1502 578 1539 esset.
652 1501 805 1539 fallitur
843 1501 949 1539 enim
986 1500 1277 1539 Herwerdenus
1317 1500 1431 1539 Stud.
1469 1501 1556 1540 crit.
1596 1501 1664 1539 82.
1721 1513 1834 1552 κατ-

281 1554 504 1607 εμσόρανεν,
537 1557 586 1595 cf.
607 1557 752 1594 Eubul.
774 1557 841 1594 54.

969 1610 1101 1652 2408.
1119 1614 1144 1651 b

486 1686 650 1742 σφόδρ’
684 1686 808 1730 ἐστὶν
837 1685 963 1743 ἡμῶν
993 1687 1016 1730 6
1049 1689 1145 1742 βίος
1176 1691 1285 1743 οἴνῳ
1316 1688 1599 1742 προσφερής·

484 1754 599 1797 ὅταν
628 1749 659 1810 ᾗ
688 1754 738 1797 τὸ
769 1755 929 1797 λοιπὸν
958 1755 1144 1811 μικρόν,
1176 1754 1277 1805 ὅξος
1305 1757 1489 1809 γίνεται.

484 1821 598 1877 πρὸς
625 1821 712 1877 γὰρ
741 1821 791 1865 τὸ
821 1826 962 1878 γῆρας
989 1822 1133 1877 ὥσπερ
1165 1823 1461 1878 ἐργαστήριον

484 1888 660 1932 ἅπαντα
690 1888 978 1945 τάνθρώπεια
1008 1893 1262 1946 προσφοιτᾷ
1291 1889 1418 1932 κακά.
1466 1942 1471 1946 ⁴

395 1984 587 2024 Stobaeus
615 1985 752 2023 Floril.
781 1986 1051 2033 116,13.14.
1101 1985 1319 2034 utrubique
1347 1979 1611 2032 Ἀντιφάνους
1642 1985 1690 2023 Α.
1739 1989 1836 2025 con-i
1868 1991 1870 2019 ἰ

280 2041 410 2080 iunxit
437 2042 532 2080 haec
561 2041 611 2080 ad
641 2054 763 2079 unum
783 2041 1051 2091 fragmentum
1072 2041 1290 2079 Meinekius
1319 2041 1361 2078 in
1391 2041 1628 2079 comicorum
1658 2041 1831 2081 editione
1867 2066 1869 2090 3

281 2101 465 2147 utraque,
506 2098 705 2147 separavit
741 2098 783 2135 in
823 2097 934 2136 Stob.
1022 2111 1060 2137 v.
1094 2099 1134 2136 3.
1157 2098 1182 2134 4
1221 2097 1341 2135 etiam
1378 2097 1570 2165 eArsenius
1599 2097 1703 2137 Viol.
1737 2098 1829 2137 129.
1868 2095 1869 2098 '

283 2158 319 2193 1.
350 2149 492 2205 σφόδρ’
525 2152 666 2205 Mein.]
699 2151 853 2204 σφόδρα
884 2152 932 2192 τί.
991 2146 1101 2204 ἡμῶν
1131 2149 1152 2192 ὁ
1183 2152 1269 2203 βίος
1290 2150 1341 2204 A]
1374 2149 1395 2190 6
1425 2152 1512 2204 βίος
1541 2148 1667 2204 ἡμων,
1725 2166 1829 2194 com·
1867 2155 1869 2209 ξ

279 2213 394 2261 parat
423 2210 584 2249 Grotius
614 2211 779 2249 Anthol.
809 2211 895 2249 Pal.
927 2209 967 2248 II
987 2210 1040 2249 43
1070 2207 1123 2248 ἄν
1151 2211 1394 2275 περιλειφθῇ
1422 2207 1567 2262 μικρὸν
1596 2206 1640 2248 ἕν
1667 2206 1831 2278 αγγεσιν

279 2264 394 2317 ἡδέος
423 2265 559 2316 σι’νου,
601 2266 657 2313 εἰς
693 2262 766 2314 ὀξὺ
802 2265 980 2318 τρέπεται
1018 2280 1131 2305 τουτο
1166 2260 1209 2304 τὸ
1245 2262 1491 2316 λειπόμενον.
1561 2263 1665 2305 οὕτω
1699 2262 1830 2305 ἅπαν-

280 2321 422 2374 πλήσας
444 2317 511 2361 τὸν
531 2320 624 2362 όλον
652 2322 763 2373 βίον,
793 2323 849 2370 εἰς
869 2320 981 2375 βαθὺ
1012 2319 1052 2361 δ’
1086 2317 1217 2362 ἐλθών
1234 2326 1358 2374 γῆρας
1386 2317 1408 2360 6
1430 2321 1655 2374 πρεσβύτης
1681 2321 1838 2374 γίνεται

279 2375 492 2446 ὀξύχολος.
559 2382 598 2419 3.
629 2375 681 2425 ὥς
710 2376 808 2445 πρὸς
839 2380 965 2419 Cobet
985 2379 1033 2418 V.
1054 2377 1102 2419 l.²
1125 2382 1204 2420 163
1225 2391 1285 2429 sq.
1346 2378 1547 2428 yraecum
1576 2382 1637 2419 est
1665 2377 1729 2418 ἐπὶ
1750 2377 1830 2430 τὴν

280 2428 430 2488 ἡδονὴν
459 2431 590 2487 ωσπερ
621 2433 683 2474 ἐπὶ
713 2434 784 2474 τὸν
812 2435 882 2475 τοῦ
913 2433 1021 2474 ἐλέου
1045 2433 1183 2487 βωμὸν
1210 2437 1467 2486 καταφυγεῖν.
1528 2437 1562 2475 si
1581 2438 1828 2500 transponas,
1865 2447 1867 2476 ;

278 2492 518 2558 praepositio
554 2505 634 2531 non
671 2493 884 2542 repetitur:
931 2490 1062 2544 ω’σπερ
1103 2491 1166 2532 ἐπὶ
1210 2487 1277 2529 τὸν
1319 2495 1390 2529 τοῦ
1430 2488 1537 2531 ἐλέου
1575 2489 1714 2543 βωμὸν
1755 2485 1828 2543 τὴν
1866 2493 1867 2501 ³

278 2544 430 2601 ἡδονὴν
470 2547 752 2599 καταφυγεῐν’.
819 2549 960 2588 Cobeti
1002 2549 1103 2588 hanc
1148 2561 1231 2589 esse
1275 2548 1422 2598 legem,
1466 2561 1548 2588 non
1585 2549 1828 2588 Atticorum
1866 2555 1867 2558 ’

279 2618 519 2657 quamquam
548 2606 694 2645 nubem
725 2606 1044 2646 testimoniorum
1070 2605 1266 2657 congerit,
1297 2604 1376 2642 uia
1405 2604 1602 2644 docebunt
1628 2605 1830 2670 exempla·
1865 2651 1866 2654 Ἴ

277 2664 399 2703 Isocr.
435 2663 609 2708 15,160
645 2658 746 2713 ὑπὲρ
786 2661 855 2701 τοῦ
884 2659 937 2713 μὴ
970 2663 1156 2701 πλουτεῖν
1195 2658 1325 2711 ωσπερ
1361 2664 1441 2699 τῶν
1468 2661 1661 2712 μεγίστων
1688 2655 1808 2712 ἆδικη
1863 2700 1865 2711 1

277 2715 412 2770 μάτων
433 2714 647 2770 ἀπολογίαν
667 2719 732 2758 δεῖ
747 2714 1128 2786 παρασκευάζεσθαι.
1179 2718 1303 2757 Arist.
1323 2717 1400 2758 Av.
1424 2719 1504 2757 538
1535 2714 1800 2757 κατεσκέδασα
1827 2736 1828 2739 ¹
1864 2749 1865 2763 ς

199 2802 202 2804 -
278 2774 392 2814 τοῦτο
421 2772 522 2814 καθ’
561 2771 675 2826 ὑμῶν
713 2774 825 2815 αὔων
866 2771 997 2827 ω’σπερ
1030 2774 1276 2827 κενεβρείων.
1336 2773 1442 2812 Nub.
1473 2775 1553 2813 947
1592 2771 1722 2827 ωσπερ
1750 2765 1832 2821 ὑπ’,
1863 2788 1866 2822 3

271 2828 499 2884 ἀνθρηνων
527 2827 609 2870 ὑπὸ
635 2832 715 2871 τῶν
743 2833 913 2884 γνωμῶν
931 2829 1143 2873 άπολεῐται
1203 2825 1503 2882 ἐργαστήρια
1534 2831 1702 2870 Athenis
1732 2842 1830 2870 sun
1862 2835 1865 2897 1
