1864 3204
178 181 261 226 232
803 181 890 214 ΦΙΛ
896 179 1108 213 ΕΤΔΙΡΟΤ

383 363 554 401 παῦσαι
581 359 727 414 γέρων
759 354 823 400 (ὂν
852 356 958 408 τούς
986 358 1192 413 τρόπους.
1254 356 1338 400 οὐκ
1369 354 1489 401 οἶσθ’
1522 356 1589 400 ὅτι

380 426 568 481 ἥδιστόν
601 427 724 470 ἐστιν
755 424 1006 468 ἀποθανεῖν
1035 424 1250 481 βινοῦνθ’
1282 424 1390 480 ἅμα,

262 551 270 557 -
383 493 533 549 ὥσπερ
564 495 775 549 λέγουσιν
805 491 1059 536 ἀποθανεῖν
1090 496 1362 549 Φορμίσιον;

295 576 528 616 Athenaeus
573 579 639 624 13,
672 578 754 615 570
769 577 818 614 ef
859 574 958 614 κατὰ
1002 572 1075 626 τὴν
1118 575 1352 627 Φιλεταίρου
1397 574 1607 627 Κυνηγίδα
1649 577 1730 615 κτλ.

184 637 222 674 2.
252 628 417 684 ἥδιστόν
447 631 553 671 ἐστιν
583 633 709 683 Toup.
739 632 922 671 Addend.
956 633 1121 672 Theocr.
1156 634 1221 680 21,
1245 634 1296 672 26
1328 646 1367 682 p,
1389 631 1490 683 403]
1522 628 1596 670 οὐκ
1626 629 1733 670 ἔστιν

181 688 344 741 ἥδιστον
372 690 422 728 A.
466 712 517 717 ——
556 691 603 728 de
633 690 852 728 Phormvisso
890 690 940 728 cf.
973 702 1073 738 quae
1102 690 1151 728 ad
1181 690 1360 728 Platonis
1391 687 1584 741 Πρέσβεις
1614 689 1733 728 adno-

182 748 356 814 ‘navim-us
386 748 427 785 et
454 746 645 786 Fritzsch.
678 746 804 784 Arist.
838 746 937 784 Ran.
971 747 1064 784 965.

948 856 970 896 7

385 937 431 977 τί
456 935 528 976 δεῖ
553 932 640 988 γὰρ
670 932 781 977 ὄντα
810 932 1003 988 θνητόν,
1038 934 1246 987 ἱκετεύω,
1278 941 1440 988 ποιεῖν,

384 1002 502 1057 πλὴν
531 1000 672 1057 ἡδέως
701 1004 779 1056 ζῆν
809 998 890 1043 τὸν
919 1002 1022 1056 βίον
1051 999 1157 1044 καθ’
1188 998 1372 1056 ἡμέραν,

387 1071 470 1112 ε’ὀιν
503 1071 580 1125 ἔχῃ
611 1085 676 1119 τις
707 1066 900 1121 ὁπόθεν;
933 1067 1047 1111 ἀλλά
1079 1070 1150 1111 δεῖ
1176 1076 1363 1111 σκοπεῖν

386 1135 510 1179 τοῦτ’
543 1135 678 1191 αὐτό,
710 1135 988 1192 τάνθρώπει’
1021 1135 1197 1190 ὁρῶντα
1227 1138 1488 1194 πράγματα,

329 1214 349 1244 5
383 1206 445 1255 εἰς
475 1203 640 1259 αὔριον
670 1205 719 1246 δὲ
748 1205 859 1260 μηδὲ
890 1207 1146 1260 φροντίζειν
1175 1202 1200 1246 δ’
1230 1220 1273 1246 τι

384 1274 525 1315 ἔσται’
567 1272 808 1326 περίεργόν
841 1272 962 1314 ἐστιν
993 1271 1266 1315 ἀποκεῖσθαι
1295 1270 1420 1314 πάνυ

385 1341 528 1382 ἕωλον
559 1340 692 1382 ἔνδον
723 1338 956 1395 ἀργύριον.

298 1434 526 1472 Athenaeus
548 1435 587 1483 7,
611 1435 722 1472 2800
753 1430 979 1484 Φιλέταιρος
1004 1433 1198 1485 Κυναγίδι
1218 1436 1296 1473 κτλ.
1371 1434 1410 1472 2.
1433 1430 1668 1484 καθημὲραν
1690 1433 1738 1472 Α.

183 1492 221 1529 4.
245 1486 482 1541 τάνθρώπια
503 1491 551 1528 Α.
631 1491 667 1528 5.
689 1486 788 1540 μηδὲ
809 1490 911 1529 add„
921 1489 1082 1529 Grotius
1103 1491 1288 1540 Excerpt.
1314 1492 1409 1529 875.
1455 1487 1477 1528 ’ὅ
1502 1504 1538 1528 τι
1559 1490 1737 1529 Erfurdt.

184 1545 444 1642 ι11ἓ4ξ11εἷί1τ1ιὲ
531 1548 567 1585 7.
599 1540 809 1598 τάργύριον
839 1547 959 1585 Mein.
992 1547 1108 1586 Anal.
1142 1547 1237 1586 Ath.
1272 1548 1365 1586 124.
1401 1569 1449 1574 —
1482 1544 1663 1595 ἱκετεύω,
1694 1548 1740 1585 ut

222 1617 245 1641 u
275 1617 301 1641 u
321 1632 330 1642 .
450 1631 459 1641 .

300 1661 338 1698 2.
380 1654 447 1697 τὸν
483 1656 582 1697 καθ’
622 1655 774 1711 ἡμέραν
811 1658 899 1710 βίον
938 1660 1020 1698 sine
1060 1661 1143 1698 ulla
1179 1661 1410 1699 necessitate
1451 1659 1741 1698 Herwerdenus

186 1717 332 1755 Mnem.
364 1730 456 1755 nov.
489 1716 570 1755 IIII
599 1718 692 1757 319.
741 1717 939 1755 hominem
970 1717 1065 1755 dicit
1095 1717 1195 1755 nihil
1226 1717 1440 1766 sapientius
1470 1717 1597 1755 facere
1627 1728 1741 1766 posse

188 1786 306 1823 quam
337 1773 479 1812 cotidie
509 1773 593 1812 vita
623 1773 856 1812 suavissime
885 1773 978 1813 frui.
1037 1786 1168 1823 neque
1197 1773 1442 1811 Meinekium
1474 1774 1632 1812 secutus
1653 1785 1739 1811 sum

186 1830 236 1868 fr.
269 1831 293 1868 6
324 1831 364 1869 et
396 1831 419 1868 7
452 1830 494 1868 in
523 1843 647 1868 unum
678 1830 986 1880 coniungentem
1016 1830 1168 1869 incerta
1197 1842 1360 1879 prorsus
1392 1830 1626 1868 coniectura.

955 1940 980 1981 8

457 2015 542 2059 οὐκ
575 2015 672 2067 ἐτὸς
702 2018 878 2072 ἑταίρας
910 2017 1034 2073 ἱερόν
1065 2018 1159 2060 ἐστι
1189 2019 1433 2072 πανταχοῦ,

457 2083 557 2126 ἀλλ’
590 2083 688 2140 οὐχὶ
717 2088 909 2140 γαμετῆς
939 2083 1142 2140 οὐδαμοῦ
1172 2087 1249 2140 τῆς
1268 2080 1493 2135 Ἑλλάδος.

302 2167 530 2206 Athenaeus
571 2169 642 2217 13,
665 2169 785 2207 572d
821 2166 910 2219 περὶ
950 2166 994 2205 δὲ
1030 2172 1110 2206 τῶν
1147 2164 1313 2218 ἑταιρῶν
1341 2165 1408 2205 καὶ
1440 2163 1667 2218 Φιλέταιρος
1698 2164 1743 2205 ἐν

192 2222 391 2275 Κυνηγίδι
421 2222 514 2262 τάδε
545 2223 669 2274 φησίν
690 2226 770 2263 κτλ.
821 2225 870 2264 cf.
893 2225 942 2264 fr.
965 2226 1010 2273 5,
1043 2225 1152 2263 euius
1173 2237 1211 2263 v.
1237 2226 1257 2261 1
1290 2223 1353 2263 hic
1383 2237 1539 2274 quoque
1568 2223 1739 2262 adicien-

191 2282 285 2320 dum
314 2284 449 2319 censet>
480 2281 712 2319 Meinekius.
956 2334 982 2375 9

276 2411 376 2468 οὐχὶ
407 2413 628 2468 Κερκώπη
657 2412 741 2468 μὲν
770 2411 856 2468 ἤδη
886 2410 1034 2467 γέγον’
1068 2413 1141 2467 ἔτη
1172 2414 1413 2468 τρισχίλια,

275 2478 301 2535 ἡ
334 2480 384 2522 δὲ
414 2483 692 2530 Διοπείθους
721 2477 863 2535 ἀηδὴς
899 2480 1079 2530 Τέλεσις
1109 2479 1237 2535 ἕτερα
1265 2482 1425 2535 μυρία;

277 2547 507 2602 Θεολύτην
537 2546 577 2590 δ’
614 2547 713 2590 οὐδ’
747 2544 868 2589 οἶδεν
899 2546 1067 2601 οὐδείς,
1100 2546 1173 2589 ὅτε
1202 2545 1252 2590 τὸ
1283 2550 1462 2602 πρῶτον
1493 2547 1682 2602 ἐγένετο.

278 2613 376 2670 οὐχὶ
407 2616 519 2665 Λαῒς
547 2616 629 2670 μὲν
659 2614 896 2658 τελευτῶσ’
930 2613 1157 2657 ἀπέθανεν
1186 2616 1458 2670 βινουμένη,

226 2693 247 2723 5
273 2681 472 2738 Ἰσθμιὰς
502 2683 551 2725 δὲ
583 2683 658 2725 καὶ
691 2684 861 2736 Νέαιρα
890 2683 1170 2737 κατασέσηπε
1200 2681 1273 2724 καὶ
1305 2684 1442 2733 Φίλα;

280 2750 526 2805 Κοσσύφας
557 2751 605 2792 δὲ
637 2752 707 2792 καὶ
740 2749 946 2805 Γαλήνας
972 2749 1046 2792 καὶ
1076 2749 1293 2805 Κορώνας
1321 2748 1376 2792 οὐ
1408 2749 1542 2804 λέγω·

281 2818 383 2872 περὶ
414 2817 462 2860 δὲ
495 2819 664 2868 Ναΐδος
694 2819 871 2860 σιωπῶ·
908 2819 1131 2872 γομφίους
1159 2815 1246 2873 γάρ
1279 2817 1362 2860 οὐκ
1393 2819 1494 2872 ἔχει.
