1864 3204
248 245 331 286 428
926 248 1112 282 ΕΡΙΦΟΤ

522 343 591 388 ἀεὶ
621 343 675 388 τὰ
705 345 846 402 σεμνὰ
875 344 1021 390 πάντα
1051 348 1257 403 κέκτηται
1288 348 1481 403 φθόνον.

521 754 635 796 εἰσίν
665 769 782 804 τινες
811 757 899 796 νῦν
930 752 1009 804 οὓς
1037 752 1087 797 τὸ
1115 756 1383 810 βασκαίνειν
1412 756 1578 811 τρέφει.

365 847 558 886 Stobaeus
589 848 727 887 Floril.
762 850 835 899 38,
859 850 883 886 2
915 847 1134 888 Διονυσίου
1163 849 1201 888 Α
1231 852 1271 888 et
1302 851 1325 888 6
1358 848 1576 889 Διονυσίου
1605 851 1655 890 A.
1685 851 1799 892 Voss.

362 906 399 942 3.
431 901 641 954 κέκτηνται
671 905 717 944 A.
823 907 862 945 5.
892 903 997 952 λιτὸς
1026 901 1252 958 γενόμενος]
1285 902 1406 953 αὐτὸς
1435 903 1650 957 πενόμενος
1681 907 1729 948 G.
1750 908 1800 948 A.

247 959 444 1010 Hirsehig.
476 962 583 999 Ann.
615 962 702 1000 crit.
740 963 801 1001 17.
860 962 1023 1001 dubium
1059 965 1122 1002 est
1149 964 1199 1002 ad
1230 964 1425 1014 tragicum
1456 964 1551 1003 haec
1581 977 1632 1003 an
1661 965 1711 1003 ad
1740 978 1802 1005 co-

247 1016 396 1055 micum
425 1018 673 1066 pertineant:
708 1031 947 1069 quamquam
978 1020 1055 1058 duo
1085 1020 1218 1059 ultimi
1239 1021 1366 1071 magis
1386 1021 1609 1060 comoediae
1631 1022 1802 1072 speciem

248 1073 440 1113 referunt.

854 1347 898 1394 E
919 1347 960 1394 P
977 1347 1003 1395 I
1022 1347 1069 1395 Φ
1091 1347 1134 1396 O
1156 1348 1198 1395 Σ

824 1450 993 1489 Meinek.
1024 1451 1044 1488 I
1074 1451 1170 1490 420.
1197 1452 1232 1489 1.

928 1572 1115 1606 ΑΙΟΛΟΣ

1014 1652 1036 1692 1

517 1728 651 1784 λόγος
679 1729 766 1784 γάρ
799 1726 892 1772 ἐστ’
917 1727 1098 1784 ἀρχαῖος
1127 1728 1182 1771 οὐ
1213 1732 1362 1780 κακῶς
1391 1731 1516 1785 ἔχων.

517 1794 645 1839 οἶνον
676 1798 858 1852 λέγουσι
888 1795 993 1847 τούς
1022 1796 1257 1852 γέροντας,
1289 1789 1324 1839 ὦ
1355 1797 1518 1854 πάτερ,

516 1866 696 1907 πείθειν
724 1861 932 1920 χορεύειν
963 1862 1018 1907 οὐ
1047 1864 1279 1915 θέλοντας.

357 1958 585 1998 Athenaeus
607 1959 646 2008 4,
668 1959 778 1998 1340
805 1954 956 2012 Ἐρίφῳ
988 1962 1041 2012 τῷ
1070 1963 1230 2012 κωμικῷ
1260 1955 1302 1996 ἐν
1331 1954 1464 2012 Αἰόλῳ
1495 1956 1677 2011 εἰρημένα
1707 1958 1800 1999 τάδε

243 2016 324 2052 κτλ.
389 2015 624 2055 Eustathius
657 2018 776 2066 1770,
801 2017 823 2054 7
864 2013 906 2054 τὸ
943 2019 1016 2054 τοῦ
1051 2020 1229 2064 κωμικοῦ
1255 2011 1449 2066 Ἐρίφου,
1487 2011 1662 2063 εἰπόντες
1701 2012 1798 2070 (scr.

242 2066 441 2129 εἰπόντος)
473 2069 532 2110 ὅτι
562 2074 643 2111 κτλ.
740 2075 776 2111 3.
815 2067 888 2110 οὐκ
928 2070 1138 2118 ἐθέλοντας
1167 2072 1281 2111 Eust.
1312 2074 1431 2122 poeta
1460 2085 1575 2112 anon.
1607 2073 1699 2113 Ath.
1733 2074 1797 2124 10,

242 2129 358 2166 428a
395 2129 502 2174 οἰνος
537 2125 670 2180 ἄνωγε
707 2125 870 2180 γέροντα
910 2127 977 2167 καὶ
1006 2124 1079 2167 οὐκ
1110 2125 1297 2167 ἐθέλοντα
1327 2126 1519 2180 χορεύειν,
1558 2130 1662 2168 unde
1699 2125 1798 2168 κούκ

243 2181 454 2230 ἐθέλοντας
487 2185 607 2224 Mein.
640 2186 681 2223 in
712 2185 807 2224 Ath.

902 2307 1143 2340 MEAIBOIA

356 2389 501 2428 Nescio
539 2401 589 2427 an
619 2389 694 2427 huo
724 2389 952 2439 pertineant
982 2401 1082 2439 quae
1114 2389 1275 2428 Servius
1305 2390 1443 2427 narrat
1473 2388 1592 2439 Verg,
1622 2388 1723 2428 Aen.
1758 2391 1793 2437 1,

244 2445 344 2483 724:
381 2446 570 2485 Meliboea
599 2449 633 2485 et
653 2446 787 2485 Alexis
816 2458 946 2484 amore
974 2458 1014 2484 se
1043 2449 1176 2484 mutuo
1206 2447 1419 2484 dilexerunt
1448 2449 1482 2484 et
1511 2447 1728 2484 iuramento
1756 2458 1796 2485 se

242 2503 538 2541 adstrinxerunt
567 2506 610 2541 ut
639 2514 726 2541 eum
755 2505 904 2550 tempus
931 2503 1161 2550 nuptiarum
1179 2503 1342 2541 venisset
1361 2502 1510 2540 sibimet
1528 2501 1795 2551 iunyerentur.

240 2559 307 2597 sed
336 2571 423 2597 cum
451 2560 641 2608 virginem
661 2562 846 2607 parentes
873 2560 938 2598 sui
966 2560 1036 2597 alii
1064 2560 1363 2606 despondissent,
1382 2588 1390 2596 .
1411 2588 1420 2597 .
1436 2557 1570 2597 Alexis
1586 2587 1594 2596 .
1613 2588 1621 2596 .
1639 2561 1795 2606 sponta-

241 2627 357 2653 neum
385 2616 503 2654 subiit
533 2616 722 2654 exsilium.
766 2618 872 2664 viryo
902 2618 1031 2654 autem
1059 2616 1141 2663 ipso
1170 2616 1400 2663 nuptiarum
1428 2615 1488 2653 die
1506 2618 1620 2653 semet
1639 2615 1684 2653 de
1703 2617 1794 2654 teoto

235 2672 519 2719 praecipitavit.
578 2683 675 2719 quae
712 2684 798 2711 eum
827 2673 977 2710 inlaesa
1006 2672 1221 2716 decidisset,
1259 2672 1304 2709 in
1331 2671 1468 2720 fugam
1498 2682 1680 2710 conversa
1701 2683 1792 2718 per-

239 2729 342 2766 venit
372 2729 425 2766 ad
453 2729 544 2766 litus
577 2729 704 2776 ibique
731 2729 917 2776 scapham
946 2729 1163 2772 adscendit,
1195 2739 1239 2766 em
1268 2740 1346 2775 qua
1373 2731 1506 2775 sponte
1534 2727 1650 2774 funes
1677 2728 1792 2766 soluti

241 2796 318 2822 esse
347 2785 534 2823 dicuntur
542 2798 555 2822 .·
585 2786 780 2824 voluntate
807 2786 936 2833 itaque
965 2785 1122 2823 deorum
1145 2787 1323 2832 pervecta
1353 2787 1407 2822 est
1434 2784 1503 2822 ubi
1531 2787 1684 2822 amator
1710 2795 1789 2821 mo-

240 2840 428 2878 rabatur:
458 2853 576 2888 quam
604 2853 692 2880 eum
720 2842 801 2880 ille.
820 2869 828 2878 .
848 2870 856 2879 .
874 2842 1108 2888 suscepisset,
1127 2870 1135 2878 .
1156 2870 1164 2878 .
1184 2869 1192 2878 .
1209 2841 1391 2888 templum
1410 2841 1607 2879 constituit
1627 2835 1791 2891 (Veneri

240 2893 513 2948 Automatae).
564 2897 611 2935 cf.
647 2897 694 2935 E.
728 2897 875 2945 Rohde,
908 2896 1062 2935 Griech.
1094 2897 1207 2935 Rom.
1241 2897 1309 2935 41.
