1864 3204
245 238 328 278 442
681 233 1016 267 ΜΝΗΣῙΜΑΧΟΤ
1040 233 1188 270 ΑΔΗΛ.
1215 234 1358 267 ΔΡΑΜ.

416 339 464 378 Β.
498 335 645 384 οὐδεὶς
675 334 906 390 πάρεστιν.
958 337 1011 377 A.
1045 325 1095 376 εὖ
1123 348 1175 388 γε
1206 334 1421 388 δρῶντες·
1453 328 1540 389 ἆρά
1569 348 1659 376 που

416 401 556 458 ὀπτὴν
587 404 879 445 κατεσθίουσι
910 401 1044 444 πόλιν
1070 400 1315 456 Ἀχαιικήν;

356 498 584 536 Athenaeus
618 498 688 545 10,
711 497 831 536 418b
861 493 928 534 καὶ
960 493 1176 547 Φαρσάλιοι
1206 492 1250 533 δὲ
1278 494 1563 549 κωμῳδοῦνται
1591 488 1645 542 ὡς
1673 496 1797 535 πολυ-

245 551 374 605 φάγοι.
417 553 679 604 Μνησίμαχος
708 558 808 604 γοῦν
838 550 881 591 ἐν
901 551 1086 605 Φιλίππῳ
1116 551 1219 602 φησί
1245 554 1325 590 κτλ.
1405 553 1443 591 2.
1474 550 1538 591 καὶ
1570 553 1660 592 add.
1683 552 1798 592 Grot-

243 611 427 659 Excerpt.
463 612 556 649 663.
647 612 684 650 3.
716 623 794 659 αρα
823 609 873 648 A.
962 610 1001 648 4.
1029 605 1235 660 Ἀχαιικήν
1263 607 1333 660 Κ.]
1363 605 1563 660 Ἀχαϊκήν.
1615 610 1664 651 cf.
1697 621 1798 660 quae

243 667 521 706 adnotavimus
551 666 601 705 ad
631 667 755 706 Arist.
787 667 894 706 Nub.
927 668 1020 705 821.
1068 666 1286 716 Antiphan.
1308 667 1376 716 44,
1401 668 1437 705 6.
1469 687 1523 694 -
1552 666 1721 706 fortasse
1751 678 1799 705 ex

243 723 378 762 eadem
410 736 548 762 scaena
579 725 808 773 excerptum
839 737 882 762 ac
912 723 961 761 fr.
986 725 1024 761 7.

1011 832 1037 874 9

1098 887 1173 930 καὶ
1203 887 1252 931 τὸ
1283 888 1529 944 λεγόμενον

541 956 852 1012 σπανιώτερον
882 956 1099 1012 πάρεστιν
1129 954 1331 1011 ὀρνίθων
1361 956 1499 1011 γάλα,

541 1025 615 1067 καὶ
646 1023 868 1079 φασιανὸς
898 1022 1242 1080 ἀποτετιλμένος
1272 1026 1429 1074 κοιλως.

355 1120 581 1159 Athenaeus
612 1121 657 1168 9,
680 1120 794 1159 3879.
825 1118 1091 1170 Μνησίμαχος
1123 1115 1166 1158 ἐν
1195 1117 1379 1171 Φιλίππῳ
1409 1113 1485 1172 (εἷς
1515 1115 1559 1157 δὲ
1588 1116 1656 1158 καὶ
1683 1112 1800 1166 οὗτός

242 1173 319 1214 ἔστι
351 1181 428 1215 τῶν
457 1181 526 1227 τῆς
558 1173 678 1226 μέσης
699 1175 917 1243 κωμῳδίας
947 1172 1142 1230 ποιητῶν)
1173 1175 1273 1226 φησί
1299 1177 1379 1214 κτλ.
1455 1177 1491 1214 2.
1523 1169 1800 1214 σπανιώτατον

242 1234 360 1272 Mein.
448 1233 522 1284 γάρ
554 1230 660 1271 ἐστιν
690 1229 717 1283 ἢ
748 1233 861 1272 Grot.
882 1234 1066 1283 Excerpt.
1091 1234 1185 1272 663.
1263 1230 1330 1271 καὶ
1355 1233 1361 1279 Ι
1387 1229 1430 1270 τὸ
1460 1229 1674 1284 λεγόμενον
1702 1230 1800 1284 πάρ·

242 1300 345 1328 εστιν
375 1284 460 1339 ὀρν.
491 1305 525 1341 γ.
557 1290 762 1329 Herwerd.
795 1290 895 1329 Nov.
921 1290 1011 1328 add.
1034 1290 1122 1328 crit.
1146 1290 1212 1328 35.
1301 1284 1399 1327 τοῖλα
1429 1289 1479 1327 Α.
1530 1289 1700 1329 fortasse
1730 1286 1796 1328 καὶ

241 1344 510 1398 σπανιώτερον
536 1344 541 1398 Ι
569 1344 610 1385 τὸ
641 1341 850 1397 λεγόμενον
880 1344 1071 1398 πάρεστιν
1099 1348 1179 1385 κτλ.
1231 1346 1282 1385 cf.
1315 1346 1435 1385 Arist.
1467 1346 1543 1385 Av.
1578 1347 1673 1386 733.
1757 1351 1760 1354 '

997 1457 1049 1498 10

527 1534 612 1577 οὐκ
642 1533 756 1577 ἀλλὰ
787 1536 860 1578 καὶ
891 1538 968 1590 τῆς
999 1534 1162 1585 νυκτός
1193 1535 1288 1578 ἐστι
1318 1536 1514 1590 Δωρίων

525 1603 659 1646 ἔνδον
690 1601 799 1658 παρ’
821 1601 930 1659 ημῖν
962 1602 1354 1659 λοπαδοφυσητής.

354 1698 583 1736 Athenaeus
614 1699 661 1746 8,
685 1699 807 1736 338b
847 1695 907 1736 ὅτι
937 1694 976 1736 δ’
1007 1692 1061 1748 ἦν
1099 1694 1121 1736 6
1155 1695 1325 1766 Δωρίῳν
1353 1689 1468 1743 οὗτος
1499 1693 1562 1735 ἐπὶ
1591 1691 1797 1751 ὀψοφαγίᾳ

241 1752 453 1804 διαβόητος
484 1751 660 1806 φανερὸν
691 1751 730 1802 ἐξ
760 1755 820 1792 ών
849 1752 948 1806 λέγει
971 1753 1237 1805 Μνησίμαχος
1268 1750 1289 1792 6
1319 1750 1617 1807 κωμῳδιοποιὸς
1647 1751 1692 1792 ἐν
1723 1754 1796 1792 Φι-

241 1809 371 1863 λίππῳ
401 1809 571 1861 δράματι
600 1812 961 1851 κτλ,Ει13ἰε.1-,1]1αε
986 1813 1182 1862 1151,13
1214 1813 1255 1850 et
1283 1792 1504 1850 Philemon.
1526 1823 1693 1861 gramm.
1717 1811 1794 1850 191

242 1866 388 1906 Osann.
435 1865 474 1914 ἐξ
517 1863 641 1916 αὐτῆς
684 1863 853 1920 (φύσης)
907 1865 948 1906 δὲ
993 1867 1064 1906 καί
1107 1882 1164 1914 τις
1210 1864 1419 1919 ὀψοφάγος
1464 1864 1797 1918 λοπαδοφυσητὴς

242 1920 448 1974 ἐσκώφθη.
538 1927 574 1964 1.
607 1922 689 1963 ἐστι
721 1924 888 1976 Δωρίων
918 1923 1035 1963 ἔνδον
1063 1926 1213 1965 Iacobs.
1250 1924 1479 1962 Add.A1·,h.
1513 1921 1611 1976 185]
1642 1922 1798 1974 δωρίων

242 1977 358 2018 ἔνδον
390 1978 496 2018 ἐστιν
525 1981 574 2022 Α
665 1982 703 2020 2.
734 1982 777 2020 in
805 1982 883 2020 fine
914 1979 981 2020 ὅδε
1011 1983 1104 2021 add.
1136 1982 1301 2021 Porson.
1335 1977 1460 2034 (apud
1490 1981 1585 2019 Ath.
1618 1981 1798 2031 sequitur

241 2031 361 2104 οἶδα).
410 2038 563 2077 Dorion
592 2038 754 2077 claudus
786 2041 871 2077 erat
900 2040 1057 2084 tibicen,
1097 2039 1202 2078 unde
1232 2050 1451 2088 cognomen
1479 2036 1796 2087 λοπαδοφυση-

241 2090 323 2143 τής
353 2094 522 2143 petitum
554 2097 624 2133 est
676 2095 802 2134 facete
833 2096 939 2134 dicta
970 2097 1053 2134 eius
1083 2095 1205 2134 refert
1234 2094 1381 2133 Athen.
1414 2095 1452 2142 8,
1476 2095 1569 2135 337.
1593 2095 1632 2132 8.
1690 2094 1796 2133 inter

242 2150 396 2190 sodales
425 2151 600 2201 Philippi
632 2152 751 2190 etiam
782 2165 938 2202 pugnae
967 2152 1018 2190 ad
1041 2152 1309 2191 Chaeroneam
1338 2151 1570 2190 commissae
1599 2150 1794 2194 interfuit.

242 2207 385 2245 Athen.
422 2209 494 2255 10,
516 2208 684 2247 435b0.
751 2209 900 2247 librum
937 2209 1096 2259 scripsit
1133 2209 1182 2247 de
1218 2207 1406 2258 piscibus.
1471 2207 1520 2246 cf.
1560 2207 1614 2246 M.
1646 2207 1795 2257 Haupt.

242 2263 379 2303 Herm.
403 2263 501 2302 VIII
534 2266 586 2304 10
601 2278 657 2314 sq.

771 2353 980 2387 ΑΔΗΛΟΤ
1006 2353 1277 2398 ΔΡΑΜΑΤΟΣ,

997 2432 1047 2472 11

513 2508 654 2559 ὕπνος
684 2506 737 2551 τοὶ
766 2508 904 2565 μικροὶ
934 2512 1015 2553 τοῦ
1045 2511 1251 2561 θανάτου
1280 2509 1515 2566 μυστήρια.

356 2603 485 2642 Schol.
520 2603 680 2642 Homer.
713 2604 759 2643 Il.
796 2605 859 2654 14,
883 2606 961 2643 231
996 2602 1261 2654 Μνησίμαχος
1292 2599 1313 2642 ὁ
1345 2601 1519 2652 κωμικὸς
1547 2601 1636 2655 περὶ
1664 2598 1795 2642 ὕπνου

243 2656 512 2711 διαλεγόμενός
542 2669 667 2710 φησιν
696 2657 756 2698 ὅτι
785 2662 864 2699 κτλ.
924 2661 1158 2700 Eustathius
1191 2662 1284 2711 981,
1307 2663 1331 2700 3
1363 2658 1462 2709 φησὶ
1491 2656 1534 2698 δὲ
1563 2657 1631 2698 καὶ
1660 2656 1681 2697 6
1712 2673 1790 2698 κω-

240 2714 354 2765 μικὸς
387 2715 652 2766 Μνησίμαχος
683 2718 763 2755 κτλ.
796 2716 971 2756 Cramer.
1003 2717 1152 2759 Anecd.
1174 2718 1263 2758 Par.
1285 2718 1345 2755 III
1368 2719 1433 2767 20,
1457 2719 1496 2756 3.
1535 2717 1590 2756 sic
1609 2718 1655 2755 ut
1676 2729 1795 2767 supra
1854 2750 1856 2752 ,

242 2773 392 2811 editum
431 2774 543 2812 Eust.
603 2770 730 2820 ὕπνος
769 2769 846 2811 ἐστὶ
883 2770 1024 2825 μικρὸν
1061 2772 1128 2812 καὶ
1163 2771 1324 2826 μερικὸν
1359 2771 1542 2812 θανάτου
1579 2771 1794 2825 μυστήριον

243 2829 373 2868 Schol.
405 2830 522 2870 Hom.
555 2832 595 2868 et
625 2830 754 2871 Cram.
786 2829 938 2868 Anecd.
