1864 3204
221 221 306 263 270
875 221 1092 259 ΑΝΑΞΙΛΑ

334 326 562 364 Athenaeus
595 327 659 374 13,
674 325 793 364 5721)
820 321 1026 374 Ἀναξίλας
1058 324 1242 364 Νεοττίδι
1273 328 1351 363 κτλ.
1444 328 1480 365 1.
1511 324 1645 378 μέτρια
1678 325 1771 378 VL]

221 378 357 431 μέτρια
396 379 463 419 καὶ
502 383 548 420 Α.
657 380 806 433 λέγουσι
837 381 878 422 C.
929 384 1109 421 ]acunam
1145 383 1339 421 indicavit
1376 383 1560 421 Dindorf.
1610 381 1773 435 μετρίως

223 435 365 487 ἔχουσα
394 436 605 488 χρημάτων
635 438 755 477 Mein.
786 440 902 477 Anal.
936 439 1030 477 Ath.
1065 441 1158 478 267.
1203 436 1336 491 μέτρια
1367 440 1568 490 φρονοῦσα
1598 444 1679 478 τῶν
1707 438 1773 488 φί-

224 496 302 531 λων
339 495 543 534 Herwerd.
576 494 669 534 Obs.
700 496 786 534 crit.
819 497 885 534 63.
935 494 1092 546 μετρίας
1132 493 1272 545 ἔχουσα
1311 493 1379 542 τὰς
1418 493 1566 547 φρένας
1606 496 1654 536 Κ.
1706 496 1774 535 sed

224 552 343 588 etiam
374 551 500 589 multa
529 552 607 589 alia
636 554 805 601 possunt
824 553 1049 602 excogitari.
1121 554 1157 590 2.
1180 549 1396 604 δεομένοις]
1419 547 1771 603 δυναμένοιςθρίὺ.

222 607 389 646 Hoesoh.
489 621 606 645 τινων
637 603 740 660 (sino
770 606 867 660 acc.)
898 610 948 646 A.
995 605 1134 658 ἡμῶν
1163 609 1211 647 Κ.
1313 610 1349 648 3.
1381 606 1570 660 ἑταιρείας
1601 610 1775 658 praefert

223 664 343 701 Mein.
432 666 471 702 6.
501 661 607 702 ἔστιν
636 658 712 702 οὖν
741 665 945 703 Herwerd.
991 662 1071 702 ἐστι
1104 669 1202 703 νοῦν
1231 666 1283 703 Η.
1305 665 1451 706 Iacobi.

969 763 1025 804 22

336 828 456 879 ὅστις
485 828 746 885 ἀνθρώπων
777 829 957 884 ἑταίραν
987 829 1189 886 ἠγάπησε
1218 831 1419 885 πώποτε,

335 891 392 938 οὗ
420 897 550 950 γένος
579 899 644 947 τίς
673 894 730 939 ἂν
761 895 945 939 δύναιτο
975 897 1355 954 παρανομώτερον
1385 895 1575 954 φράσαι;

334 966 400 1013 τίς
428 963 513 1019 γὰρ
544 963 571 1019 ἦ
603 964 812 1018 δράκαιν’
833 963 1040 1020 ἄμικτος,
1071 962 1100 1021 ἢ
1132 968 1328 1022 Χίμαιρα
1357 967 1615 1022 πύρπνοος,

333 1028 368 1086 ἢ.
392 1032 643 1086 Χάρυβδις,
675 1029 703 1087 ἢ
733 1035 971 1087 τρίκρανος
1002 1034 1209 1087 Σκύλλα,
1240 1037 1402 1077 ποντία
1433 1034 1572 1089 κύων,

285 1109 305 1138 5
338 1100 509 1154 Σφίγξ,
541 1098 680 1155 ὕδρα,
714 1099 874 1156 λέαιν’,
908 1103 1083 1157 ἔχιδνα,
1115 1105 1260 1157 πτηνά
1293 1102 1345 1144 θ’
1370 1101 1596 1158 Ἁρπυιῶν
1624 1102 1755 1158 γένη,

337 1168 397 1217 εἰς
427 1165 687 1223 ὑπερβολὴν
717 1167 902 1223 ἀφῖκται
932 1173 1012 1212 τοῦ
1044 1170 1359 1212 καταπτύστου
1389 1171 1570 1224 γένους;

337 1233 419 1276 οὐκ
450 1234 619 1290 ἔνεσθ’,
651 1229 783 1278 αὗται
813 1233 855 1278 δ’
880 1235 1091 1280 ἁπάντων
1121 1235 1389 1292 ὑπερέχουσι
1419 1241 1510 1280 τῶν
1540 1240 1705 1281 κακῶν.

336 1304 430 1345 ἔστι
461 1303 509 1345 δὲ
540 1311 726 1345 σκοπεῖν
756 1300 832 1345 ἀπ’
857 1302 994 1360 ἀρχῆς
1024 1307 1177 1360 πρῶτα
1207 1305 1290 1360 μὲν
1321 1304 1402 1360 τὴν
1432 1305 1698 1360 Πλαγγόνα,

335 1369 433 1424 ἥτις
464 1367 614 1425 ὥσπερ
643 1368 670 1426 ἡ
701 1373 896 1425 Χίμαιρα
927 1374 1155 1427 πυρπολεῖ
1180 1372 1283 1422 τούς
1311 1374 1583 1428 βαρβάρους.

264 1447 305 1478 10
336 1432 397 1487 εἷς
425 1438 562 1492 μόνος
592 1437 632 1480 δ’
658 1438 816 1488 ἱππεύς
845 1455 910 1490 τις
940 1439 1076 1495 αὐτῆς
1105 1437 1184 1482 τὸν
1213 1442 1316 1494 βίον
1345 1443 1600 1495 παρείλετο·

336 1505 481 1548 πάντα
511 1507 564 1548 τὰ
595 1505 733 1561 σκεύη
763 1504 848 1561 γὰρ
879 1507 1023 1550 ἕλκων
1055 1505 1180 1564 ᾤχετ’
1205 1508 1254 1550 ἐκ
1283 1510 1361 1562 τῆς
1390 1509 1543 1558 οἰκίας.

335 1574 382 1615 οἱ
410 1573 597 1630 Σινώπῃ
629 1572 672 1615 δ’
696 1569 755 1616 αὖ
786 1576 1002 1625 συνόντες
1032 1573 1113 1630 οὐχ
1142 1574 1262 1632 ὕδρα
1291 1576 1466 1618 σύνεισι
1495 1578 1603 1627 νῦν;

335 1644 476 1695 γραῦς
505 1642 587 1696 μὲν
618 1640 752 1698 αὕτη,
784 1643 1081 1698 παραπέφυκε
1111 1641 1153 1684 δ’
1176 1642 1203 1698 ἡ
1236 1643 1471 1686 Γνάθαινα
1501 1645 1714 1699 πλησίον·

337 1705 442 1751 ὥστ’
468 1708 793 1764 ἀπαλλαγεῖσιν
824 1708 962 1765 αὐτῆς
992 1712 1084 1753 ἔστι
1115 1709 1355 1753 διπλάσιον
1385 1712 1540 1754 κακόν.

267 1785 306 1816 15
336 1774 362 1832 ἡ
394 1777 443 1820 δὲ
474 1778 678 1820 Νάννιον
707 1780 752 1820 τί
778 1778 884 1820 νυνὶ
915 1778 1148 1833 διαφέρειν
1179 1779 1389 1834 Σκύλλης
1419 1780 1562 1831 δοκεῖ;

337 1843 391 1886 οὐ
423 1845 495 1887 δύ’
519 1841 786 1896 άποπνίξασ’
811 1845 1016 1901 ἑταίρους
1045 1845 1124 1889 τὸν
1153 1849 1306 1901 τρίτον
1334 1848 1577 1901 θηρεύεται

335 1914 398 1954 ε”τι
429 1915 604 1967 λαβεῖν;
637 1912 738 1956 ἀλλ’
763 1914 941 1964 ἐξέπεσε
971 1915 1169 1969 πορθμὶς
1198 1915 1387 1971 ἐλατίνῳ
1418 1915 1575 1970 πλάτῃ.

335 1978 361 2033 ἡ
393 1981 442 2022 δὲ
474 1980 632 2036 Φρύνη
663 1980 744 2035 τὴν
776 1982 1011 2036 Χάρυβδιν
1040 1980 1141 2037 οὐχὶ
1171 1981 1324 2039 πόρρω
1356 1997 1445 2025 που
1475 1990 1612 2036 ποιεῖ,

338 2049 418 2090 τόν
447 2063 495 2090 τε
525 2048 784 2103 ναύκληρον
814 2051 1016 2102 λαβοῦσα
1046 2049 1331 2092 καταπέπωκ’
1352 2049 1473 2106 αὐτῷ
1503 2049 1686 2105 σκάφει;

265 2125 310 2156 20
338 2114 364 2169 ἡ
400 2114 555 2158 Θεανώ
588 2113 632 2157 δ’
656 2114 756 2170 οὐχὶ
789 2117 958 2171 Σειρήν
989 2117 1113 2159 ἐστιν
1144 2115 1482 2173 άποτετιλμένη;

318 2183 508 2237 ·βλέμμα
539 2182 614 2225 καὶ
644 2181 773 2238 φωνὴ
802 2185 1041 2239 γυναικός,
1073 2183 1126 2227 τά
1158 2185 1292 2241 σκέλη
1323 2185 1372 2227 δὲ
1402 2188 1603 2240 κοψίχου.

338 2252 520 2304 Σφίγγα
552 2252 756 2305 Θηβαίαν
787 2251 836 2294 δὲ
867 2251 1010 2301 πάσας
1041 2254 1133 2295 ἔστι
1163 2251 1240 2304 τάς
1269 2254 1440 2308 πόρνας
1470 2256 1639 2307 καλεῖν,

332 2319 386 2359 ἀἳ
413 2317 601 2360 λαλοῦσ’
623 2316 774 2368 ἁπλοῖς
804 2319 887 2373 μὲν
918 2316 1066 2374 οὐδέν,
1100 2319 1201 2363 ἀλλ’
1225 2321 1276 2363 ἐν
1305 2323 1525 2376 αἰνιγμοῖς
1553 2322 1686 2374 τισὶν,

337 2385 397 2435 ὡς
429 2384 563 2440 ἐρῶσι
595 2384 669 2427 καὶ
700 2388 886 2440 φιλοῦσι
916 2387 990 2429 καὶ
1021 2386 1228 2431 σύνεισιν
1256 2387 1412 2443 ἡδέως.

262 2463 305 2493 25
337 2450 430 2495 εἶτα
460 2452 707 2508 τετράπους
736 2469 811 2507 μοι
841 2454 1039 2508 γένοιτο,
1072 2446 1204 2511 φησίι,
1236 2456 1431 2511 τήνπρος
1459 2452 1487 2511 ἦ
1516 2454 1706 2509 θρόνος’

338 2517 430 2562 εἶτα
461 2519 514 2575 δὴ
545 2522 731 2575 τρίπους
760 2537 847 2575 τις,
881 2518 1001 2577 εἶτα,
1033 2525 1166 2578 φησί,
1198 2524 1410 2579 παιδίσκη
1441 2525 1610 2573 δίπους.

338 2585 427 2630 εἷθ’
459 2585 482 2629 ὁ
510 2588 594 2643 μὲν
621 2587 760 2642 γνοὺς
790 2587 914 2630 ταῦτ’
938 2587 1144 2645 ἀπῆλθεν
1175 2588 1314 2641 εὐθὺς
1344 2589 1495 2645 ὥσπερ
1529 2591 1769 2644 Οἰδίπους,

338 2653 436 2697 οὐδ’
460 2656 576 2698 ἰδεῖν
606 2654 735 2706 δόξας
766 2655 956 2711 ἐκείνην,
989 2657 1170 2713 σῴζεται
1202 2657 1245 2700 δ’
1267 2655 1390 2701 ἄκων
1418 2660 1566 2712 μόνος.

338 2722 386 2764 οἱ
410 2721 452 2765 δ’
477 2724 668 2778 ἐρᾶσθαι
698 2724 1040 2777 προσδοκῶντες
1071 2723 1210 2775 εὐθύς
1240 2727 1354 2768 εἰσιν
1382 2722 1594 2781 ἠρμένοι,

264 2799 307 2830 30
339 2791 413 2832 καὶ
444 2789 636 2845 φέρονθ’
658 2788 779 2842 ὑψοῦ
810 2789 922 2845 πρὸς
951 2795 1130 2846 αἴθραν.
1180 2792 1446 2847 συντεμόντι
1477 2792 1522 2835 δ’
1545 2791 1651 2835 οὐδὲ
1681 2791 1732 2834 ἕν

339 2855 439 2899 ἐσθ’
464 2857 638 2913 ἑταίρας
668 2857 752 2900 ὅσα
781 2872 863 2913 περ
895 2861 987 2901 ἔστι
1015 2859 1146 2914 θηρί’
1171 2861 1480 2915 ἐξωλέστερον.

1044 3021 1062 3030 ο
