1910 3178
322 200 350 240 4
965 199 1236 233 PRAEFATm

437 303 588 340 utinam
619 302 724 340 idem
753 302 801 339 de
824 302 1007 351 Stobaeo,
1033 301 1204 339 Maximo
1226 299 1457 339 Confessore
1487 302 1704 350 ceterisque
1733 299 1871 338 antho—
1899 333 1904 346 ,

325 359 520 408 logiarum
552 359 779 396 auctoribus
808 357 1034 406 praedicare
1064 357 1210 396 liceret.
1269 369 1437 406 quorum
1465 358 1667 397 universas
1697 355 1871 394 rationes

323 418 364 453 et
383 415 694 453 necessitudines
711 411 1032 452 Wachsmuthius
1063 412 1123 464 (in
1152 413 1255 451 libro
1275 426 1393 462 quem
1413 414 1614 463 inscripsit
1631 412 1796 452 Studien
1822 422 1873 450 zu

322 472 397 509 den
422 471 679 519 gyriechisehen
708 470 961 518 Florileqien,
992 470 1165 508 Berolin.
1199 467 1326 520 1882)
1357 472 1439 507 tam
1469 469 1628 519 egregia
1656 468 1872 518 sagacitate

322 527 528 576 indagavit
563 527 605 564 et
635 526 879 575 explanavit,
918 528 963 564 ut
992 538 1114 575 paene
1143 526 1302 564 taedeat
1341 526 1468 564 titulis
1497 538 1706 575 perperam
1736 523 1874 563 divisis

322 583 528 632 Florilegii
567 583 607 620 et
636 582 877 631 Eclogarum
914 582 1041 620 adhuc
1078 582 1136 620 uti
1167 585 1208 620 et
1237 582 1405 632 cognitis
1435 581 1666 620 melioribus
1694 580 1872 619 fontibus

323 639 544 687 scripturae
573 638 778 687 antiquam
808 638 1049 687 farraginem
1078 639 1269 688 repetere.
1317 638 1384 676 sed
1405 638 1631 687 priusquam
1652 637 1720 675 ille
1742 635 1874 685 copias

323 707 395 733 sua
424 707 544 743 opera
574 697 778 744 congestas
801 694 975 733 editione
1005 707 1103 744 quae
1134 694 1201 732 diu
1232 694 1476 733 desideratur
1506 693 1683 732 confecta
1702 705 1791 731 cum
1810 703 1870 730 re-

322 751 481 800 publica
509 751 714 789 hominum
744 751 1013 788 litteratorum
1044 751 1405 797 communicaverit,
1436 763 1594 789 necesse
1615 751 1676 788 est
1694 749 1750 788 eis
1773 760 1874 798 quae

323 807 452 845 adhuc
481 807 524 845 in
554 807 727 844 medium
756 807 926 856 protulit
956 808 1194 849 contentum(
1216 809 1424 856 tamquam
1453 808 1573 856 gustu
1592 805 1763 855 quodam
1782 803 1873 854 frui,

326 876 414 901 cum
444 876 540 901 cena
569 875 648 900 non
678 863 816 912 possis.

434 920 482 957 de
511 919 639 968 primo
669 919 786 957 huius
817 918 1003 957 editionis
1023 919 1223 958 volumine
1252 919 1328 958 viri
1352 919 1570 958 doctissimi
1590 919 1630 956 in
1652 916 1873 963 Germania,

322 975 548 1023 Britannia,
581 974 710 1013 Gallia
738 975 917 1013 breviter
946 974 1192 1024 iudicarunt3
1224 976 1480 1025 copiosiorem
1510 987 1712 1014 censuram
1741 973 1876 1012 inveni

322 1031 580 1076 Herwerdeni
610 1032 652 1069 in
683 1031 939 1081 Mnemosyne
975 1043 1089 1070 nova.
1153 1032 1215 1070 eui
1253 1032 1285 1069 si
1324 1031 1374 1070 ad
1415 1044 1461 1070 ea
1495 1044 1596 1081 quae
1624 1029 1878 1080 reprehendit

322 1088 558 1138 respondere
604 1086 743 1137 velim,
791 1087 978 1126 facillime
1026 1087 1143 1126 hodie
1178 1100 1250 1137 pro
1288 1088 1455 1137 singulis
1491 1100 1593 1137 quae
1629 1088 1759 1125 errata
1791 1096 1876 1124 esse

323 1145 510 1193 opinatur
540 1144 640 1182 dena
663 1156 711 1182 ex
732 1144 1065 1183 commentariolis
1086 1145 1210 1194 ipsius
1230 1157 1420 1194 reponere
1440 1144 1588 1194 possim
1609 1145 1747 1182 contra
1764 1143 1877 1192 leges

322 1201 482 1251 linguae
512 1212 675 1250 graecae
704 1212 786 1238 non
815 1200 1058 1240 Batavorum
1087 1201 1274 1250 arbitrio,
1312 1200 1381 1239 sed
1409 1201 1637 1239 Atticorum
1668 1211 1742 1238 usu
1785 1211 1876 1238 con-

324 1257 485 1296 stitutas
526 1259 687 1306 peccata
724 1257 902 1295 omnium
939 1269 1132 1295 consensu
1168 1257 1420 1307 gravissima:
1461 1256 1530 1296 sed
1567 1269 1656 1295 cum
1694 1257 1876 1295 senectus

324 1315 365 1351 et
403 1326 473 1351 sua
510 1315 654 1351 natura
690 1313 739 1350 ad
778 1326 915 1362 pacem
951 1313 1117 1352 inclinet
1155 1317 1196 1352 et
1225 1315 1271 1351 ut
1297 1313 1474 1352 laborem
1504 1314 1730 1362 susceptum
1758 1324 1876 1362 quam

323 1369 498 1419 primum
526 1369 575 1407 ad
605 1369 725 1407 finem
753 1370 966 1418 perducam
996 1370 1217 1419 admoneat,
1247 1371 1493 1419 procrastino
1522 1369 1633 1407 litem
1664 1371 1706 1407 et
1725 1368 1759 1407 si
1780 1379 1878 1418 opus

324 1438 409 1464 esse
438 1426 622 1464 videatur
651 1425 771 1465 tertio
801 1426 995 1465 volumini
1025 1438 1204 1476 reservo,
1245 1427 1307 1464 cui
1337 1428 1541 1476 praeterea
1570 1438 1656 1464 eam
1686 1424 1876 1463 Marciani

324 1482 469 1521 codicis
500 1482 801 1531 discrepantiam
839 1495 939 1532 quae
977 1483 1027 1520 ad
1064 1483 1253 1532 antiquae
1290 1483 1512 1522 comoediae
1541 1482 1767 1531 fragmenta
1793 1493 1878 1530 per·

324 1540 427 1577 tinet
457 1540 498 1577 et
527 1538 651 1576 totius
682 1538 811 1587 operis
849 1539 1122 1589 supplementa
1162 1539 1355 1589 quaedam
1384 1539 1539 1578 adicere
1568 1539 1611 1577 in
1641 1538 1774 1576 animo
1804 1538 1877 1576 est.

435 1597 561 1634 restat
597 1597 643 1633 ut
678 1595 724 1632 Β..
757 1594 974 1644 Koehlero,
1011 1596 1097 1635 viro
1137 1595 1385 1646 doctissimo,
1424 1595 1492 1645 qui
1529 1595 1683 1633 aditum
1712 1594 1761 1631 ad
1791 1593 1877 1632 the-

325 1663 460 1690 sauros
499 1651 758 1689 bibliothecae
788 1650 1047 1690 Vimariensis
1078 1665 1232 1691 summa
1261 1652 1358 1690 mihi
1392 1652 1640 1701 benignitate
1673 1652 1714 1689 et
1748 1649 1878 1688 indul·

323 1708 458 1758 gentia
487 1707 694 1758 patefecit,
722 1707 785 1745 hic
815 1720 972 1758 quoque
1002 1709 1118 1747 sicuti
1147 1708 1270 1747 debeo
1299 1708 1447 1758 gratias
1477 1721 1603 1758 agam.

437 1797 665 1836 Seribebam
694 1797 894 1837 Vimariae
925 1810 1057 1837 mense
1087 1798 1299 1837 Februario
1329 1812 1363 1836 a.
1395 1795 1809 1837 MDCCCLXXXIIIL
