1864 3204
230 240 314 281 474
872 236 1136 271 ΘΕοΦΙΛοΤ

499 340 666 391 καλῶς,
698 336 830 393 ἀφρῷ
859 338 1067 389 ζέουσαν·
1099 334 1202 379 οὐδ’
1223 337 1283 379 ὀίν
1303 335 1539 393 Αὐτοκλῆς

500 403 642 455 οὕτως
670 403 731 459 μὰ
760 402 843 460 τὴν
873 406 960 459 γῆν
991 402 1227 459 εὐρύθμως
1258 407 1312 460 τῇ
1342 404 1466 462 δεξιᾷ

455 482 475 512 5
500 470 611 526 ἄρας
642 471 806 527 ἐνώμα.

341 555 570 594 Athenaeus
604 556 674 605 11,
697 555 818 593 472ᾶ
851 549 1045 604 Θεόφιλος
1074 552 1116 592 ἐν
1147 553 1315 593 Βοιωτία
1344 556 1424 593 κτλ.
1514 558 1552 595 1.
1584 561 1781 608 κεραμεᾶν

228 613 276 650 Η.
299 608 450 664 Iacobi]
481 608 686 663 κεραμέαν.
776 612 814 650 2.
846 609 974 658 δοκεῖς
1005 609 1056 663 Ρ]
1088 610 1202 650 δοκεῖ
1223 611 1270 650 A.
1357 610 1567 663 κεραννύει
1594 611 1780 667 Porson.]

227 666 468 718 κεράννυσιν
497 668 546 706 Α.
646 669 686 707 4.
716 672 791 719 γῆν
823 666 1062 724 Schweigh]
1095 661 1169 716 τὴν
1198 668 1247 710 A.
1338 665 1438 720 ἄρας
1470 665 1601 720 ε’νοόμα
1629 669 1779 711 Iacobs.

227 724 330 763 Add.
362 725 454 763 Ath.
477 722 577 776 255]
607 719 781 775 ἆιρασαν
810 724 919 775 ὦμον
946 724 996 763 A.

340 793 419 819 non
439 783 543 820 reete
564 781 785 820 Meinekius
807 781 884 819 An.
903 781 996 819 Ath.
1016 782 1096 819 217
1129 783 1199 819 aut
1227 783 1323 830 post
1351 778 1562 832 κεραννύει
1590 783 1661 821 aut
1688 784 1782 833 post

228 834 392 883 ζέουσαν
422 838 604 876 lacunam
634 850 718 876 esse
748 837 999 876 statuendam
1031 839 1176 888 censet,
1208 838 1301 887 quia
1321 838 1546 877 addendum
1567 839 1689 878 fuerit*¹
1708 839 1780 878 ali-

228 894 342 943 quid,
388 906 465 943 quo
503 894 714 943 pincernae
754 894 796 932 in
832 894 1071 944 porrigendo
1109 895 1251 944 poculo
1296 895 1494 945 elegantia
1536 895 1778 935 laudaretur.

226 950 358 999 potuit
386 950 458 989 hoc
489 950 596 998 fieri,
628 962 788 989 necesse
817 963 896 989 non
928 951 1016 991 fuit.
1106 951 1144 989 3.
1178 946 1401 1001 Αὐτοκλῆς.
1451 952 1568 990 mulssi
1597 953 1680 991 eius
1708 964 1778 991 no-

224 1006 341 1045 minis
372 1009 412 1045 et
442 1007 650 1056 Theophili
681 1009 807 1045 aetate
838 1009 878 1045 et
907 1008 999 1045 ante
1030 1020 1120 1045 eum
1149 1007 1191 1045 in
1221 1007 1357 1046 Attica
1387 1008 1569 1058 fuerunt,
1609 1021 1778 1059 quorum

224 1063 311 1111 quis
342 1062 583 1113 signifieessur
614 1063 778 1102 dubium
809 1066 884 1102 est.
933 1064 984 1102 cf.
1017 1063 1161 1114 Bergk.
1193 1064 1239 1102 R..
1272 1076 1302 1103 ο.
1333 1065 1419 1103 Att.
1451 1066 1543 1103 251.
1567 1066 1604 1104 2.

843 1174 1151 1208 ΕΠΙΔΑΤΡΙΟΣ

986 1241 1012 1282 3

453 1307 729 1363 Ἀτρεστίδας
758 1325 823 1359 τις
854 1307 1112 1360 Μαντινεύς
1141 1307 1329 1364 λοχαγὸς
1357 1304 1431 1364 ἦν,

454 1374 636 1429 ἀνδρῶν
667 1373 879 1419 ἁπάντων
908 1379 1093 1420 πλεῖστα
1124 1377 1374 1433 δυνάμενος
1404 1385 1579 1432 φαγεῖν.

337 1459 563 1498 Athenaeus
587 1461 649 1510 10,
664 1461 746 1498 417
755 1474 778 1498 a
812 1457 1003 1509 Θεόφιλος
1035 1456 1078 1498 ἐν
1105 1455 1333 1513 Ἐπιδαύρῳ
1364 1456 1626 1514 (Ἐπιδαυρίῳ
1655 1462 1774 1502 Mein.

222 1514 241 1551 Ι
262 1513 364 1565 435)
393 1517 474 1554 κτλ.

908 1571 1086 1605 ΙΑΤΡΟΣ

984 1637 1013 1678 4

279 1705 364 1753 πᾶς
395 1703 443 1745 δὲ
475 1705 717 1759 φιλοτίμως
748 1702 859 1760 πρὸς
889 1702 1029 1747 αὐτὸν
1059 1707 1150 1747 τῶν
1179 1707 1432 1748 νεανίσκων
1471 1740 1479 1749 .
1527 1740 1535 1749 .

401 1804 409 1812 .
457 1805 466 1813 .
507 1772 749 1825 εγχέλειον·
781 1773 1077 1827 παρατέθεικε
1106 1776 1169 1830 τῷ
1200 1775 1347 1829 πατρί.

279 1839 458 1888 τευθὶς
486 1838 546 1893 ῆν
574 1837 764 1895 χρηστή,
795 1841 1080 1895 πατρίδιον’·
1114 1843 1231 1892 πῶς
1261 1843 1373 1923 ἔχεις
1391 1841 1503 1896 πρὸς
1524 1841 1770 1897 κάραβον;’

277 1905 447 1960 ψυχρός
479 1907 618 1962 ἐστιν,
649 1906 816 1962 ἄπαγε,
850 1911 981 1964 φησί·
1014 1908 1219 1964 ῥητόρων
1249 1907 1304 1951 ού
1333 1909 1533 1965 γεύομαι.

332 2000 561 2040 Athenaeus
592 2002 638 2051 8,
662 2002 787 2041 340d
826 1999 1018 2052 Θεόφιλος
1059 2000 1103 2041 ἐν
1137 1999 1272 2056 Ἰατρῷ
1309 1999 1391 2053 ἅμα
1428 2001 1623 2042 σκώπτων
1650 1999 1774 2043 αὐτοῦ

220 2053 570 2110 (Καλλιμέδοντος)
615 2071 683 2095 και
728 2056 778 2096 τὸ
829 2057 880 2096 ἕν
921 2057 1087 2109 λόγοις
1126 2057 1317 2110 ψυχρόν
1355 2061 1437 2098 κτλ.
1535 2062 1572 2098 1.
1618 2061 1661 2099 in
1696 2060 1774 2100 fine

218 2113 444 2151 addendum
476 2111 588 2164 ε’χει.
678 2115 715 2152 2.
748 2112 940 2166 ἐγχέλειον
971 2113 1205 2180 Schweigh.]
1239 2112 1409 2167 ἐγχέλιον
1429 2116 1479 2154 Α.
1567 2113 1772 2167 τέμαχος

219 2166 264 2206 ελ
277 2169 336 2219 αβ
346 2183 399 2208 εν
436 2167 646 2221 ἐγχέλειον·
688 2169 951 2222 παρατέθεικε
980 2174 1048 2210 κτλ
1091 2172 1118 2211 i.
1143 2186 1177 2212 e.
1207 2169 1276 2211 ube·
1305 2174 1394 2212 emit
1421 2174 1508 2222 cet„
1540 2173 1676 2212 statim
1705 2173 1773 2212 ad-

219 2226 335 2274 ponit
364 2228 481 2276 patri.
532 2228 582 2265 ef.
611 2228 830 2285 Antiphan.
855 2229 957 2279 204,
981 2230 1005 2268 3
1044 2230 1085 2267 et
1121 2229 1168 2268 de
1205 2229 1354 2297 protasi
1383 2230 1624 2279 paratactioa
1652 2230 1773 2269 etiam

218 2281 385 2322 Philem
409 2284 449 2332 4,
473 2285 535 2321 1-1.
607 2285 644 2323 3.
667 2278 746 2338 ἧ-ν]
777 2281 831 2335 ἢν
850 2285 898 2324 Κ.
931 2287 1071 2325 (καθ’.
1095 2307 1148 2313 -
1179 2283 1339 2336 τέμαχος
1368 2282 1573 2336 ἐγχέλειον,
1602 2287 1648 2324 ut
1675 2286 1772 2325 Phe-

218 2351 316 2376 reor.
339 2340 407 2377 45.
459 2340 506 2378 de
539 2338 810 2381 &alcimedonte
840 2341 993 2381 Oarabo
1025 2343 1076 2381 cf.
1108 2342 1324 2406 Antiphan.
1348 2343 1414 2392 26,
1432 2344 1470 2381 7.
1557 2346 1642 2390 πως
1672 2340 1772 2393 ἔχεις

219 2389 339 2446 πρός,
379 2398 424 2434 ut
454 2396 671 2447 Antiphan.
703 2399 802 2447 140,
828 2399 864 2437 2.
953 2393 1146 2450 ῥητόρων,
1186 2399 1280 2449 quia
1309 2398 1483 2438 carabus
1513 2400 1645 2438 orator
1673 2401 1770 2439 erat.

838 2509 1142 2544 ΚΙΘΑΡΩΙΔΟΣ

329 2575 504 2614 Dubium
545 2579 624 2626 est,
673 2576 912 2632 Κιθαρῳδός
958 2579 1103 2619 'situlus
1143 2579 1266 2618 fuerit
1303 2589 1354 2617 an
1391 2591 1561 2629 persona
1597 2579 1766 2620 fabulae.

217 2632 387 2671 Meinek.
418 2632 439 2670 I
467 2633 576 2672 435..
678 2640 681 2643 ⁴
980 2689 1007 2732 5

1261 2759 1280 2787 ε
1311 2760 1338 2786 α

514 2807 774 2865 >-ῑθνησοιῡρός
804 2810 897 2853 ἐστι
927 2811 1002 2854 καὶ
1030 2811 1211 2866 βέβαιος
1227 2760 1431 2867 agnoscam)

490 2888 492 2890 ·
541 2875 678 2920 ’ἅπασι
707 2884 799 2928 τοῖς
827 2881 1028 2929 μαθοῦσι
1056 2879 1347 2931 παιδευθεῖσί
1370 2894 1430 2922 τε.
