1806 3216
172 206 256 247 580
378 205 588 238 ΔΙΦΙΛΟΤ
613 201 1031 237 ΑΜΦΙΣΒΗΤΗΣΙΜΑ
1057 200 1140 234 ΚΑΙ
1164 199 1565 255 ΨΕΤΔΕΠΙΓΡᾼΦΑ

173 310 281 348 salva
317 321 378 347 res
414 312 477 347 est.
540 320 640 357 quae
678 306 801 346 verba
839 318 921 344 non
958 307 1116 344 necesse
1147 306 1208 343 esf,
1238 318 1285 343 ex
1313 304 1386 344 hac
1416 303 1566 354 Diphili
1597 305 1734 356 ecloga

175 378 358 415 expressa
388 377 485 405 esse.

915 415 993 457 136

446 495 581 550 κόρης
611 493 986 548 ἀπαλλαττόμεθα
1017 495 1220 548 ταμιείου
1250 496 1430 548 πικροῦ.

290 590 482 629 Stobaeus
512 590 650 628 Floril.
684 590 749 638 77,
773 590 797 627 8
844 587 1019 637 Διφίλου
1056 588 1105 626 A.
1165 588 1232 626 sed
1272 589 1320 627 cf.
1359 588 1729 629 Anaxandrid.,78.

177 660 258 686 non
289 647 405 685 credo
436 647 477 684 in
508 646 841 694 comparationem
861 658 1108 695 nequaquam
1131 657 1178 683 ex
1197 645 1316 684 trivio
1337 645 1502 695 petitam
1525 648 1735 696 utrumque

177 705 326 753 pariter
355 703 552 742 incidisse.

916 778 994 819 137

288 862 422 911 Etym.
456 874 505 899 m.
544 862 618 898 127
651 861 736 899 init.
775 856 1024 911 απολιβαξω”
1055 855 1248 899 ἀπέλθω.
1296 856 1350 910 ,ἢ
1379 859 1435 906 εἰς
1466 857 1539 910 τὴν
1569 859 1736 912 Λιβύην

176 914 385 970 ἀπελεύσῃ
437 915 572 966 ’ὅμοιοι
612 914 653 954 τὸ
690 916 745 963 εἰς
784 915 976 967 κόρακας,
1022 912 1111 954 ἀντὶ
1148 922 1218 954 τοῦ
1257 915 1301 955 ἐν
1337 912 1491 970 ἄγνοία.
1543 917 1735 957 ‘fortasse

177 974 390 1024 legendum
429 970 519 1012 ἀντὶ
549 978 619 1012 τοῦ
649 971 687 1020 ἐς
718 972 896 1025 φθόρον·
940 972 1108 1022 Δίφιλος
1141 970 1184 1011 ἐν
1207 968 1397 1027 Ἀγνοία.’
1438 974 1558 1012 Mein.
1589 974 1609 1013 I
1638 975 1734 1014 450.

922 1209 998 1250 138

292 1291 473 1329 Clemens
511 1291 624 1329 Alex.
658 1291 806 1330 Strom.
830 1292 952 1340 5‚14,
979 1292 1056 1330 133
1097 1287 1118 1328 ὁ
1155 1286 1327 1340 κωμικὸς
1369 1289 1538 1339 Δίφιλος
1588 1305 1737 1341 γνωμι·

179 1344 334 1384 mbram
365 1345 432 1384 τὸν
462 1345 559 1385 ὄντα
589 1346 766 1396 πάντων,
797 1347 908 1397 φησί,
939 1345 1087 1398 πατέρα
1119 1352 1260 1385 τοῦτον
1290 1345 1354 1384 διὰ
1384 1345 1518 1394 τέλους
1549 1347 1640 1398 τίμα
1669 1347 1738 1398 μό-

181 1416 265 1452 νον,
295 1400 464 1455 ἀγαθῶν
495 1402 696 1442 τοσούτων
726 1400 890 1454 εὑρετὴν
920 1402 986 1442 καὶ
1015 1403 1210 1455 κτίστορα.
1251 1404 1469 1444 ‘Eusebius
1499 1405 1544 1444 P.
1571 1405 1617 1444 E.
1640 1405 1739 1444 XIII

178 1474 217 1510 p.
238 1461 319 1498 404
343 1461 492 1510 Steph„
526 1461 593 1499 ubi
624 1462 756 1510 priora
785 1462 841 1500 ita
871 1462 1016 1511 scripta
1047 1463 1161 1499 sunt:
1193 1456 1214 1498 ὁ
1247 1458 1419 1509 κωμικὸς
1451 1461 1618 1510 Δίφιλος
1649 1475 1737 1512 γεν-

180 1515 395 1555 νικώτατον
425 1515 522 1555 ὄντα
551 1515 716 1555 πάντων
744 1519 822 1555 κτλ.
869 1519 1025 1567 plenius
1055 1518 1150 1556 haec
1178 1518 1367 1567 leguntur
1396 1520 1435 1557 et
1464 1531 1511 1556 ex
1531 1519 1738 1557 Menandri

181 1574 342 1623 Diphilo
375 1572 469 1627 (sic)
501 1575 677 1613 citantur
707 1575 813 1624 apud
842 1575 1042 1614 Iustinum
1075 1574 1190 1613 Mart.
1223 1575 1282 1612 De
1312 1575 1510 1613 monarch.
1542 1575 1626 1614 410

471 1650 572 1691 διότι
602 1650 674 1691 τὸν
703 1651 799 1692 ὄντα
831 1649 971 1705 κύριον
999 1652 1163 1692 πάντων
1192 1649 1251 1692 ἀεὶ

413 1743 417 1745 ,
469 1707 535 1747 καὶ
564 1709 711 1761 πατέρα
741 1709 881 1748 τοῦτον
910 1708 976 1748 διὰ
1007 1709 1139 1757 τέλους
1170 1713 1291 1760 τιμᾶν
1319 1705 1454 1760 μόνον,

469 1762 641 1818 ἀγαθῶν
672 1765 870 1804 τοσούτων
900 1763 1066 1819 εὑρετὴν
1096 1765 1162 1805 καὶ
1192 1766 1401 1818 κτίστορα.’

183 1845 304 1883 Mein.
327 1869 382 1873 ——
413 1846 627 1885 Christiani
658 1847 823 1885 alicuius
855 1848 947 1885 sunt
977 1847 1158 1886 hominis.
