1890 3190
285 206 341 247 34
605 235 608 238 ⁴
901 207 1220 266 ANTIQAzffo‘rz

1850 0 1890 296 1

284 310 409 373 ταβον
435 309 640 361 προείρηκε
669 306 741 360 μὲν
771 306 837 346 καὶ
861 306 1120 359 Ἀντιφάνης·
1151 304 1208 361 ᾠὰ
1237 307 1312 360 γὰρ
1342 306 1422 346 ἔστι
1450 306 1516 346 καὶ
1546 306 1743 360 πεμμάτια
1766 307 1835 347 καὶ
1884 306 1890 346 ¹]

285 360 522 435 τραγήματα.
607 380 645 405 v.
668 368 747 404 5—
755 367 806 404 13
838 366 1065 405 Athenaeus
1098 367 1162 412 11,
1185 366 1265 403 487
1284 366 1308 403 d
1339 367 1513 403 καλεῖται
1541 363 1584 404 δὲ
1612 361 1742 416 μάνης
1769 363 1838 404 καὶ
1885 363 1890 406 i

285 420 327 459 τὸ
357 419 419 460 ἐπὶ
449 428 518 460 τεῦ
547 420 741 473 κοττάβου
772 418 999 472 ἐφεστηκός,
1032 417 1097 470 ἐφ’
1119 415 1169 459 ου
1197 415 1265 466 τὰς
1295 419 1464 472 λάταγας
1495 419 1539 459 έν
1558 419 1740 460 παιδιᾶ”
1718 434 1836 472 επεμ-
1882 420 1890 454 ’ζ

284 491 374 516 πον.
417 474 658 528 Ἀντιφάνης
685 475 919 545 Ἀφροδίτης
949 481 1085 530 γοναῖς
1115 480 1196 517 κτλ.
1240 477 1444 516 Scholiast.
1477 477 1636 517 Lueian.
1668 478 1835 528 Lexiph.

287 536 365 573 149
407 529 697 584 Ἀριστοφάνης
739 530 972 587 Ἀφροδίτης
1024 537 1180 586 γοναῖς·
1215 531 1309 584 ἐγώ
1346 528 1520 580 ’πιδείξω
1563 529 1663 572 καθ’
1712 530 1836 572 αὑτὸν

285 586 481 642 κότταβον
510 587 625 640 άφεὶς
656 589 719 629 ἐπὶ
747 589 821 641 τὴν
849 589 1065 642 πλάστιγγα
1094 602 1268 640 ποιησεις
1297 592 1434 628 πεσεῖν
1462 587 1680 642 πλάστιγγα
1707 593 1838 629 ποιεῖν

285 652 400 685 τοῦτο
430 645 475 686 τὸ
502 643 740 699 πλάστιγγας
771 645 812 685 δὲ
841 645 884 685 τὸ
913 644 1178 716 ὑποκείμενον
1196 643 1282 685 άνω
1303 644 1345 684 τὸ
1364 644 1505 697 μικρὸν
1526 644 1568 685 τὸ
1587 645 1839 686 πινακίσκιον

283 701 395 754 λέγει.
461 701 532 742 ἐὰν
570 702 613 742 δὲ
641 702 768 755 μόνον
797 703 895 771 τύχῃ
925 700 1073 753 αὐτῆς,
1119 700 1182 741 ἐπὶ
1211 701 1278 740 τὸν
1308 701 1442 752 μάνην
1470 705 1654 742 πεσεῖται.
1741 717 1778 743 v.
1809 704 1836 742 8

285 760 428 798 Pollux
461 763 531 810 10,
555 762 608 799 84
654 758 696 798 έν
739 757 783 798 δὲ
825 755 1088 808 Ἀντιφάνους
1128 754 1362 810 Ἀφροδίτης
1407 762 1541 810 γοναῖς
1585 757 1839 798 πινακίσκιόν

285 813 396 854 ἐστιν
433 814 653 867 εἰρημένον.
763 819 798 855 1.
838 813 949 855 τονδὶ
985 815 1223 866 Schweigh]
1264 813 1392 853 τονδεὶ
1422 817 1471 854 A.
1585 818 1737 862 συνιεῖς
1766 811 1836 868 Κ.]

286 871 436 919 συνιεὶς
467 873 517 911 Α.
559 874 608 912 cf.
631 874 780 923 Diphil.
803 874 868 923 32,
893 875 957 912 13.
988 873 1145 912 Alexid.
1171 873 1264 920 124,
1287 874 1324 912 6.
1415 873 1452 913 2.
1483 868 1543 910 ὦὰ
1574 874 1621 911 Α.
1709 874 1749 912 3.
1770 870 1838 910 καὶ

286 926 422 998 πέμμα
457 927 524 967 καὶ
564 925 741 981 τράγημα
771 930 860 968 add.
893 929 1058 969 casaub.
1091 942 1139 967 ex
1177 929 1323 967 Athen
1366 930 1445 968 667
1463 929 1488 967 d
1530 930 1676 968 omisso
1700 925 1836 968 πέντε.

289 981 347 1023 ὥὰ
378 982 453 1034 μὲν
482 983 597 1024 πέντε
630 983 858 1050 νικητήριον
885 985 1070 1039 κοταβιῇε
1102 983 1191 1023 τίνα
1219 982 1366 1031 τρόπον
1395 984 1438 1024 C.
1518 986 1558 1023 4.
1589 996 1679 1035 περι
1699 997 1768 1023 του
1799 987 1840 1024 et

287 1043 525 1093 κοτταβιειτε
557 1056 645 1080 τινα
675 1043 760 1081 sine
790 1055 868 1081 aco.
900 1043 949 1083 A.
1038 1042 1077 1080 5.
1108 1038 1274 1092 διδάξω]
1309 1038 1486 1088 ἐπιδείξω
1516 1043 1597 1080 487
1628 1042 1679 1080 A.
1736 1037 1837 1079 καθ’

282 1095 395 1150 ὅσον]
435 1097 616 1137 κάθοσον
645 1099 682 1137 Α
711 1100 806 1139 487.
856 1095 958 1137 καθ’
987 1095 1057 1137 ὅν·
1096 1094 1143 1144 ὃς
1184 1098 1403 1148 Schweigh.
1454 1100 1497 1137 at
1525 1099 1580 1136 sic
1607 1110 1724 1137 nemo
1753 1111 1839 1136 um-

282 1168 403 1204 quam
432 1155 590 1194 locutus
619 1157 693 1194 est.
738 1149 844 1222 κᾷθ’
868 1152 915 1201 ὃς
945 1152 998 1193 ἀν
1034 1155 1156 1193 Dobr.
1187 1155 1290 1193 Adv.
1321 1154 1362 1192 II
1393 1155 1486 1192 334.
1536 1150 1684 1194 πάνθ’.
1713 1150 1756 1200 ὃς
1785 1168 1840 1193 αν

283 1212 405 1250 Mein.
498 1214 534 1253 6.
566 1207 747 1263 άφεὶς]’
724 1226 833 1262 αφης
854 1211 891 1250 Α
911 1212 1009 1251 487.
1094 1205 1238 1263 ποιήσῃ
1258 1213 1395 1249 πεσεῖν
1415 1211 1505 1249 add.
1527 1211 1650 1250 schol.
1673 1211 1836 1250 Lucian.

283 1281 330 1306 ex
360 1269 634 1307 emendatione
674 1268 802 1318 Toup.
833 1268 998 1309 Emend.
1030 1280 1062 1305 11
1092 1269 1188 1306 472.
1305 1269 1341 1306 7.
1378 1266 1595 1318 πλάστιγγα
1632 1281 1679 1306 ex
1714 1268 1836 1307 schol.

282 1324 445 1363 Luoian.
477 1326 654 1364 accessit.
743 1338 864 1362 ποιαν
893 1325 977 1364 sine
1006 1337 1085 1363 aco.
1109 1324 1156 1362 A.
1196 1325 1312 1361 ποῖον
1331 1316 1384 1361 άν
1402 1323 1439 1362 Α
1459 1324 1555 1363 487.
1643 1320 1836 1362 τούπικεί-

282 1379 420 1451 μενον]
454 1379 496 1419 τὸ
526 1377 789 1431 υποκείμενον
808 1381 845 1419 Α
857 1382 954 1420 487.
1042 1382 1080 1419 9.
1103 1378 1210 1418 ἐστιν
1226 1402 1278 1407 ———
1296 1393 1316 1417 ο
1333 1402 1384 1407 -
1400 1381 1550 1431 γίνεται
1570 1381 1618 1422 A.
1704 1373 1836 1433 οὗτος]

283 1435 325 1474 ι’ν
365 1438 480 1484 οὕτος
511 1438 548 1476 Α
578 1438 674 1477 487.
784 1439 849 1476 10.
881 1442 997 1476 τοῦτο
1026 1433 1080 1474 ὄίν
1109 1438 1147 1476 A
1177 1438 1272 1475 667.
1322 1441 1455 1480 τοῦτο;
1486 1434 1556 1474 ἐὰν
1585 1437 1622 1475 Α
1652 1437 1750 1476 487.

254 1492 383 1547 ’θίγῃ
413 1495 565 1534 Iacobs.
596 1495 734 1534 Addit.
766 1495 860 1533 272.
885 1493 928 1546 3]
962 1492 1059 1544 τύχη
1089 1494 1127 1532 A
1157 1487 1288 1546 (τύχηι
1319 1493 1356 1532 Α
1382 1491 1836 1545 487).11.αυτης

281 1572 338 1578 ——
358 1564 427 1589 τον
445 1573 500 1579 -
520 1564 653 1601 μανην
681 1551 730 1590 Α.
835 1552 900 1589 12.
931 1565 984 1588 τω
1016 1546 1192 1601 κοττάβω
1222 1550 1269 1588 A.
1367 1550 1433 1588 13.
1462 1545 1673 1600 πρόσεστιν
1701 1551 1751 1590 A.
1803 1568 1807 1571 ·

287 1608 353 1645 14.
387 1606 478 1646 ωδε-ι
507 1609 558 1646 A.
665 1602 818 1660 λαβών]
849 1607 990 1658 λαβεῖν
1016 1606 1166 1657 Bergk.
1194 1607 1313 1645 recte.
1419 1603 1546 1658 νόμῳ]
1578 1603 1709 1660 τρόπῳ
1739 1607 1836 1646 Her-

281 1665 403 1702 werd.
426 1666 572 1705 Mnem.
593 1677 685 1703 nov.
708 1664 790 1702 IIII
813 1664 907 1702 322.
998 1665 1063 1702 15.
1095 1662 1160 1702 δεῖ
1185 1659 1424 1715 καρκινοῦν]
1455 1662 1716 1713 δικαρκινοῦν
1745 1664 1793 1704 Α.

284 1722 350 1758 17.
381 1717 513 1759 ἔπειτα
543 1718 683 1770 φήσεις
713 1721 761 1758 A.
851 1722 915 1759 18.
948 1714 980 1758 ὦ
1011 1733 1089 1759 0111.
1110 1719 1160 1770 A,
1191 1719 1259 1769 qui
1288 1732 1341 1765 ως
1370 1726 1516 1768 υψους.
1548 1715 1661 1768 ὑψοῦ
1692 1719 1835 1759 Comes

282 1780 321 1814 et
358 1777 524 1816 Porson.
623 1778 688 1816 20.
721 1771 857 1815 αὕτόσ’
890 1776 982 1824 VL]
1014 1772 1154 1814 αὐτόσε
1188 1778 1234 1814 A.
1285 1776 1402 1814 aliter
1429 1788 1616 1826 personas
1647 1777 1836 1815 distinxe-

283 1836 378 1872 runt
407 1833 454 1873 G.
477 1834 527 1872 A.
550 1834 751 1884 Hirschig.
782 1834 887 1872 Ann.
918 1834 1007 1872 crit.
1035 1834 1072 1872 2.
1125 1832 1262 1871 Cobet.
1293 1832 1342 1870 N.
1375 1833 1401 1870 1.
1435 1834 1500 1872 19.

399 1890 664 1940 ‘Antiphanis
702 1891 972 1940 fragmentum
1009 1890 1060 1928 ad
1099 1902 1188 1927 eum
1227 1889 1449 1927 cottabismi
1479 1889 1641 1928 modum
1671 1891 1835 1939 spectat,

283 1959 362 1995 quo
405 1947 624 1986 cottabium
663 1947 711 1985 ad
751 1946 979 1985 candelabri
1008 1945 1310 1984 similitudinem
1339 1945 1555 1987 formatum
1584 1959 1632 1984 ex
1660 1946 1837 1984 lacunari

284 2016 520 2053 suspensum
552 2005 667 2041 erat?
699 2004 819 2044 Mein.
871 2003 1134 2052 comparanda
1165 2003 1258 2040 sunt
1276 2001 1377 2040 Plat.
1398 2001 1447 2040 fr.
1468 2002 1536 2040 46.
1559 2003 1611 2040 47
1635 2002 1836 2054 (inprimis

280 2061 328 2098 ad
354 2073 391 2100 v.
406 2057 489 2114 15).
523 2059 673 2098 Cratin.
692 2060 789 2098 273.
821 2059 1028 2127 Hermipp.
1046 2059 1112 2097 47.
1145 2058 1293 2097 Calliae
1315 2059 1352 2097 9.
1383 2057 1592 2107 Cephisod.
1615 2059 1654 2097 5.
1686 2058 1834 2100 Athen.

286 2118 401 2156 667e
432 2115 594 2166 λυχνίον
625 2114 730 2154 ἐστὶν
759 2111 920 2166 ὑψηλὸν
950 2113 1039 2165 ἕχον
1068 2107 1135 2153 τὸν
1163 2112 1298 2177 μάνην
1322 2112 1579 2164 καλούμενον,
1611 2109 1677 2163 ἐφ’
1692 2110 1744 2153 ὁ“ν
1762 2112 1836 2165 τὴν

280 2169 627 2243 καταβαλλομένην
649 2171 732 2211 ἔδει
751 2176 890 2211 πεσεῖν
911 2170 1129 2223 πλάστιγγα
1155 2165 1381 2223 (λάταγαῗ),
1402 2166 1594 2209 ἐντεῦθεν
1613 2167 1653 2208 δ’
1673 2168 1836 2210 ε’πιπτεν

284 2229 341 2275 εἰς
373 2227 546 2278 λεκάνην
574 2225 841 2279 ὑποκειμένην
869 2230 1085 2280 πληγεῖσαν
1114 2232 1170 2280 τῷ
1195 2225 1391 2280 κοττάβῳ·
1422 2226 1494 2264 καί
1518 2241 1575 2273 τις
1596 2241 1649 2277 ην
1667 2223 1835 2292 ἀκριβὴς

281 2282 452 2337 εὐχειρία
482 2285 549 2335 τῆς
581 2286 718 2337 βολῆς.
769 2286 1063 2335 conloquuntur
1093 2285 1184 2331 (1110,
1215 2296 1384 2333 quorum
1415 2284 1516 2322 alter
1544 2284 1695 2323 cottabi
1724 2284 1833 2334 inpe-

280 2343 380 2381 ritus
411 2343 461 2380 ab
492 2343 618 2381 altero
650 2342 846 2392 quomodo
877 2355 992 2392 agere
1023 2341 1164 2380 debeat
1193 2341 1367 2380 docetur.
1392 2361 1443 2367 -
1473 2340 1522 2378 de
1551 2353 1645 2380 vooe
1674 2339 1836 2390 λυχνίον

280 2399 329 2437 cf.
363 2399 537 2438 Lobeck.
568 2399 716 2449 Phryn.
747 2399 841 2437 314.
902 2398 997 2461 quid
1035 2411 1074 2437 v.
1106 2399 1130 2436 3
1168 2397 1433 2446 supplendum
1462 2397 1516 2436 sit
1543 2397 1832 2446 quodammodo

282 2455 535 2505 cognoscitm
574 2468 621 2493 ex
659 2455 860 2493 Eubu1.3
898 2447 1014 2504 θήσω
1044 2450 1089 2492 δὲ
1118 2449 1414 2504 νικητήριον
1443 2454 1544 2503 τρεῖς
1575 2451 1744 2500 ταινίας
1764 2450 1832 2491 και

278 2513 383 2561 μῆλα
412 2508 561 2549 πέντε
591 2509 658 2549 καὶ
687 2505 871 2561 φιλήματ’
895 2508 1020 2549 ἐννέα.
1083 2510 1226 2560 quibus
1256 2509 1444 2549 adhibitis
1473 2510 1614 2548 lacuna
1642 2522 1723 2549 non
1753 2522 1832 2549 uno

278 2568 397 2606 modo
437 2568 587 2617 expleri
625 2569 771 2618 potest.
822 2567 963 2630 quodsi
992 2567 1111 2606 etiam
1142 2562 1340 2616 φιλήματα
1371 2567 1676 2604 commemorata
1703 2567 1831 2616 erant,

278 2637 316 2662 v.
340 2624 366 2661 4
395 2625 652 2673 praetulerim
684 2624 727 2663 B.
757 2636 888 2674 παρα
918 2623 1007 2670 τοῦ;
1037 2619 1189 2674 γέλοιον
1217 2622 1281 2661 vel
1310 2617 1546 2673 παρ’ἐμοῦ.
1587 2622 1631 2661 Β.
1668 2619 1830 2673 γέλοιον.

280 2680 422 2718 deinde
459 2680 713 2719 scribendum
750 2680 910 2719 videtur
939 2679 1147 2731 κοτταβιῶ
1177 2675 1229 2716 δὲ
1258 2677 1348 2716 τίνα
1378 2676 1542 2730 τρόπον,
1574 2678 1678 2717 00111.
1707 2692 1746 2719 v.
1762 2679 1829 2717 17.

279 2737 304 2774 5
344 2749 416 2775 scr.
455 2733 583 2787 μάθε
620 2733 684 2774 δ’·
726 2733 769 2782 ὃς
807 2731 861 2773 ἄν
898 2738 978 2775 κτλ.
1029 2736 1077 2775 cf.
1111 2736 1176 2774 20.
1281 2736 1317 2773 7.
1347 2737 1439 2797 post
1467 2734 1682 2786 πλάστιγγα
1710 2735 1832 2774 intor-

277 2793 445 2842 rogandi
475 2793 632 2843 signum
663 2793 792 2843 posui.
883 2794 946 2831 16.
979 2805 1051 2832 scr.
1082 2789 1226 2830 οἴνου
1247 2813 1301 2818 -
1320 2783 1455 2829 πολυ.
