1864 3204
466 193 759 229 Enmssuo‘rz
781 192 968 228 ΒΔΚΧιΣ
1015 191 1207 227 amma
1524 183 1608 231 417

819 295 841 337 1
1005 346 1086 394 εἶτ’
1109 351 1284 406 ἔρχεται

319 421 608 478 χελιδονείων
637 418 735 475 μετ’
759 417 916 474 ὀλίγον
946 421 1158 476 σκληρῶν
1188 414 1327 473 ἁδρὸς

318 490 596 539 πινακίσκος.

161 572 390 613 Athenaeus
420 573 458 621 3,
471 573 557 612 750
585 568 836 622 χελιδονείων
865 566 909 608 δὲ
938 565 1104 608 σύκων
1132 564 1372 620 μνημονεύει
1401 565 1614 620 Ἐπιγένης

50 625 94 669 ἕν
123 627 291 680 Βακχίδι
321 627 511 681 (βραχχίῳ
541 624 598 682 A)
627 629 707 667 κτλ.
738 627 840 667 Plin.
857 627 908 667 N.
925 627 965 666 h.
987 628 1052 676 15,
1064 629 1114 667 71
1146 628 1361 667 novissima
1389 627 1462 666 sub
1492 627 1614 666 hieme

46 690 274 727 maturatur
304 686 519 727 chelidonia
548 681 697 739 (ficus).
809 737 837 781 2

317 815 420 860 ἀλλ’
445 821 490 861 εἴ
513 833 580 868 τις
610 815 761 874 ὥσπερ
792 819 907 873 χῆνα
939 814 1148 860 σιτευτὸν
1178 785 1333 872 λαβών

318 886 480 942 ἔτρεφέ
506 900 561 941 με
593 911 642 918 ——

163 969 391 1009 Athenaeus
422 971 467 1020 9,
489 969 607 1009 3842
639 962 846 1020 Ἐπιγένης
877 964 898 1007 ὁ
927 965 1223 1022 κωμῳδιοποιὸς
1255 964 1298 1007 ἐν
1329 966 1503 1018 Βάκχαις
1535 981 1612 1017 φη-

48 1025 114 1065 σίν
147 1027 228 1065 κτλ
317 1024 497 1065 σιτευτὸν
532 1023 669 1078 λαβὼν
694 1026 700 1078 Ι
727 1022 864 1077 ἔτρεψέ
897 1038 945 1077 με
982 1008 1142 1090 D‘indf.]
1181 1022 1344 1077 ἕτρεφέν
1380 1037 1446 1075 μοι
1475 1019 1613 1076 λαβών

48 1080 231 1122 σιτευτόν
260 1084 309 1123 A.
340 1078 435 1134 χῆν’
458 1079 524 1134 ἐμὲ
549 1083 555 1135 Ι
583 1080 718 1135 ἔτρεφε
748 1080 884 1133 λαβὼν
914 1078 1094 1121 σιτευτόν
1122 1083 1289 1122 Porson.
1377 1082 1524 1122 omissa
1554 1084 1615 1120 est

46 1135 257 1187 ἆπόδοσιςε
290 1140 348 1180 ἐἰ
375 1142 462 1189 quis
490 1152 551 1181 me
579 1143 623 1180 ut
652 1152 830 1180 anserem
858 1140 1021 1189 alebat’,
1055 1153 1102 1179 ea
1130 1153 1212 1180 non
1242 1152 1331 1179 moa
1361 1139 1477 1189 culpa
1507 1141 1583 1178 est.

816 1251 844 1294 3

319 1326 369 1371 τὸ
399 1328 577 1384 σκύφος
607 1330 788 1385 ἔχαιρον
818 1329 1071 1385 δεχόμενος.

166 1424 396 1463 Athenaeus
428 1426 493 1474 11,
515 1424 627 1464 4980
654 1420 862 1476 Ἐπιγένης
893 1421 935 1462 ἐν
967 1422 1118 1477 Βακχίᾳ
1148 1425 1229 1463 κτλ.

735 1547 929 1582 ΗΡΩῙΝΗ

163 1628 197 1668 1.
226 1642 259 1668 e.
283 1624 457 1682 Ἦρῴνη.
511 1627 573 1669 cf.
605 1628 731 1669 Arist.
761 1628 866 1671 Nub.
899 1629 994 1669 315.

815 1739 843 1780 4

254 1815 356 1859 ἀλλ’
380 1812 488 1860 οὐδὲ
518 1816 821 1873 κεραμεύουσι
851 1819 938 1860 νῦν
967 1816 1074 1869 τούς
1103 1817 1392 1873 κανθάρους,

254 1879 292 1926 ὦ
321 1883 477 1940 τάλαν,
510 1884 714 1936 ἐκείνους
744 1883 850 1935 τούς
880 1883 1076 1941 ἁδρούς,
1107 1884 1295 1928 ταπεινὰ
1325 1886 1375 1928 δὲ

258 1951 332 1995 καὶ
362 1951 576 2009 γλαφυρὰ
606 1953 793 2008 πάντες,
825 1951 1022 2007 ὡσπερεὶ
1060 1987 1070 1997 .
1118 1987 1127 1997 .
1174 1987 1183 1997 .
1232 1987 1242 1998 .

261 2016 378 2063 αὐτοὶ
408 2019 461 2063 τὰ
491 2019 685 2078 ποτήρι’,
717 2019 774 2064 οὐ
805 2019 885 2064 τὸν
915 2018 1044 2065 οἶνον
1073 2022 1293 2078 πιόμενοι.

165 2114 398 2155 Athenaeus
431 2117 502 2166 11,
523 2116 641 2156 4748,
678 2111 891 2168 Ἐπιγένης
924 2112 1102 2171 Ἡρωίνῃ
1138 2118 1221 2156 κτλ.
1311 2118 1349 2158 3.
1379 2112 1615 2168 κανθαρίδι’

50 2170 142 2211 add.
187 2171 330 2222 Mein.,
379 2172 487 2222 quod
531 2185 576 2212 ea
618 2185 805 2213 mensura
847 2174 1084 2224 praesertim
1126 2169 1192 2243 ςἰ)
1227 2187 1424 2224 nusquam
1470 2177 1615 2213 exstat.

55 2222 223 2279 ὡσπερεὶ
242 2227 292 2279 Ρ]
325 2223 379 2275 ὥς
399 2226 488 2280 περὶ
507 2229 556 2268 A.
596 2225 765 2282 ὡσπερεὶ
798 2226 843 2268 τὰ
874 2228 1042 2282 ποτήρια
1067 2228 1075 2284 Ι
1099 2245 1177 2269 αυτ
1197 2258 1210 2281 ,
1239 2226 1287 2269 οὐ
1309 2228 1378 2269 τὸν
1398 2224 1510 2269 οἶνον
1530 2228 1618 2269 πιό-

52 2297 165 2334 μενοι
194 2283 306 2324 Pors.
379 2285 421 2324 4.
450 2282 651 2336 πιομένοις
682 2287 802 2326 Mein.
833 2286 950 2327 Anal.
982 2287 1078 2327 Ath.
1101 2288 1196 2326 218.
1247 2287 1345 2326 mihi
1375 2283 1522 2334 πάντες
1552 2301 1615 2327 su·

55 2342 235 2391 spectum
266 2342 350 2380 est.
382 2344 630 2410 quapropter
653 2342 783 2382 scrIbo
813 2340 880 2380 καὶ
909 2340 1094 2395 γλαφυρὰ
1124 2339 1362 2394 πετάχνιᾏ
1383 2340 1550 2397 ὡσπερεὶ
1571 2342 1617 2382 τὰ

52 2394 224 2446 ποτήρια
250 2396 257 2447 Ι
282 2393 377 2436 αὔτ’
381 2424 394 2447 ,
414 2393 474 2437 οὐ
493 2392 561 2437 τὸν
589 2392 700 2438 οἶνον
728 2396 939 2450 πιομένοις.
971 2400 1019 2439 de
1038 2399 1176 2450 πίομαι
1196 2400 1245 2440 of.
1269 2400 1375 2440 Plat.
1396 2413 1497 2441 com.
1520 2402 1615 2442 603.

54 2456 97 2493 et
127 2453 176 2492 de
206 2450 416 2504 πετάχνοις
446 2454 591 2495 Athen.
630 2458 694 2504 11,
717 2456 844 2496 4962».
890 2456 1096 2508 Aristoph
1129 2457 1180 2496 fr.
1213 2457 1308 2496 288.
1356 2457 1515 2497 Alexid.
1549 2459 1616 2497 59.

57 2509 107 2548 de
137 2511 338 2550 sententia
365 2510 551 2552 Phereer.
585 2513 679 2551 143.
822 2565 850 2608 5

274 2642 358 2699 τὴν
388 2644 657 2699 Θηρίκλειον
687 2643 824 2699 δεῦρο
854 2644 930 2695 καὶ
958 2641 1013 2687 τὰ
1034 2642 1240 2688 Ῥοδιακοὶ

274 2711 465 2764 κόμισον
495 2710 650 2765 λαβὼν
680 2708 784 2761 τούς
814 2713 987 2763 παῖδας.
1039 2714 1247 2763 εἰσοίσεις
1276 2711 1415 2767 μόνος

274 2780 507 2833 ψυκτῆρα,
539 2777 734 2834 κύαθον,
766 2781 957 2835 κυμβία,
989 2778 1102 2834 ῥυτὰ
1133 2779 1344 2835 τέτταρα,

274 2842 551 2900 ἡδυποτίδας
579 2853 722 2901 τρεῖς,
751 2844 900 2902 ἡθμὸν
931 2847 1178 2903 ἀργυροῦν.

126 2925 245 2952 Comici
266 2925 386 2958 graeei,
406 2925 453 2952 ed.
472 2925 534 2952 Th.
559 2925 671 2954 xook.
691 2926 734 2952 11.
1303 2919 1345 2950 27
