1890 3190
536 217 794 251 ΠοΝἰῚΚοΣ
821 235 860 242 -
890 218 1166 252 ΠΡΟΒΛΠΜΑ
1575 217 1630 260 93

173 316 249 360 καὶ
277 313 448 373 ταύτην
478 317 696 369 ψευσθεὶς
725 316 871 375 ἄλλην
901 317 1116 374 κεστρεύς
1146 321 1247 362 ἴσον
1277 316 1423 374 αὐτὴν

38 403 40 406 ·
92 436 109 448 Ἴ
172 375 299 440 ἦγεν.
352 385 606 442 βουλομένη
638 383 679 428 δ’
703 385 856 429 ἕπεται
886 386 1028 443 πέρκη
1058 385 1339 444 μελανούρῳ.

0 470 1 473 “
37 474 39 476 ·
72 451 83 506 V'
121 462 143 495 ⁵
171 453 224 496 Β.
257 452 494 508 κεστρεύς,
524 451 662 509 ἀνήρ,
693 454 989 509 μελάνουρος,
1020 453 1105 497 οὐκ
1135 450 1226 498 οἷδ’
1247 453 1313 498 ὅτι
1345 456 1511 510 λέγεις·

172 511 309 565 οὐδὲν
337 522 480 577 λέγεις
508 517 608 577 γάρ.
667 526 722 564 Α.
756 519 857 564 ἀλλ’
880 519 967 576 ἐγώ
999 525 1157 578 σαφῶς
1186 522 1359 579 φράσω.

173 590 267 633 ἔστι
297 606 363 641 τις
393 585 441 640 ὃς
470 587 523 633 τὰ
551 589 636 645 μὲν
667 587 774 632 ὄντα
805 590 963 640 διδοὺς
992 588 1076 634 οὐκ
1107 586 1201 634 οἶδε
1233 591 1442 642 δεδωκώς

174 650 264 700 οἷσι
295 656 475 712 δέδωκ’,
508 655 608 700 οὐδ’
630 655 765 709 αὐτὸς
794 660 910 714 ἔχων
941 651 1007 702 ὦν
1036 657 1175 702 οὐδὲν
1206 659 1365 702 ἐδεῖτο.

39 775 40 778 ¹
178 727 224 769 Β.
257 725 413 776 διδούς
442 741 509 776 τις
539 723 623 769 οὐκ
655 727 824 769 ἔδωκεν
855 725 954 770 οὐδ’
978 728 1092 783 ἔχων
1123 729 1232 782 ἔχεις

40 787 41 790 “
103 802 146 835 10
174 791 258 837 οὐκ
288 790 391 836 οἶδα
420 795 595 836 τούτων
625 793 774 838 οὐδέν.
839 801 892 838 Α.
925 793 1099 838 οὐκοῦν
1129 798 1271 838 ταῦτα
1301 797 1376 840 καὶ

35 858 38 859 ’
173 859 197 905 ὁ
226 869 390 918 γρῖφος
420 863 589 917 ἔλεγεν·
621 861 704 906 ὅσα
733 863 829 918 γὰρ
850 860 973 907 οἶσθ’
997 861 1083 925 ούκ
1114 859 1250 907 οἶσθα
1280 867 1385 920 νῦν,

156 927 272 973 ,οὐδ’
298 927 381 972 ὅσα
410 929 635 985 δέδωκας,
666 929 768 974 οὐδ’
791 929 861 974 ὅσ’
884 929 981 975 ἄντ’
1005 930 1158 975 αὐτῶν
1188 934 1313 988 ἔχεις.

170 1000 349 1041 τοιοῦτο
379 998 505 1042 τοῦτ’
524 990 598 1055 ἦν.
659 1002 711 1042 Β.
743 1002 989 1056 τοιγαροῦν
1018 999 1143 1056 κάγώ
1173 1015 1275 1044 τινα

175 1066 319 1110 εἰπεῖν
347 1067 461 1122 πρὸς
489 1064 605 1124 ὑμᾶς
634 1067 858 1123 βούλομαι
886 1075 1067 1124 γρῖφον.
1127 1073 1183 1128 A.
1216 1069 1330 1125 λέγε.

16 1160 31 1182 ς
100 1142 143 1175 1⁶
172 1137 224 1177 Β.
259 1136 396 1191 πίννη
427 1134 500 1178 καὶ
532 1136 691 1191 τρίγλη
722 1135 880 1191 φωνάς
911 1137 1020 1192 ἰχθῦ
1052 1134 1127 1179 δύ’
1151 1138 1331 1193 ἔχουσαι

18 1203 24 1215 ³
171 1201 303 1246 πόλλ’
328 1201 540 1258 ἐλάλουν,
572 1204 675 1259 περὶ
705 1196 772 1254 ὦν
802 1204 852 1248 δὲ
883 1202 995 1260 πρὸς
1025 1203 1081 1248 ὅν
1110 1203 1150 1247 τ’
1174 1203 1318 1262 ᾧόντο
1349 1208 1495 1262 λέγειν
1525 1223 1567 1250 τι

172 1268 257 1314 οὐκ
288 1271 504 1315 ἐλάλουν·
536 1270 674 1316 οὐδὲν
702 1270 791 1328 γάρ
821 1271 1094 1328 ἐμάνθανεν,
1126 1271 1240 1317 ὥστε
1270 1273 1383 1329 πρὸς
1412 1275 1467 1318 ὃν
1497 1277 1581 1332 μὲν

169 1332 231 1394 ἦν
260 1337 417 1391 αὐταῖς
447 1337 471 1382 ὁ
503 1339 656 1395 λόγος,
690 1339 802 1396 πρὸς
832 1339 876 1383 δ’
898 1339 1039 1392 αὑτάς
1068 1334 1213 1385 πολλοὶ
1244 1343 1471 1395 λαλούσας

171 1404 308 1459 αύτάς
338 1407 594 1464 ἀμφοτέρας
622 1407 650 1465 ἡ
679 1407 897 1465 Δημήτηρ
929 1408 1168 1466 ἐπιτρέψει.

23 1521 26 1524 >
169 1502 400 1542 Athenaeus
433 1505 498 1554 10,
519 1503 635 1543 4500
662 1498 901 1554 Ἀντιφάνης
933 1501 977 1543 ἐν
1006 1503 1059 1559 τῷ
1091 1503 1358 1557 Προβλήματί
1384 1516 1510 1558 φησιν
1539 1509 1625 1550 κτλ.

12 1549 18 1581 ἶ
60 1560 99 1598 1.
141 1555 392 1611 περιβάλλειν
428 1559 635 1600 Herwerd.
667 1560 764 1601 Obs.
795 1561 885 1601 crit.
917 1557 997 1615 52]
1032 1544 1256 1614 ἐπιβάλλων
1291 1563 1340 1602 Α.
1394 1561 1624 1661 ἐπιβάλλειν

17 1649 24 1663 ,
56 1616 285 1667 Dalecamp.
359 1618 398 1656 3.
429 1610 520 1656 κατ’
544 1611 671 1669 αὐτὴν
701 1617 839 1657 Cobet.
861 1618 915 1657 N
939 1618 966 1657 1.
994 1619 1085 1658 134.
1161 1621 1226 1659 11.
1260 1614 1396 1674 οἶσθ’]
1467 1622 1606 1660 σθαΑ

58 1673 123 1712 15.
147 1672 246 1724 ίχθν
266 1671 318 1712 δυ
338 1673 388 1713 A.
471 1675 535 1714 15.
558 1672 701 1727 πίννη]
723 1672 820 1725 πίνη
844 1675 964 1714 Mein.
1046 1677 1110 1718 16.
1128 1677 1228 1728 περί
1230 1691 1288 1716 ων
1306 1676 1350 1716 δε
1367 1691 1464 1729 προς
1482 1688 1556 1717 σον
1570 1679 1621 1718 Α.

8 1727 28 1787 ,ᾖ
58 1730 122 1770 19.
156 1726 382 1783 ἐπιτρέψαι]
413 1728 614 1783 ἐπιτρίψει
644 1731 812 1771 Casaub.
863 1729 1070 1784 ἐπιτρίψαι
1099 1733 1223 1773 Dobr.
1255 1747 1306 1773 an
1337 1731 1579 1787 ἐπέτριψενῖ)

174 1801 211 1838 1.
258 1799 429 1838 contulit
467 1792 759 1839 Herwerdenus
798 1799 989 1840 Herodot.
1024 1802 1164 1851 1,141
1206 1797 1261 1849 ὥς
1300 1799 1344 1841 δὲ
1385 1804 1622 1855 ψευσθῆναι

13 1877 21 1902 .-
57 1855 126 1906 τῆς
156 1851 332 1906 ἐλπίδος,
363 1855 503 1920 λαβεῖν
532 1852 707 1910 (Κῦρον)
738 1831 1061 1909 ἀμφίβληστρον
1067 1855 1133 1896 καὶ
1153 1859 1384 1911 περιβαλεῖν
1405 1874 1444 1899 τε
1466 1860 1621 1911 πλῆθος

21 1948 23 1953 ,
53 1909 199 1951 πολλὸν
229 1916 309 1951 τῶν
339 1908 496 1963 ἰχθύων
525 1909 591 1951 καὶ
624 1910 829 1966 ἐξειρύσαι.
918 1915 956 1954 3.
986 1915 1270 1984 Dalecampips
1301 1918 1343 1955 et
1364 1916 1622 1957 Casaubonus

11 1978 21 2012 J
53 1966 121 2008 καὶ
149 1966 296 2019 ταύτης
318 1965 557 2020 ψευσθέντ’,
587 1963 712 2021 άλλην
740 1967 926 2023 κεστρεὺς
956 1969 1048 2010 ισον
1076 1967 1180 2027 αὐτῇ
1209 1973 1318 2024 τγεν,
1350 1975 1535 2025 aenigma
1555 1975 1613 2014 ita.

8 2027 17 2050 Τ
53 2025 385 2077 interpretantes:
424 2027 587 2077 quidam
616 2027 852 2068 libidinosus
883 2028 1021 2068 multis
1050 2029 1325 2070 meretricibus
1354 2032 1439 2070 rete
1469 2031 1614 2071 iniece-

12 2086 24 2104 ²
53 2084 119 2122 rat
147 2095 370 2136 magnoque
402 2085 565 2149 sumptu
595 2097 715 2124 unam
744 2085 929 2124 extraxit.
979 2098 1067 2124 cum
1099 2088 1139 2125 et
1168 2087 1218 2126 ab
1249 2087 1326 2127 ista
1356 2088 1488 2127 elusus
1519 2088 1613 2127 fuis-

54 2141 135 2190 set,
172 2139 264 2180 leno
303 2141 421 2179 aliam
458 2141 584 2192 priori
621 2154 756 2192 parem
792 2142 828 2181 ei
867 2141 1051 2182 adduxit.
1098 2143 1236 2183 volens
1273 2146 1409 2183 autem
1438 2146 1619 2195 sequitur

12 2212 19 2218 0
54 2198 231 2236 scortum
262 2199 538 2237 scortatorem.
590 2211 665 2250 ego
697 2195 834 2248 ἐπέχω.
923 2199 961 2236 4.
993 2199 1165 2239 Numen.
1199 2200 1377 2241 Halieut.
1407 2201 1556 2241 Athen.
1581 2204 1618 2252 7,

12 2272 16 2292 -,
54 2253 170 2294 3200
198 2250 384 2307 πέρκαισι
412 2253 652 2307 καθηγητὴν
680 2250 939 2307 μελάνουρον.
990 2256 1265 2307 inproborum·
1281 2258 1513 2298 societatem
1543 2259 1619 2299 hoc

23 2359 24 2362 Ἴ
51 2309 263 2360 proverbio
300 2312 434 2351 notari
471 2311 730 2352 arbitrantur.
793 2314 1009 2363 utrumque
1046 2314 1194 2363 piscem
1224 2315 1431 2354 saxatilem
1463 2327 1547 2355 esse
1578 2319 1619 2355 et

27 2363 211 2419 'nigrum
249 2367 364 2407 docet
402 2366 564 2408 Gesner.
604 2370 663 2408 De
701 2368 866 2433 aquatil.
898 2369 994 2408 542.
1113 2371 1151 2409 7.
1192 2371 1389 2421 quomodo
1429 2373 1618 2423 explicari

0 2419 29 2476 .-
54 2423 148 2463 haec
177 2436 293 2474 posse
323 2425 528 2475 putaverit
558 2425 774 2473 Dobraeus‚
806 2426 891 2476 ipse
920 2427 1085 2477 exponit
1114 2427 1283 2467 Advers.
1305 2428 1346 2467 Π
1376 2429 1472 2468 328.
1520 2429 1617 2468 mihi

0 2486 19 2531 J
51 2480 266 2520 admodum
297 2481 418 2520 dubia
447 2483 509 2521 est
537 2495 618 2522 non
647 2483 778 2521 minus
808 2482 917 2521 illius
938 2496 1057 2532 quam
1079 2482 1303 2524 Casauboni
1324 2486 1614 2536 interpretatio.

14 2532 20 2554 ⁵
55 2537 122 2577 13.
155 2540 308 2575 τοιουτο
337 2534 447 2577 τοῦτ’
469 2553 524 2589 ην
552 2538 839 2590 interrogative
869 2551 1061 2589 personae
1092 2540 1125 2578 Β
1153 2544 1260 2580 recte
1290 2545 1335 2582 ut
1356 2542 1514 2581 videtur
1544 2542 1613 2580 tri-

3 2619 5 2622 .
51 2593 141 2632 buit
182 2594 414 2635 Meinekius.
532 2595 711 2635 versibus
745 2595 796 2633 15
814 2607 870 2645 sq.
912 2596 1020 2646 ipsae
1059 2597 1151 2636 illae
1190 2598 1459 2649 aenigmatum
1499 2600 1617 2638 antea

50 2650 346 2701 propositorum
386 2652 623 2703 praestigiae
663 2651 827 2691 inrideri
865 2652 1071 2693 videntur:
1113 2652 1236 2693 ‘nihil
1268 2656 1374 2693 enim
1406 2654 1526 2705 (sani)
1559 2655 1617 2694 di-

2 2707 26 2758 ξ,
58 2709 192 2746 centes
224 2709 356 2747 tamen
389 2708 539 2758 aliquid
571 2709 702 2748 dicere
731 2709 933 2758 videntur,
964 2711 1070 2760 quod
1100 2713 1234 2750 tamen
1263 2724 1380 2750 nemo
1401 2712 1616 2763 intellegit,

51 2764 98 2802 ut
133 2763 277 2814 quibus
308 2764 495 2803 dicuntur
523 2777 605 2804 non
635 2765 820 2805 dicantur
850 2768 891 2804 et
922 2767 977 2806 eis
1007 2767 1102 2807 solis
1132 2768 1201 2817 qui
1231 2768 1372 2806 dicunt
1402 2768 1616 2807 dicantur’.

14 2819 15 2822 ’
26 2814 175 2859 οὐδὲν
202 2818 277 2871 γὰρ
307 2818 538 2871 ἐμάνθανεν
567 2822 602 2861 is
633 2822 785 2862 scilicet
815 2823 877 2862 cui
906 2824 1245 2873 proponebantur.
1295 2837 1333 2865 v.
1358 2825 1409 2863 18
1439 2825 1615 2865 nondum

0 2899 34 2938 Ξ
52 2880 287 2927 poi-sanatus
317 2879 386 2917 est.
