1864 3204
634 185 838 221 ΕΦΗΒΟΣ
863 203 903 211 -
929 185 1107 221 ῙΑΤΡΟΣ
1224 225 1227 228 ,
1567 182 1651 227 487

838 286 894 331 32

337 362 421 410 οὐκ
451 364 540 411 ἔστ’
565 364 733 423 ἀληθὲς
761 361 1143 422 παραλογίσασθ’,
1174 362 1276 408 οὐδ’
1298 366 1418 421 ἔχειν

338 433 505 490 ὀψάρια
534 435 715 491 χρηστά.
1601 482 1604 485 ⁴

198 519 427 558 Athenaeus
449 519 487 566 9,
498 518 611 557 3850
646 515 840 568 Φιλήμων
874 516 1071 570 Θησαυρῷ
1100 517 1182 556 κτλ.
1274 519 1309 555 1.
1343 512 1646 569 παραλογίζεσθ’

6 592 26 610 v
83 575 217 616 Bentl.
240 570 412 644 άληθῶς
443 583 486 614 σε
516 570 836 626 παραλογίσασθ’
869 573 917 614 G.
941 573 1078 613 Herm.
1101 573 1231 613 Plaut.
1254 573 1646 624 T1·in.praef.xxv1.

8 631 28 648 ”·
83 627 174 672 οὐδ’
176 629 195 685 ]
229 628 325 671 ωστ’
357 631 406 672 G.
427 631 564 671 Herm.
659 627 732 670 οὐκ
762 626 843 670 ἔστ’
867 627 1076 681 ἐναλήθως
1108 628 1214 684 (oum
1241 632 1323 670 veri
1349 627 1489 683 specw)
1519 643 1647 681 παρα

0 690 5 693 “
82 682 281 742 λογίζεσθ’
297 687 537 755 -χρηστάς
570 688 763 728 Fritzsoh.
794 687 882 727 Ind.
904 688 1015 727 Rost.
1036 691 1134 727 aest..
1159 688 1279 735 1878,
1304 689 1328 727 6
1359 687 1459 727 conl.
1483 683 1646 726 Luciam.

86 744 179 789 Ver.
199 745 294 785 hist.
321 747 356 796 1,
380 746 419 785 2.
452 739 525 784 οὐκ
556 739 651 795 ἔστ’,
682 743 841 795 ἄλαστε,
870 759 912 783 π.
934 745 1055 784 Mein.
1095 744 1262 784 fortasse
1293 738 1366 783 οὐκ
1396 741 1515 791 ἔστιν,
1545 741 1647 783 ὄλε-

82 803 194 871 θρε,
223 799 265 842 σὲ
294 797 614 855 παραλογίσασθ’
639 773 727 841 (ὅδ’
759 796 913 853 ξ”χοντ
944 795 1082 851 ὀψάρι’
1111 798 1301 852 ἄχρηστα.
1350 803 1471 852 atque
1500 794 1646 852 ὀψάρι’

79 855 259 911 αχρηστα
289 859 410 899 Mein.

200 929 289 956 erus
320 928 434 956 servo
463 915 506 955 in
535 916 690 955 ratione
720 915 923 955 reddenda
951 915 1134 955 fraudem
1166 917 1206 954 et
1227 914 1400 954 fallacias
1421 913 1648 966 exprobrat

837 1003 892 1046 33

359 1084 614 1138 Κανθάρου
643 1083 902 1139 σοφώτερος

82 1161 109 1216 ἡ
147 1164 338 1217 παροιμία
378 1164 531 1217 εἴρηται
570 1163 635 1204 ἐπὶ
672 1170 752 1205 τῶν
788 1170 977 1229 πονηρῶν
1013 1162 1080 1203 καὶ
1115 1162 1370 1217 κακούργων·
1416 1162 1552 1214 ἐπειδή
1591 1179 1650 1211 τις

78 1218 277 1273 Ἀθήνησι
317 1221 495 1274 κάπηλος
526 1221 745 1274 Κάνθαρος
784 1219 1026 1271 καλούμενος
1065 1219 1128 1260 ἐπὶ
1157 1220 1329 1290 πονηρία
1359 1219 1425 1260 καὶ
1454 1220 1648 1275 προδοσία

84 1275 348 1333 θανάτουορ)
379 1277 596 1331 ἐζημιωθη.
631 1280 778 1319 Zenob.
804 1281 844 1330 4,
867 1282 934 1319 65.
982 1275 1176 1330 μέμνηται
1206 1276 1352 1327 ταύτης
1381 1275 1575 1327 Φιλήμων
1605 1276 1649 1316 ἐν

86 1336 283 1391 Θησαυρῷ
304 1337 416 1376 addit
437 1337 584 1379 Zenob.
604 1337 752 1376 Milleri
773 1334 998 1389 (Melanges
1014 1332 1129 1389 354).
1161 1336 1210 1376 cf.
1229 1336 1414 1375 Menand.
1425 1337 1503 1375 231
1524 1336 1645 1374 Mein.

195 1393 408 1433 Praeterea
448 1394 496 1432 ad
527 1395 777 1434 Thesaurwm
807 1394 857 1432 fr.
895 1394 987 1433 196.
1019 1394 1058 1432 9.
1092 1393 1173 1432 205
1211 1393 1337 1432 refert
1373 1392 1420 1432 G.
1452 1393 1648 1432 Herman-

82 1462 159 1490 nus
189 1450 316 1490 Plaut.
349 1450 460 1490 Trin.
491 1463 604 1491 xxv1.
634 1463 708 1491 vu.

747 1537 983 1573 ΘΤΡΩΡΟΣ

836 1617 893 1659 34

334 1695 421 1751 ἐγώ
452 1694 542 1752 γὰρ
571 1693 630 1747 ὥς
659 1695 741 1752 τὴν
771 1695 976 1752 χλαμύδα
1007 1695 1261 1750 κατεθέμην
1292 1694 1398 1736 ποτὲ

335 1763 410 1807 καὶ
440 1763 520 1807 τὸν
550 1765 747 1808 πέτασον
777 1789 832 1795 -

195 1848 335 1888 Pollux
362 1849 427 1898 10,
442 1849 522 1888 164
552 1845 594 1887 τὸ
624 1844 668 1886 δὲ
699 1852 778 1886 τῶν
808 1843 974 1898 ἐφήβων
1003 1843 1163 1897 φόρημα
1194 1842 1360 1891 πέτασος
1382 1842 1450 1883 καὶ
1472 1842 1643 1896 χλαμύς·

85 1901 280 1956 Φιλημων
317 1902 361 1943 έν
391 1878 568 1959 ὀνρωρῷ
603 1907 684 1944 κτλ
771 1899 826 1950 ὥς
857 1903 996 1943 Cobet.
1027 1903 1079 1944 N.
1110 1903 1135 1942 1.
1170 1900 1268 1965 122]
1301 1899 1353 1948 ές.
1412 1902 1646 1952 ‘postquam

84 1963 232 2002 excessi
253 1975 299 2001 ex
320 1962 497 2012 ephebis.
538 1965 796 2012 opponuntur
826 1961 962 2012 λαβεῖν
992 1956 1066 2010 τὴν
1095 1953 1275 2010 χλαμύδα
1306 1962 1348 1997 et
1377 1955 1645 2008 καταθέσθαι,

87 2022 132 2059 ut
153 2031 299 2068 ponere
323 2022 566 2070 praetextam
601 2021 642 2058 et
671 2030 822 2058 sumere
851 2021 978 2067 toyam
1008 2016 1191 2056 virilem!
1242 2016 1293 2055 cf.
1325 2015 1509 2054 Antidot.
1543 2016 1579 2062 2,
1605 2017 1641 2053 2.

87 2072 205 2126 ποτέ,
235 2076 392 2117 tandem
421 2076 646 2125 aliquando.
697 2075 810 2115 deest
837 2074 1034 2125 apodosis.

771 2185 955 2219 ΙΑΤΡΟΣ

834 2263 891 2305 35

356 2342 432 2385 καὶ
459 2342 624 2398 γύλιόν
653 2341 740 2384 τιν’
759 2338 1101 2397 ἀργυρωμάτων

199 2427 429 2466 Athenaeus
451 2427 488 2475 6,
500 2426 614 2465 231a
641 2421 833 2475 Φιλήμων
859 2419 998 2477 Ἰατρῷ
1028 2423 1107 2460 κτλ.
1185 2420 1327 2474 γύλιόν
1357 2420 1542 2473 Casaub]
1574 2436 1643 2472 yv-

84 2482 175 2522 λίαν
207 2484 254 2522 A.
306 2484 348 2522 in
378 2482 485 2522 exitu
515 2482 618 2521 addo
648 2479 819 2520 πλέων.

357 2647 599 2691 Κυδωνιον
628 2649 774 2703 μῆλον
836 2591 893 2632 36

198 2728 375 2782 βραχέως
394 2727 439 2783 (i.
450 2745 484 2771 e.
507 2743 587 2770 ιιοιι
608 2726 873 2781 Κυδῶνειον).
907 2725 1098 2778 Φιλήμων
1122 2722 1270 2780 Ἰατρῷ.
1302 2726 1470 2766 Bekker.
1492 2727 1643 2766 Anecd.

87 2789 412 2884 104’11)ῗειοί;οι·οιι
438 2843 488 2883 ad
519 2844 717 2883 Medicum
745 2843 795 2881 fr.
821 2842 914 2882 112.
940 2843 1019 2880 113
1050 2840 1246 2880 referebat
1275 2839 1466 2880 Clericus.
