1864 3204
226 232 310 274 304
873 230 1128 270 ΑΛΕΞῐΔοΣ

227 334 326 374 καλὰ
357 349 486 374 παντα
512 333 714 374 Δαιδαλου
743 337 933 374 καλοῦσιν
963 334 1066 402 ἔργα.
1105 336 1320 375 Herodian.
1342 336 1383 374 Π
1404 337 1498 386 909,
1517 332 1540 375 7
1572 333 1615 375 τὸ
1644 333 1779 402 μέντοι

228 391 436 439 δαιδάλεος
467 391 601 441 τρίτην
630 387 709 430 ἀπὸ
739 390 872 439 τέλους
903 390 978 443 ἔχει
1009 387 1081 442 τὴν
1108 388 1255 440 ὀξεῖαν.
1351 393 1388 431 3.
1419 388 1652 445 λαμβάνεις]
1683 394 1705 431 λ
1735 394 1780 433 in

227 462 363 488 rasura
382 450 531 488 maiore
551 463 604 489 m.
609 446 622 472 ¹
644 449 694 488 A.
744 463 794 487 an
824 446 896 487 οὐκ
927 447 1163 500 ἐλάμβανες;
1251 450 1290 487 4.
1321 443 1411 487 οὐδ’
1434 443 1533 499 οἷον,
1554 452 1600 488 ut
1627 450 1721 497 201,
1737 450 1777 488 4.
1792 485 1794 487 ,

230 506 444 556 Phrynich.
461 505 572 571 qEpit.
597 507 677 545 372
709 501 779 555 οὐχ
810 500 896 543 οἷον
924 501 1141 556 ὀργίζομαι·
1175 504 1366 556 κίβδηλον
1395 503 1438 543 ἐσ
1463 503 1586 552 οἱτως.
1634 501 1780 557 ,λέγειν

229 559 269 599 δὲ
309 559 380 613 χρὴ
418 557 473 599 οὐ
510 557 1291 612 6217t0v.BekkeiuAnecd.110‚13
1322 558 1393 612 οὐχ
1423 575 1509 600 οιον
1537 558 1779 631 ὄρ(γ)ίζομαι

228 615 294 656 καὶ
334 616 379 656 τὰ
416 615 540 668 ὅμοια.
569 616 642 680 31¹1
674 615 738 656 δέ·
769 611 870 657 πολὺ
897 614 1030 668 ἀπέχω
1059 623 1128 656 τοῦ
1158 614 1435 683 ὀρ(γ)ίζεσθαι.
1486 614 1586 679 (ὀργ,
1617 631 1689 668 pro
1718 613 1781 665 ὁρ.

229 674 362 726 Lob..)
413 672 569 725 ἑψητοί,
599 677 815 726 κορακῖνοι,
846 673 1012 726 τριχίδες
1042 677 1135 714 sunt
1164 676 1292 724 pisces
1322 675 1517 716 vilissiml.
1564 675 1707 725 Eupol.
1738 675 1778 714 5.

231 732 322 770 154.
373 731 577 782 Aristoph.
608 732 657 770 fr.
690 732 756 771 52.
806 732 880 782 Eq.
913 733 1008 770 662.
1060 731 1243 772 Pherecr.
1275 733 1342 770 56.

870 887 971 921 ΑΠΟ
978 888 1136 921 ΒΑΤΗΣ

344 970 425 1008 ‘Ex
455 969 654 1019 prioribus
685 971 824 1018 poetae
853 969 999 1008 fabulis
1029 969 1150 1007 fuisse
1180 969 1359 1007 videtui-⁹
1390 965 1580 1037 <Mein.1
1610 967 1780 1020 380.1)‚

234 1027 383 1075 scripta
414 1026 569 1065 eiiciter
599 1025 661 1064 Ol.
695 1026 788 1065 103.
819 1025 1161 1066 Bekker.Anecd.
1187 1026 1354 1074 198,11
1385 1024 1596 1075 αποβατῶ·
1626 1021 1782 1076 ἀγῶνος

227 1081 367 1133 ὄνομα,
400 1079 443 1120 ἐν
472 1076 505 1136 ᾧ
526 1081 567 1120 οἷ
583 1079 759 1132 ἔμπειροι
789 1087 857 1120 τοῦ
888 1079 1069 1120 ἐλαύνειν
1098 1079 1254 1130 α’ρματα
1283 1079 1411 1132 α’μα
1395 1079 1575 1120 θεόντων
1604 1086 1686 1120 τῶν
1715 1079 1781 1119 ιπ-

229 1153 319 1177 πων
349 1123 564 1190 ἀνέβαινον
593 1136 660 1177 διὰ
692 1143 761 1176 τοῦ
791 1142 929 1189 τροχοῦ
959 1135 1022 1176 ἐπὶ
1051 1135 1121 1176 τὸν
1139 1135 1309 1208 Ἡδίφρον
1323 1152 1390 1176 και
1409 1135 1529 1176 πάλιν
1548 1135 1784 1189 κατέβαινον

229 1192 470 1242 ἀπταίστως·
502 1193 569 1233 καὶ
597 1189 651 1246 ’ἧν
679 1193 721 1232 τὸ
750 1191 957 1246 ἀγώνισμα
986 1194 1106 1244 πεζοῦ
1134 1209 1216 1244 αμα
1245 1193 1312 1233 καὶ
1342 1192 1504 1241 ἱππέως.
1555 1197 1595 1234 et
1623 1195 1717 1243 426,
1729 1195 1783 1233 30

228 1248 443 1302 ἆποβατων
471 1248 599 1303 αγων·
632 1245 747 1298 ουτος
777 1249 798 1289 6
828 1248 937 1303 ἀγὼν
964 1249 1080 1302 ἤγετο
1112 1257 1165 1305 τῇ
1193 1247 1309 1301 Αθη
1321 1266 1374 1289 να
1405 1254 1486 1290 κτλ.
1542 1251 1779 1301 Harpocrat.

232 1310 377 1357 26,10
407 1305 428 1346 6
459 1304 664 1358 ἅποβοῖτης
696 1306 861 1346 ἱππικόν
890 1322 925 1345 τι
954 1303 1168 1359 ἀγώνισμα,
1198 1306 1265 1346 καὶ
1293 1291 1493 1359 ἀποβῆναι
1524 1304 1568 1345 τὸ
1586 1302 1781 1359 αγωνίσα-

233 1368 332 1403 σθαι
364 1364 432 1403 τὸν
461 1361 679 1416 ἇποβατην.
732 1365 914 1404 similiter
944 1365 1077 1414 Etym
1107 1379 1161 1403 m.
1188 1366 1280 1411 124,
1302 1365 1353 1403 31
1387 1367 1426 1403 et
1457 1365 1598 1403 Suidas
1628 1360 1782 1414 ἀποβά-

233 1436 311 1471 της.
363 1422 413 1461 cf.
452 1423 570 1460 etiam
611 1421 786 1471 Lycurg
819 1422 869 1460 fr.
900 1421 1001 1474 20(
985 1421 1041 1474 (.p
1065 1417 1179 1474 262).
1224 1421 1408 1460 Dinarch.
1444 1422 1507 1470 10,
1532 1423 1552 1458 1
1586 1416 1643 1484 (p.
1667 1417 1782 1489 330).

234 1480 353 1526 64,1
387 1474 444 1531 (p.
466 1480 545 1516 337
579 1473 762 1531 Saupp.).
799 1477 1002 1516 Plutarch.
1035 1477 1220 1517 Phocion.
1254 1478 1308 1516 20
1346 1478 1491 1515 Φῶκον
1521 1474 1565 1515 δὲ
1595 1471 1665 1515 τὸν
1693 1474 1785 1515 υἱὸν

231 1530 480 1591 βουλόμενον
517 1530 794 1586 ἀγωνίσασθαι
835 1533 1226 1600 Παναθηναίοις
1259 1529 1466 1585 ἆποβατην
1495 1529 1667 1584 ἀφῆκεν.
1717 1530 1784 1570 καὶ

229 1589 303 1659 γὰρ
340 1591 393 1642 ἠν
429 1589 556 1637 α’λλως
597 1588 812 1640 φιλοπότης
849 1589 915 1628 καὶ
951 1587 1119 1637 α’τακτος
1156 1585 1177 1628 6
1206 1589 1424 1636 νεανίσκος.
1475 1588 1711 1640 νικήσαντος
1741 1585 1785 1627 δὲ

230 1645 298 1686 καὶ
329 1649 485 1686 πολλῶν
516 1644 762 1709 αἰτουμένων
793 1644 972 1685 ἑστιᾶσαι
1002 1662 1048 1686 τα
1077 1645 1302 1697 νικητήρια,
1333 1645 1425 1693 τοὺς
1445 1643 1588 1692 ἄλλους
1612 1645 1785 1684 Φωκίων

230 1702 574 1755 παραιτησαμενος
614 1701 673 1742 ἕνὶ
709 1697 782 1754 τὴν
821 1702 1048 1753 φιλοτιμίαν
1077 1718 1226 1753 ταυτην
1255 1702 1530 1754 συνεχωρησεν
1558 1704 1638 1742 κτλ.
1697 1715 1784 1752 per-

232 1774 343 1800 verse
374 1761 510 1799 eadem
540 1763 674 1799 narrat
704 1760 929 1800 Athenaeus
960 1762 998 1808 4,
1025 1762 1116 1799 168.
1136 1762 1174 1800 9.
1213 1760 1286 1799 hoc
1315 1760 1447 1810 ipsum
1477 1762 1676 1798 certamen
1695 1758 1785 1797 Ale—

230 1818 311 1855 xidi
342 1818 565 1856 comoediae
596 1817 827 1856 scribendae
857 1813 1108 1856 occasionem
1131 1817 1358 1867 praebuisse
1385 1817 1567 1866 arbitror,
1598 1817 1644 1854 ut
1662 1814 1786 1855 Auto-

231 1875 304 1923 lyci
334 1875 498 1913 victoria
526 1874 708 1924 praebuit
729 1873 927 1923 Eupolidi.
959 1868 1178 1923 Ἀποβάτης
1208 1875 1270 1912 est
1297 1873 1417 1912 etiam
1447 1873 1613 1922 Diphili.
1675 1872 1784 1911 simi-

229 1931 288 1969 les
333 1931 443 1969 tituli
491 1933 584 1969 sunt
629 1927 957 1981 Παγκρατιαστής
1002 1930 1200 1977 Alexidis,
1248 1929 1475 1980 Theophili,
1526 1928 1782 1979 Philemonis,

232 1982 503 2037 Ἰσθμιονίκης
534 1987 803 2037 Mnesimachi,
837 1983 1070 2033 Πένταθλος
1099 1986 1308 2025 Xenarchi.

982 2108 1034 2149 19

840 2184 1086 2240 Χορόνικος
1116 2183 1139 2226 ὁ
1169 2181 1351 2240 ποιητής
1382 2183 1467 2228 ὁδί.

403 2257 452 2296 Β.
487 2255 625 2296 τίνων
654 2251 837 2308 ποιητὴς
865 2250 1099 2309 ᾇσμάτων;
1150 2257 1203 2297 A.
1235 2254 1414 2308 σεμνῶν
1443 2254 1578 2295 πάνυ.

399 2325 447 2364 Β.
479 2316 523 2364 τί
551 2319 662 2375 πρὸς
691 2319 771 2363 τὸν
796 2319 959 2376 Ἀργᾶν
989 2313 1140 2371 οὗτοςς
1182 2324 1233 2363 Α.
1266 2318 1431 2375 ἡμέρας
1461 2320 1615 2376 δρόμῳ

401 2391 629 2443 κρείττων.

343 2484 572 2522 Athenaeus
606 2483 669 2531 14,
689 2484 800 2522 6380
830 2487 901 2521 τοῦ
928 2478 1046 2534 Ἀργᾶ
1074 2478 1312 2533 μνημονεύει
1333 2480 1485 2530 ’Ἀλεξις
1517 2478 1561 2520 ἕν
1588 2476 1785 2535 ’Λποβατῃ

235 2554 360 2586 ουτως
390 2541 470 2578 κτλ.
531 2539 765 2578 Eustathius
799 2541 1002 2588 1226,15
1034 2535 1055 2577 6
1085 2537 1298 2602 συγκρίνας
1330 2532 1563 2592 ασμοὶτων
1591 2542 1786 2589 σεμνῶν

231 2593 448 2647 ποιητήν
486 2610 575 2634 τινα
613 2593 713 2647 πρὸς
750 2593 881 2647 ἕτερον
911 2600 1089 2634 τοιοῦτον
1119 2590 1382 2647 τοπικαίτερον
1412 2592 1712 2662 (κωμικώτερον
1741 2593 1779 2644 Ρ)

230 2667 297 2691 και
333 2651 457 2692 εἰπών
486 2651 688 2702 κρείττω
719 2649 872 2691 ἐκεῖνον
901 2646 1004 2691 εἶναι
1033 2648 1216 2703 ἡμέρας
1253 2648 1424 2704 δρόμῳ.
1470 2649 1622 2698 ’Ἀλεξις
1651 2647 1697 2688 δὲ
1725 2646 1782 2688 λέ-

231 2703 583 2775 γεται(1)εἷναιὸ
614 2713 729 2747 τοῦτο
758 2707 930 2759 γράψας.
1030 2711 1065 2747 1.
1097 2704 1117 2747 6
1150 2721 1229 2747 om.
1261 2709 1311 2747 A.
1407 2709 1446 2746 3.
1477 2721 1514 2745 τι
1546 2707 1596 2746 A.
1686 2705 1780 2746 Oko-

231 2768 387 2805 romeus
417 2766 575 2805 aliunde
604 2778 684 2804 non
715 2766 911 2816 cognitus.
963 2765 1130 2804 fortasse
1160 2777 1303 2803 nomen
1333 2766 1393 2804 est
1420 2764 1568 2812 fictum,
1599 2765 1660 2802 ut
1676 2762 1784 2814 Ago-

232 2824 398 2861 racritus
439 2822 729 2872 Aristophanis.
781 2822 828 2860 de
867 2821 978 2871 Arya
1016 2822 1067 2860 cf.
1100 2821 1366 2860 Anaxandrid.
1402 2820 1474 2867 15,
1513 2822 1554 2858 et
1596 2819 1644 2858 de
1682 2832 1783 2858 com·

235 2880 441 2929 paratione
474 2879 595 2917 Arist.
629 2878 735 2917 Nub.
757 2878 853 2917 430.
885 2879 982 2917 Rau.
1014 2879 1078 2916 91.
