1864 3204
435 187 612 221 ΙΣΟΣΤΑ
619 187 736 223 >tlon
761 205 802 212 —
828 185 1239 221 ΚΔΤΔΨΕΤΔΟΜΕΝ
1242 185 1307 219 ΟΣ
1564 183 1645 226 331

91 292 158 333 18.
195 291 312 331 Phot.
350 288 567 344 παιδέρως·
610 290 828 344 σφραγῖδος
867 288 1011 342 ὄνομα·
1057 289 1099 329 οἱ
1133 286 1177 329 δὲ
1213 286 1527 341 ἅλείμματος.
1587 288 1649 328 his

87 347 312 400 Hesychius
348 348 460 389 addit
495 348 536 387 οἵ
568 345 612 388 δὲ
649 346 779 400 μύρου
816 341 934 396 εἶδος.
984 341 1650 412 Αι11811.12,542(1,(Δημήτριος

86 398 108 443 ὃ
137 401 366 459 Φαληρευς)
404 401 625 456 ἐπεμελεῖτο
661 402 728 445 καὶ
765 403 834 456 τῆς
872 399 1033 453 ὅψεως.
1081 400 1322 456 ,παιδέρωτι
1358 397 1401 442 τὸ
1420 399 1650 454 πρόσωπον

11 479 15 483 ·
90 457 421 514 ὑπαλειφόμενος.
479 463 585 502 idem
608 462 656 502 do
676 462 883 502 Demetrio
903 461 1148 513 PoHorceta,
1179 474 1250 512 per
1270 473 1442 500 errotem
1465 461 1649 509 fortasse,

87 521 226 560 narrat
257 518 411 559 Aelian.
445 518 493 558 V.
526 519 564 558 11.
598 520 637 571 9,
672 520 710 559 9.
770 518 949 569 Alciphr.
995 519 1036 569 1,
1068 519 1120 558 33
1158 512 1568 568 ἆπαναισχυντήσασα
1605 513 1650 555 δὲ

89 574 146 624 εἰς
176 573 219 615 τὸ
256 573 390 624 φῦκός
428 589 476 627 με
514 572 581 614 καὶ
622 567 687 614 τὸν
724 572 949 623 παιδέρωτα
981 572 1194 614 ἔσκωπτεν.
1311 575 1381 613 22.
1414 570 1649 614 ‘verborum

89 632 185 673 ordo
221 633 285 673 hio
324 635 407 672 est:
452 630 525 684 τὴν
561 627 630 683 ἡμ.
672 629 792 672 ἔνδον
828 630 931 671 διατ.
969 646 1085 684 μυρρ.
1124 630 1205 679 ξυλ.
1245 628 1290 670 ἐν
1328 644 1408 677 τοις
1439 644 1475 681 χ.
1508 628 1651 682 ἔχουσα

86 687 220 741 ωσπερ
250 688 379 743 αἰγῶν
406 703 467 742 κρ.
497 686 526 728 ἃ
556 691 634 738 τοῖς
663 704 705 739 μ.
744 686 990 741 παράκειται.
1047 688 1154 728 labia
1183 689 1359 739 capitum
1392 689 1647 739 caprinorum

87 747 130 786 in
160 746 327 787 macello
349 747 549 786 venalium
578 760 648 787 cur
676 746 818 786 bacillo
848 745 944 785 lanii
966 745 1234 786 distenderint
1254 746 1296 784 in
1326 748 1516 796 promptu
1546 745 1648 785 est’.

88 803 206 843 Mein.
323 804 391 843 26.
423 803 569 844 Catull.
602 805 678 855 39,
710 805 729 842 1
762 803 982 855 Egnatius,
1019 804 1122 852 quod
1145 803 1338 843 candidos
1365 804 1478 844 habet
1507 803 1650 848 dentes,

86 861 232 901 renidet
259 872 546 911 usquequaque.

713 947 716 949 ’
733 960 1001 996 ΚΑΛΑΣῙΡῙΣ

203 1043 264 1083 Cf.
304 1055 405 1093 quae
443 1042 722 1082 adnotavimus
759 1042 809 1082 ad
846 1041 996 1083 Cratin.
1038 1043 1106 1082 30.
1159 1043 1365 1093 Aristoph.
1398 1044 1447 1082 fr.
1481 1043 1585 1092 320,
1609 1044 1648 1083 6.

91 1098 221 1139 Schol.
254 1099 380 1140 Arist.
410 1099 488 1139 Av.
515 1099 624 1139 1294
654 1094 676 1138 ὁ
705 1094 751 1138 δὲ
779 1099 983 1151 καλάσιρις
1013 1097 1134 1151 χιτὼν
1162 1097 1432 1151 πλατύσημυς.
1482 1100 1650 1139 Phoffius

89 1153 377 1209 καλοίσ[ε]ιρις·
423 1170 543 1208 χιτων
577 1153 831 1207 πλατύσημος
871 1153 948 1210 (sic
985 1157 1149 1209 Nabar„
1188 1154 1340 1204 πλατὺς
1379 1156 1510 1220 δῆμος
1544 1154 1651 1209 cod.)

88 1211 319 1276 πολεμικός·
352 1209 483 1261 οὕτως
504 1209 723 1266 Αἰγύπτιοι.
743 1213 949 1277 Hesych.
971 1186 1200 1265 καλάῦιρις·
1232 1211 1352 1265 χιτών
1381 1207 1650 1277 πλατύσημος,

86 1261 112 1319 ἦ
143 1265 344 1322 ἡνιοχικὸς
374 1267 442 1310 καὶ
469 1267 629 1318 ἱππικὸς
660 1264 791 1321 χιτών.
852 1270 1071 1312 Herodian.
1103 1271 1122 1309 I
1156 1272 1248 1321 101,
1274 1272 1326 1310 29
1358 1264 1562 1322 καλασιρις
1591 1271 1650 1309 λι-

89 1331 183 1374 νοῦς
213 1340 334 1378 χιτων
363 1325 579 1380 [ερατικός,
618 1325 686 1366 καὶ
724 1330 841 1378 μοῖρα
871 1331 952 1366 τῶν
979 1326 1163 1379 μαχίμων
1193 1324 1237 1366 ἐν
1264 1323 1477 1394 Αἰγύπτῳ,
1516 1327 1558 1366 οἷ
1582 1325 1650 1366 καὶ

80 1379 395 1437 Ἑρμοτυμβιεῖς.
452 1384 574 1424 cf.11
604 1384 705 1434 437,
735 1386 759 1423 2
798 1384 890 1424 adn.
923 1386 964 1424 et
993 1383 1133 1436 Steph.
1164 1384 1260 1436 Byz.
1295 1381 1514 1437 Καλάσιρις
1545 1380 1650 1438 (Κα-

87 1439 260 1494 λασίριες
289 1438 446 1496 Mein.).

841 1518 896 1561 99

435 1604 516 1639 ποτ
542 1596 599 1652 δή
629 1594 676 1652 μ’
709 1595 834 1652 ἄγεις
864 1594 938 1640 διὰ
970 1598 1062 1640 τῶν
1092 1597 1300 1649 κύκλων;

202 1691 344 1731 Pollux
376 1692 448 1742 10,
473 1691 525 1730 18
564 1688 634 1730 ἵνα
671 1684 710 1730 δ’
744 1687 1002 1744 ἐπιπράσκετο
1041 1689 1087 1731 τὰ
1128 1691 1274 1743 σκεύη,
1319 1696 1390 1742 τῆς
1428 1687 1575 1743 ἀγορᾶς
1606 1688 1649 1730 τὸ

89 1745 204 1799 μέρος
242 1753 356 1786 τοῦτο
393 1746 533 1786 κύκλοι
570 1744 840 1798 ὠνομάζοντο,
885 1744 939 1795 ὥς
971 1746 1122 1798 ’Ἄλεξις
1162 1745 1397 1800 ὖποδηλοῦν
1436 1746 1564 1787 ἔοικεν
1608 1746 1653 1787 ἐν

94 1802 326 1855 Καλασίριδι
355 1806 436 1843 κτλ.
504 1800 590 1859 ποῖ]
621 1809 678 1855 πῆ
706 1805 752 1844 Ρ.
795 1810 851 1855 πῆ
881 1801 935 1854 δή
963 1801 1008 1856 μ’
1039 1804 1170 1858 α’γεις;
1212 1806 1255 1846 Β.
1287 1805 1353 1844 διὰ
1384 1804 1464 1844 τῶν
1493 1803 1653 1844 κύκλων

88 1861 222 1900 Bentl.
257 1861 387 1911 Epist.
421 1861 649 1901 Hemsterh.
672 1862 738 1903 51
789 1861 1027 1930 Harpocrat.
1059 1861 1200 1901 κύκλοι
1231 1860 1444 1902 ἐκαλοῦντο
1473 1858 1518 1901 οἶ
1542 1860 1653 1900 τόποι

90 1914 135 1956 ἐν
164 1911 223 1964 οἷς
255 1915 479 1957 ἔπωλοῦντό
499 1931 603 1965 τινες
635 1916 676 1970 (i
699 1932 732 1958 e.
755 1915 897 1972 servi)·
930 1913 1233 1970 ωνομοὶσθησαν
1252 1916 1296 1958 δὲ
1316 1916 1396 1958 απὸ
1418 1923 1488 1957 τοῦ
1518 1914 1652 1970 κύκλῳ

89 1970 343 2026 περιεστάναι
371 1987 462 2022 τους
491 1973 781 2026 πωλουμένους.
834 1976 1019 2015 Menand.
1056 1978 1136 2016 190
1173 1977 1292 2016 Mein.
1324 1976 1475 2027 Diphil.
1510 1977 1579 2026 55,
1612 1961 1649 2015 3.

91 2031 276 2071 Dinarch.
308 2032 357 2071 fr.
390 2045 433 2071 111
468 2033 503 2070 1.

697 2120 1057 2156 ΚΑΡΧΗΔΟΝῙΟΣ

203 2200 374 2252 Scripsit
401 2202 522 2242 etiam
553 2202 770 2242 Menander
800 2197 1079 2255 Καρχηδόνιον
1109 2206 1150 2243 et
1180 2204 1347 2244 Plautus
1375 2205 1606 2244 Poenulum.

364 2390 562 2446 βάκηλος
592 2387 643 2434 εἶ.
837 2335 916 2379 100

209 2473 355 2512 Minori
385 2473 572 2514 Proverb.
594 2471 775 2542 (Melang
776 2487 818 2513 es
839 2471 940 2528 365)
962 2476 1017 2514 70
1045 2471 1216 2527 βάκηλος
1246 2469 1291 2514 εἷ.
1342 2472 1445 2526 αὕτη
1476 2473 1654 2513 τέτακται

94 2527 193 2567 κατὰ
237 2534 316 2568 τῶν
360 2526 534 2569 ἒκλύτων
570 2527 638 2568 καὶ
675 2526 900 2581 ἀνάνδρων.
955 2528 1105 2583 λέγεται
1144 2528 1188 2570 δὲ
1231 2530 1379 2582 κυρίως
1422 2528 1595 2583 βάκηλος
1633 2525 1655 2569 ὁ

92 2582 310 2632 απόκοπος.
360 2583 556 2637 μέμνηται
583 2583 732 2637 αὐτῆς.
780 2586 952 2636 ,umgas-
983 2586 1028 2627 ἐν
1060 2587 1331 2641 Καρχηδονίῳ.
1383 2589 1433 2627 of.
1465 2589 1650 2628 Menand.

94 2644 176 2682 468
207 2642 324 2682 Mein.
354 2642 573 2694 Antiphan.
608 2645 700 2694 113,
722 2645 760 2683 2.

349 2802 357 2815 ,
635 2765 1117 2802 ΚΑΤΑΨΕΤΔΟΜΕΝΟΣ

207 2845 267 2886 Cf.
305 2844 494 2898 Τοκιστὴς
525 2842 555 2897 ἢ
583 2845 958 2900 Καταψευδόμενος.
