1890 3190
305 207 360 248 84
917 205 1234 240 ΑΝΤΙΦΑΝΟΤΣ
1845 186 1858 213 ⁴

306 311 522 360 scripturae
552 311 595 348 in
623 322 742 348 unam
772 308 966 347 conflatae
998 306 1230 358 κατέχοντας
1261 310 1303 347 et
1332 304 1553 358 ἐπέχοντας.
1660 308 1698 346 6.
1730 303 1855 358 δημό-

305 381 390 413 ταις
420 363 607 417 Porson.]
640 364 827 416 δηγοναις
860 365 907 403 Α.

419 423 629 461 ‘videntur
657 422 753 460 haec
782 421 966 460 Herculis
996 421 1120 460 verba
1149 434 1234 460 esse
1263 421 1369 470 apud
1392 419 1612 470 Omphalen
1643 419 1864 471 voluptati&

304 480 378 518 bus
409 478 570 516 dediti'.
601 476 731 516 Mein.⁷
770 478 812 516 in
841 478 958 516 furno
989 478 1122 516 sedere
1152 477 1322 517 videtur.
1432 477 1472 515 4.
1504 473 1666 523 διέξοδοι
1695 476 1864 526 proprios

307 538 401 574 sunt
420 535 514 574 solis
536 535 790 584 siderumque
811 534 1035 572 caelestium
1069 534 1183 572 orbes
1213 537 1253 572 et
1282 533 1479 583 circuitus,
1510 533 1573 572 hic
1601 545 1747 583 panum
1774 543 1863 572 non*

304 593 435 630 minus
473 591 766 641 splendentium
806 590 976 629 ordines.
1037 591 1230 640 tragicam
1267 590 1500 641 gravitatem
1531 589 1722 628 adfectari
1750 590 1861 628 recte

303 649 460 686 monuit
480 648 714 686 Meinekius.
802 649 839 686 6.
871 647 947 685 nisi
978 643 1197 697 ἔκμαγμα
1227 660 1262 696 χ.
1282 642 1381 684 Ἀττ.
1414 646 1667 685 scribendum
1694 647 1756 684 est
1785 644 1873 696 (σίζ’,

307 705 430 743 Arist.
464 705 621 743 Thesm.
655 704 749 742 514.
803 703 954 742 Cratin.
978 703 1071 741 255.
1111 703 1210 743 Poll.
1233 704 1270 752 9,
1297 703 1389 741 130.
1415 705 1475 752 1),
1508 714 1631 752 panes
1661 701 1759 740 dicit
1787 701 1870 752 qui.

304 761 410 810 apud
439 761 662 810 Omphalen
691 759 949 799 conficiantur
981 759 1206 798 Atticorum
1242 771 1327 798 esse
1357 759 1592 798 simillimos.
1639 755 1702 797 -de
1733 757 1858 797 Thea-

302 819 412 856 rione
442 817 490 856 cf.
523 816 727 866 Aristoph.
759 816 808 854 fr.
833 817 869 855 1.

1039 892 1115 933 177

1120 970 1171 1012 έν
1201 969 1341 1025 χύτρᾳ
1369 969 1422 1012 δέ
1447 984 1522 1024 μοι

528 1038 647 1089 ὅπως
677 1036 803 1094 ὕδωρ
835 1037 1002 1090 ἕψοντα
1033 1034 1190 1093 μηδέν’
1214 1035 1399 1091 ὄψομαι·

528 1105 582 1149 οὐ
614 1107 701 1161 γὰρ
732 1104 875 1149 κακὸν
907 1107 991 1160 ἔχω
1021 1103 1125 1160 μηδ’
1152 1102 1313 1160 ἔχοιμ”
1347 1102 1424 1147 ἐὰν
1455 1102 1496 1146 δ’
1519 1101 1606 1159 ἄρα

532 1175 702 1254 στρέφῃ
732 1189 786 1229 με
817 1174 922 1229 περὶ
951 1171 1035 1228 τήν
1064 1170 1244 1228 γαστέρ’
1266 1168 1295 1227 ἦ
1323 1172 1405 1215 τὸν
1435 1169 1654 1227 ὀμφαλόν,

480 1253 500 1284 5
530 1241 652 1297 παρὰ
684 1240 916 1296 Φερτάτου
947 1240 1186 1290 δακτύλιος
1215 1241 1308 1283 ἔστι
1337 1255 1413 1296 μοι
1443 1240 1655 1296 δραχμῆς.

423 1338 648 1376 Athenaeus
679 1336 875 1404 3,123ὶ)
893 1330 1132 1385 Ἀντιφάνης
1169 1330 1212 1373 ἐν
1235 1328 1413 1388 Ὀμφάλῃ
1447 1335 1526 1372 κτλ.
1632 1335 1670 1372 2.
1708 1329 1874 1384 μηδένα

312 1396 360 1433 A.
468 1395 507 1433 3.
540 1407 590 1434 an
620 1389 665 1431 οὗ
697 1366 823 1431 κακὸν
852 1389 925 1442 ἔχω
954 1389 1058 1443 γὰρῖ
1109 1389 1230 1442 ἔχοιμι
1258 1392 1308 1430 A.
1407 1391 1445 1430 4.
1476 1387 1644 1442 γαστέρα
1674 1391 1723 1430 A.
1818 1390 1874 1429 5.

305 1448 414 1489 ἔστιν
443 1451 491 1491 A.
515 1471 569 1478 —-
600 1450 648 1488 de
679 1449 837 1500 syntaxi
868 1443 942 1486 οὐκ
971 1445 1046 1498 ἔχω
1074 1444 1169 1498 μηδ’
1194 1446 1319 1498 ἔχοιμι
1349 1448 1399 1487 cf.
1431 1447 1550 1497 Soph.
1580 1447 1676 1486 Ant.
1699 1447 1806 1495 500.

420 1507 613 1546 Hercules
642 1507 810 1544 calidam
839 1505 1043 1555 potionem
1072 1518 1174 1554 aqua
1207 1505 1382 1544 admixta
1416 1504 1492 1543 sibi
1529 1504 1710 1554 adparari
1729 1504 1880 1543 vetat-2*

307 1577 437 1614 neque
483 1564 588 1602 enim
634 1564 844 1613 aegrotum
889 1574 929 1600 se
971 1574 1056 1600 esse
1099 1557 1164 1612 (οὐ
1195 1558 1323 1599 κακὸν
1352 1558 1459 1614 ἔχω).
1529 1561 1679 1600 scilicet
1707 1572 1859 1598 merum

305 1621 489 1670 praefert.
549 1621 760 1658 Pkertatus
796 1618 973 1656 medicus
1011 1617 1075 1657 vel
1112 1618 1418 1668 pharmacopola
1454 1630 1534 1656 non
1571 1617 1754 1679 cognitus
1789 1615 1858 1654 ali·
1873 1638 1877 1643 ›

306 1678 424 1727 unde,
456 1677 534 1715 nisi
565 1677 668 1715 forte
699 1676 803 1713 idem
835 1676 897 1713 est
925 1686 1041 1724 quem
1073 1674 1359 1713 Demosthenes
1389 1675 1455 1723 32,
1480 1675 1530 1712 17
1561 1666 1760 1711 κοινωνὸν
1788 1675 1858 1710 τοῦ

307 1731 479 1784 Πρώτου
511 1733 619 1772 dicit.
679 1733 824 1772 anulus
853 1732 915 1770 est
943 1730 1134 1781 magicus.
1194 1727 1244 1770 cf.
1275 1731 1420 1780 Eupol.
1446 1704 1514 1769 337.
1573 1729 1777 1779 Aristoph.
1809 1728 1877 1779 fr„

304 1791 398 1829 250.
450 1789 555 1828 Plut.
590 1789 684 1830 884.

1038 1863 1162 1905 178

573 1942 628 1986 οὐ
659 1941 948 1998 φιλοτάριχος
979 1939 1188 1996 οὐδαμῶς
1219 1939 1323 1995 εἰμ’,
1355 1933 1391 1983 ὦ
1421 1940 1546 1996 κόρη.

416 2038 646 2076 Athenaeus
677 2036 825 2085 3,125
842 2036 898 2074 ab
937 2037 1062 2074 κεῖτοη
1098 2031 1119 2072 ὁ
1150 2030 1394 2084 φιλοτάριχος
1425 2030 1521 2085 παρ’
1547 2029 1775 2083 Ἀντιφάνει
1815 2029 1858 2072 ἐν

298 2090 479 2148 Ὀμφάλῃ
509 2091 635 2138 οὕτως
667 2094 746 2130 κτλ.
805 2092 966 2131 videtur
995 2092 1059 2130 hic
1088 2103 1244 2141 quoque
1274 2091 1464 2130 Hercules
1494 2091 1615 2140 loqui.
1655 2099 1662 2105 ’

418 2151 482 2189 Ad
512 2151 612 2188 hanc
643 2149 818 2187 fabulam
849 2149 898 2188 fr.
922 2149 1001 2187 276
1033 2149 1157 2187 refert
1185 2147 1419 2187 Meinekius.

949 2269 1217 2304 ΟΜΩΝΤΜΟΙ

1037 2347 1117 2390 179

1112 2419 1184 2468 οἶα
1214 2423 1308 2481 δ”ἦ
1339 2424 1460 2481 χώρα
1490 2426 1618 2481 φέρει

360 2496 634 2550 διαφέροντα
664 2494 828 2549 πάσης,
853 2490 1101 2548 Ἱππόνικε,
1132 2495 1210 2548 τῆς
1241 2492 1526 2550 οἰκουμένης,

359 2563 409 2607 τὸ
438 2564 561 2618 μέλι,
593 2560 695 2612 τούς
726 2560 910 2616 άρτους,
941 2559 995 2603 τὰ
1026 2562 1156 2603 σῦκα.
1206 2563 1257 2603 Β.
1290 2562 1406 2604 σῦκα
1435 2560 1519 2615 μεν
1549 2557 1605 2615 νὴ
1634 2559 1716 2602 τὸν
1744 2561 1835 2602 Δία

358 2631 481 2674 πάνυ
497 2631 636 2685 φέρει.
671 2635 724 2672 A.
741 2626 1004 2684 βοσκήματ’,
1027 2630 1139 2681 ἔρια,
1161 2628 1321 2683 μύρτα,
1342 2627 1485 2682 θύμα,
1502 2627 1689 2683 πυρούς,
1710 2625 1852 2682 ὕδωρ,

302 2710 322 2739 5
361 2698 476 2744 ω’στε
505 2699 580 2740 καὶ
609 2699 770 2752 γνοίην
800 2692 858 2738 ὀὲν
889 2694 1028 2745 εὐθὺς
1053 2693 1254 2738 Ἀττικὸν
1284 2698 1429 2739 πίνων
1459 2693 1596 2749 υδωρ.

253 2843 255 2845 v
418 2794 644 2832 Athenaeus
675 2793 718 2842 2,
741 2792 794 2829 43
811 2791 867 2829 bc
905 2785 952 2827 οὐ
989 2803 1063 2854 γαρ
1089 2786 1316 2840 Ἀντιφάνει
1345 2794 1398 2843 τῷ
1427 2793 1586 2842 κωμικῷ
1614 2787 1858 2828 πεπίστευκα

304 2846 456 2901 λέγοντι
486 2846 586 2887 κατὰ
617 2845 740 2886 πολλὰ
771 2845 843 2897 τὴν
869 2840 1050 2895 Ἀττικὴν
1078 2844 1348 2898 διαφέρουσαν
1378 2860 1458 2884 των
1484 2843 1617 2885 ἄλλων
1647 2842 1713 2884 καὶ
1743 2842 1871 2904 ῧδωρὲ
