1806 3216
0 0 126 159 F?
139 0 145 3 v

0 160 13 251 ζ

588 173 795 211 ΔΔΗΔΩΝ
818 174 1090 211 APAMA'mN
1530 175 1616 219 533

166 278 402 321 Euanthius
431 280 514 320 633
544 281 648 320 extr.
679 275 995 332 διαγραμμισμός
1033 276 1215 333 ἐγίνετο.
1279 279 1480 330 ,κυβείας
1510 274 1615 329 εἶδος

52 332 120 376 διὰ
150 340 234 376 τῶν
262 332 307 376 ἕν
335 335 538 384 πλινθίοις
558 332 714 387 ψήφων
733 334 946 388 ἑξήκοντα,
977 337 1133 377 λευκῶν
1152 351 1193 378 τε
1211 334 1302 402 ἅμα
1313 335 1380 377 καὶ
1399 339 1615 388 μελαινῶν.

51 396 193 445 χρῆσις
227 397 299 433 τοῦ
334 392 523 447 παιγνίου
560 392 676 434 τοῦδε
706 390 797 450 (τοῦ
834 392 976 448 διαγρα
977 391 1171 460 μμισμοῦ)
1203 407 1308 447 παρα
1340 393 1542 447 Φιλήμονι
1571 392 1617 435 ἔν

52 449 106 504 τῷ
134 452 216 491 κτλ.
265 450 409 491 Pollux
432 452 477 500 9,
499 452 552 491 99
584 448 678 504 ἑγγὺ
682 466 702 499 ς
739 449 782 491 δέ
819 448 902 491 ἐστι
931 446 1055 505 ταύτῃ
1084 452 1151 520 τῇ
1161 450 1305 507 παιδιᾷ
1334 448 1509 521 (cratin.
1541 450 1615 522 56)

52 504 120 547 καὶ
157 503 179 547 ὁ
194 502 529 576 διατραμμισμός
570 506 638 548 καὶ
674 505 716 548 τὸ
763 506 1081 561 διαγραμμίζειν,
1124 505 1179 561 ἥν
1216 522 1303 548 τινα
1339 506 1511 549 παιδιὰν
1547 507 1617 549 καὶ

8 602 12 607 .
50 561 233 618 γραμμὰς
270 562 486 616 ωνόμαζον.
546 564 722 617 Hesyeh.
753 563 1088 618 διαγραμμισμός·
1134 563 1275 605 παιδια
1319 580 1378 614 τις
1418 563 1615 616 ἑξήκοντα

50 619 207 673 ψήφων
233 622 387 662 λευκῶν
414 620 482 662 καὶ
510 623 710 672 μελαινῶν
739 619 782 661 ἐν
812 636 960 674 χωραις
990 619 1224 674 ἑλκομένων.
1250 646 1300 651 -
1330 624 1374 664 in
1394 625 1503 664 exitu
1524 624 1615 664 fort.

52 678 319 730 supplendum
349 677 646 731 θρύπτεται.

793 745 879 789 210

434 825 751 880 μεμίσθωνταί
760 797 829 881 ’με
859 826 1010 882 δείλης
1039 827 1224 880 πρωίας.

163 913 661 961 Sch01.Viot.Hom.11.
695 921 766 968 18,
802 919 884 959 277
915 917 1108 971 Φιλήμων
1137 918 1268 970 φησίν
1297 922 1378 960 κτλ.
1413 915 1504 960 αντὶ
1542 926 1615 960 τοῦ

50 970 272 1027 ἀρχομένης
302 973 443 1027 δείλης.
487 975 723 1018 Eustathius
746 977 867 1028 1142,
886 977 940 1017 52
962 974 1064 1028 πρωὶ
1083 968 1234 1030 λέγεται
1253 975 1319 1016 καὶ
1341 970 1383 1015 τὸ
1402 975 1519 1025 ἕως”
1497 991 1564 1017 εκτ
1592 993 1612 1026 ς

47 1029 175 1083 ωρας·
213 1030 406 1084 Φιλήμων
434 1026 510 1072 οὖν
538 1043 639 1084 φησι
667 1036 751 1074 κτλ.
800 1031 888 1085 ἤτοι
916 1031 1005 1086 περὶ
1034 1032 1224 1084 τοιαύτην
1253 1033 1422 1085 πρωίαν,
1452 1029 1532 1084 ἀφ’
1558 1055 1560 1058 -
1592 1050 1612 1083 ς

48 1084 74 1140 ἡ
105 1087 216 1141 δείλνη
246 1086 420 1141 ἄρχεται.
508 1082 760 1142 μεμίσθωταί
785 1092 900 1131 Eust.
931 1113 984 1119 —
1016 1091 1066 1130 cf.
1098 1091 1203 1131 Tim.
1225 1091 1318 1131 Lex.
1342 1092 1446 1131 Plat.
1481 1091 1612 1144 δείλης

47 1145 221 1197 πρωίας·
258 1151 305 1200 τῇ
334 1142 413 1196 πρὸ
440 1142 607 1197 ἀρίστου
637 1162 735 1203 ωρα.
785 1146 918 1199 δείλης
947 1143 1093 1198 ὀψίας·
1136 1153 1183 1203 τῇ
1212 1146 1289 1200 πρὸ
1318 1147 1506 1200 δείπνου,
1543 1150 1612 1189 ubi

47 1204 100 1244 cf.
131 1203 344 1244 Ruhnken.
788 1258 870 1301 211

794 1336 895 1381 ἀλλ’
929 1335 1188 1394 ἀπόλλυμαι

319 1403 431 1448 κατὰ
461 1403 575 1461 μυός
605 1404 813 1462 ὄλεθρον.

163 1500 348 1550 Append.
371 1499 498 1540 Vatia.
520 1501 634 1540 1193
666 1497 793 1554 (Bast.
815 1501 946 1552 Epist.
967 1514 1020 1541 cr.
1052 1515 1091 1552 p.
1114 1498 1187 1554 90)
1216 1499 1317 1552 μυὸς
1348 1499 1616 1553 ὄλεθρος·οἱ

44 1551 141 1604 μύες
171 1551 452 1607 α’πορρεόντων
480 1554 617 1604 αὐτοῖς
646 1557 726 1597 τῶν
753 1557 888 1608 μελων
914 1555 1013 1597 κατὰ
1051 1557 1180 1610 βραχὺ
1210 1557 1460 1608 φθείρονται.
1508 1556 1611 1598 ’ὅθεν

46 1610 114 1652 καὶ
142 1609 335 1664 Φιλήμων
362 1612 488 1663 φησίν
515 1615 596 1653 κτλ.
684 1616 723 1654 2.
753 1612 854 1654 κατὰ
885 1615 993 1654 delet
1014 1615 1269 1655 Herwerden.
1311 1614 1406 1657 obs.
1427 1616 1517 1657 crit.
1539 1617 1607 1656 85.

44 1673 87 1709 at
124 1670 313 1710 Aelianus
353 1683 512 1721 quoque
552 1671 602 1710 H.
633 1685 698 1711 an.
734 1674 804 1719 12
840 1673 893 1711 10
920 1668 946 1723 ἡ
984 1671 1173 1723 παροιμία
1211 1670 1313 1724 λέγει
1349 1670 1470 1711 κατὰ
1506 1669 1608 1724 μυὸς

46 1724 217 1779 ὄλεθρον
238 1727 443 1780 (Menand.
463 1729 543 1766 212
567 1725 707 1782 Mein.)
728 1732 769 1768 et
787 1730 971 1780 Apostol.
990 1730 1027 1779 9,
1047 1730 1111 1768 28.
1161 1730 1209 1768 cf.
1233 1729 1465 1780 Diogenian.
1484 1732 1520 1778 6,
1540 1732 1605 1771 66.

45 1784 170 1823 Mant.
203 1797 314 1834 prov.
339 1785 378 1832 2,
400 1785 453 1824 25
484 1780 758 1839 (μυόλεθρος).

780 1885 865 1928 212

157 1962 362 2006 Photius'
343 1964 578 2018 οκτώπηχυς
607 1965 674 2006 καὶ
703 1959 926 2015 ὀκτώπους·
957 1963 1160 2035 Φιλήμων.
1201 1963 1390 2007 ὀκτῶπαν
1408 1964 1605 2019 ποταμόν·

44 2020 243 2074 Αἰσχύλος
263 2020 526 2063 διαπέπλευκε
548 2024 805 2072 Νεανίσκοις.
847 2020 1053 2072 ὀκτωπας·
1084 2022 1172 2076 ἤτοι
1202 2021 1224 2064 ὁ
1243 2023 1443 2077 σκορπίος.
1489 2022 1607 2064 ὀκτώ-

43 2090 164 2126 πους·
194 2076 222 2131 ἢ
254 2076 276 2119 ὁ
303 2078 456 2148 μακρὸς
486 2075 589 2120 ὀκτώ
619 2081 769 2121 ποδῶν.
820 2082 867 2124 G.
892 2082 1146 2123 Hermannus
1177 2082 1321 2133 Opusc.
1343 2083 1376 2119 V
1398 2083 1451 2121 27
1483 2078 1606 2121 ὀκτώ-

43 2149 174 2188 πηχυς
218 2134 285 2175 καὶ
321 2131 534 2184 ὄκτωπους.
594 2137 795 2189 Αἰσχύλος
834 2138 1092 2186 Νεανίσκοις.
1151 2137 1344 2190 Φιλήμων
1380 2134 1606 2178 ὀκτάπουν·

43 2191 286 2242 ’ποταμὸν
315 2191 689 2234 διαπέπλευκεν
719 2191 1013 2244 ὀκταπους’
1044 2195 1132 2247 ἤτοι
1161 2191 1182 2235 ὁ
1217 2194 1405 2248 σκορπίος
1436 2192 1457 2235 ὁ
1487 2192 1605 2236 ὀκτω-

43 2263 165 2301 πους,
194 2246 223 2301 ἢ
252 2246 273 2289 ὁ
301 2249 450 2304 μακρὸς
477 2244 582 2292 ὀκτω
610 2251 762 2292 ποδῶν.

780 2350 864 2394 213

131 2423 168 2472 ὦ
198 2430 375 2484 Κλέων,
405 2430 578 2472 παῦσαι
609 2431 851 2484 φλυαρῶν·
883 2428 942 2473 ἂν
973 2427 1111 2487 ὀκνῇς
1139 2428 1190 2474 τὸ
1220 2429 1491 2487 μανθάνειν,

130 2495 491 2553 ἀνεπικούρητον
521 2499 717 2540 σεαυτοῦ
747 2496 826 2540 τὸν
855 2500 960 2553 βίον
990 2500 1143 2554 λήσεις
1173 2501 1331 2542 ποιῶν.

129 2564 234 2608 οὔτε
261 2562 348 2620 γὰρ
379 2564 598 2620 ναυαγός,
631 2560 689 2607 ἄν
717 2565 776 2621 μὴ
806 2568 888 2646 fflf
908 2565 1106 2648 λάβηται
1136 2567 1407 2622 φερόμενος,

131 2630 288 2676 οὔποτ’
323 2647 383 2675 αν
412 2633 602 2676 σώσειεν
631 2630 787 2688 αὐτόν,
819 2631 918 2676 οὔτ’
949 2632 1069 2691 α’νὴρ
1099 2634 1236 2689 πένης
1263 2649 1406 2690 γεγως

79 2710 99 2741 5
129 2701 189 2756 μὴ
220 2698 275 2743 οὐ
305 2700 467 2755 τέχνην
495 2698 659 2755 μαθων
688 2698 867 2743 δύναιτ’
898 2717 957 2743 αν
985 2699 1199 2756 ἀσφαλῶς
1228 2704 1308 2758 ζῆν
1337 2702 1418 2745 τὸν
1446 2705 1563 2757 βιον.

79 2778 100 2810 9
133 2784 219 2811 καν
248 2768 333 2823 μὲν
363 2764 560 2824 ὁρμισθῇ
589 2783 656 2819 τις
685 2766 813 2825 ἡμῶν
843 2769 907 2819 εἰς
937 2768 1092 2824 λιμένα
1121 2766 1203 2812 τὸν
1232 2772 1310 2825 τῆς
1339 2771 1516 2827 τέχνης,

58 2847 99 2879 ιο
128 2833 299 2893 ἐβάλετ’
331 2833 540 2892 ἄγκυραν
570 2836 783 2889 καθάψας
811 2834 1059 2892 ἀσφαλείας
1089 2837 1260 2881 εἵνεκα’
