1864 3204
220 188 304 230 380
823 236 826 238 q
876 185 1127 225 ΑΛΕΞΙΔΟΣ

334 292 560 331 Athenaeus
584 294 646 342 13,
667 292 784 331 587b
814 289 1053 360 μνημονεύει
1083 295 1151 341 τῆς
1183 287 1477 358 (μνημονευτὴς
1505 286 1560 352 A)
1591 287 1776 328 Ναννίου

224 347 289 387 καὶ
313 346 466 396 ’Ἁλεξις
498 346 540 386 ἐν
575 347 828 401 Ταραντίνοις
859 345 984 394 οὕτως
1014 349 1114 386 κτλ.
1145 345 1392 400 κωμῳδῶν
1420 339 1577 395 αὐτὴν
1601 360 1662 393 ως
1690 345 1776 397 μέ-

221 408 252 442 θ
262 420 287 443 υ
299 415 322 443 σ
332 418 352 443 ο
364 420 385 443 ν
416 402 644 456 (μέθυσσαν
673 404 743 456 A).

953 491 1038 533 224

492 547 641 591 κάθου

329 629 479 679 ’Ἀλεξις
514 629 783 683 Ταραντίνοις.
824 631 995 669 Bekker.
1017 629 1282 679 Ληθὼ-100,
1305 630 1371 667 31.
1402 629 1487 667 cod.
1518 625 1777 680 τυραντίνοις.
1802 641 1808 646 ·

223 688 272 727 cf.
304 688 508 738 Aristoph.
539 688 589 726 fr.
623 689 715 727 620.
766 687 996 726 Anaxandr.
1032 688 1096 727 13.

955 796 1039 838 225

492 874 515 918 ὁ
546 876 865 931 οἰκοδεσπότης

341 957 423 996 ἔστι
463 956 529 996 καὶ
555 954 749 1005 Ἀλέξιδος
781 955 824 996 ἐν
857 956 1123 1015 Ταραντίνοις.
1174 958 1318 996 Pollux
1351 959 1421 1004 10,
1444 958 1510 998 21.
1560 956 1776 1007 Phrynich.

222 1016 332 1065 Epit.
365 1017 445 1054 373
489 1013 616 1061 οἰκίας
663 1012 857 1064 δεσπότης
900 1009 1069 1064 λεκτέον,
1113 1007 1184 1064 οὐχ
1223 1009 1276 1059 ὡς
1300 1011 1451 1061 ’Ἀλεξις
1488 1008 1778 1063 οἰκοδεσπότης,

223 1073 292 1110 ubi
323 1073 372 1111 cf.
403 1072 578 1110 Lobeck.
610 1072 748 1110 Thom.
779 1072 832 1110 Μ.
866 1071 960 1121 259,
983 1073 1022 1110 3.

336 1128 429 1167 Sine
467 1129 612 1167 idonea
641 1141 757 1166 causa
794 1128 844 1166 ad
874 1128 975 1166 hanc
1005 1127 1177 1165 fabulam
1210 1126 1491 1165 Valckenarius
1521 1125 1650 1164 Diatr.
1680 1126 1777 1165 Eur.

225 1185 343 1223 2441)
380 1185 580 1224 referebat
616 1184 785 1223 Bekker.
817 1185 966 1223 Anecd.
999 1185 1178 1233 300,16
1217 1179 1528 1221 συνοίσειν·τὸ
1567 1181 1623 1229 εἰς
1660 1174 1778 1220 ταῦτό

222 1238 452 1292 συμφέρειν.
496 1243 745 1292 Ταραντῖνοι.
795 1241 1113 1290 complectuntur
1152 1240 1255 1278 enim
1294 1240 1387 1278 illae
1428 1236 1545 1287 λέξεις
1576 1236 1783 1291 ρητορικαί

223 1299 423 1348 permulta
454 1311 553 1348 quae
584 1298 840 1337 dialectorum
870 1299 1029 1356 propria
1048 1297 1222 1346 fuerunt,
1254 1296 1379 1335 veluti
1401 1296 1571 1346 205‚30.
1603 1295 1778 1346 223,32.

226 1356 319 1403 2263
348 1357 366 1392 1
400 1357 473 1394 cet.

922 1430 1073 1464 ΤΙΤΘΗ

338 1513 397 1552 Of.
432 1526 532 1563 quae
562 1513 610 1551 ad
640 1512 788 1551 Eubuli
822 1510 970 1556 Τίτθας
1000 1514 1040 1550 et
1069 1512 1284 1562 Antiphan.
1309 1512 1401 1558 159,
1423 1511 1448 1548 4
1479 1510 1730 1550 adnotantur.

964 1621 1047 1663 226

629 1696 729 1743 ἰδού
759 1700 976 1754 πάρεστιν
1006 1696 1140 1749 οἶνος.
1191 1696 1360 1741 οὐκοῦν
1393 1699 1544 1753 ἐγχέω,

393 1771 589 1824 Κρίτων,
621 1769 792 1819 πολύν;
838 1771 931 1812 ΚΡ.
961 1767 1139 1823 βέλτιον
1168 1767 1248 1810 ἕνα
1278 1765 1353 1809 καὶ
1381 1765 1605 1821 τέτταρας.

396 1842 450 1879 Α.
481 1835 626 1892 ὑδαρῆ
658 1835 816 1891 λέγεις·
850 1834 967 1890 ὅμως
997 1835 1046 1878 δὲ
1075 1831 1244 1890 ταύτην
1276 1832 1444 1877 ἐκπιών

489 1938 497 1948 .
566 1905 665 1958 λε’γε
694 1919 736 1946 τι
767 1903 842 1945 καὶ
873 1902 1111 1958 διατριβήν
1140 1918 1191 1957 γε
1221 1904 1282 1958 τῷ
1311 1902 1433 1958 πότῳ

343 1982 363 2013 5
394 1974 608 2026 ποιῶμεν.

336 2055 566 2094 Athenaeus
600 2055 663 2103 10,
686 2055 800 2092 4260
829 2051 981 2100 ’Ἀλεξις
1020 2048 1059 2090 δ’
1089 2048 1131 2089 ἐν
1174 2051 1301 2105 Τίτθῃ
1339 2049 1394 2090 ἔτι
1430 2047 1778 2102 σωφρονικώτερον

223 2110 410 2179 κιρνάναι
439 2109 746 2162 παρακελεύεται
776 2111 855 2148 κτλ.
914 2123 952 2149 v.
985 2110 1022 2148 2.
1055 2110 1080 2147 3
1111 2109 1295 2148 Eustath.
1321 2109 1441 2157 1624,
1463 2109 1517 2147 48
1542 2106 1692 2157 Ἀλεξις
1721 2108 1776 2148 εἰ·

222 2166 332 2206 πυόν·
366 2164 559 2218 ἕγχέωμεν
589 2163 659 2205 ἕνα
678 2164 755 2261 1καὶ
787 2163 985 2235 τέτταρας,
1015 2161 1153 2203 ἀκούει
1182 2161 1237 2212 ὥς
1267 2160 1464 2215 ὗδαρὴν
1443 2162 1472 2215 η’
1490 2161 1620 2216 ὑδαρῆ
1640 2163 1777 2217 λέγεις,

223 2221 363 2263 κύλικα
398 2222 564 2272 δηλαδή.
678 2225 713 2262 1.
745 2220 832 2261 ἰδοὺ
863 2220 939 2273 γὰρ
969 2223 1018 2261 A.
1125 2223 1165 2261 2.
1195 2220 1365 2272 Κρίτων,
1395 2219 1542 2265 πολύν;
1578 2222 1618 2260 Β.
1649 2222 1774 2261 Dobr.

226 2281 401 2322 Adv.11
432 2279 532 2332 326]
564 2278 757 2329 κρίτωνα’
790 2277 890 2317 πολὺ
920 2278 969 2318 A.
1043 2280 1082 2317 3.
1114 2274 1247 2329 ὑδαρῆ
1277 2274 1326 2331 Ο]
1357 2273 1513 2328 ὑδαρην
1541 2277 1593 2316 Α.
1626 2280 1775 2317 utrum-

225 2351 300 2388 que
330 2338 444 2376 Eust.
534 2338 573 2375 4.
611 2334 674 2388 γε]
706 2349 746 2375 τε
775 2336 824 2374 A.
911 2338 1002 2374 ante
1031 2332 1116 2387 λέγε
1144 2335 1255 2374 Pors.
1286 2331 1459 2385 κομψὸν,
1496 2334 1620 2375 Dobr.
1650 2335 1776 2372 πυθα-

224 2391 310 2433 νὸν.
370 2391 453 2445 λέγε
494 2407 529 2431 τι
565 2390 688 2431 καλὸν
718 2388 768 2430 σύ
799 2387 1008 2444 διατριβήν
1037 2405 1077 2430 τε
1106 2391 1310 2430 Herwerd.
1343 2391 1459 2430 Anal.
1491 2390 1578 2431 orit.
1608 2391 1676 2430 42.
1733 2391 1776 2430 in

223 2451 368 2500 quibus
406 2450 588 2489 omnibus
627 2449 809 2499 displicet:
845 2449 1095 2499 singulorum
1134 2448 1354 2487 sententiae
1391 2447 1658 2486 membrorum
1686 2459 1776 2486 con-

222 2507 384 2545 iunctio.
436 2506 685 2545 scribendum
715 2508 894 2556 γρῖφον
925 2503 1007 2556 (vel
1035 2503 1186 2555 μῦθον)
1216 2499 1315 2554 λέγ’·
1314 2531 1326 2554 ,
1364 2501 1444 2541 ι’να
1474 2500 1540 2541 καὶ
1568 2501 1777 2555 διατριβήν

222 2577 265 2614 γε
294 2565 376 2602 κτλ.

660 2658 663 2661 .
954 2614 1036 2655 227

427 2692 450 2735 ὁ
483 2694 689 2748 Κόρυδος
719 2686 872 2747 οὗτος,
904 2690 928 2734 ὁ
958 2690 1011 2734 τὰ
1039 2690 1177 2746 γέλοι’
1201 2691 1456 2746 εἰθισμένος

427 2763 589 2815 λέγειν,
620 2763 841 2810 Βλεπαῖος
870 2756 1049 2814 βούλετ’
1074 2756 1201 2803 εἶναι.
1244 2762 1293 2801 Β.
1327 2761 1441 2801 νοῦν
1470 2756 1515 2812 γ’
1538 2759 1670 2812 ἔχων·

425 2831 613 2870 πλουτεῖ
637 2826 723 2883 γὰρ
755 2826 777 2869 ὁ
807 2830 1040 2876 Βλεπαῖος.
