1864 3204
464 162 772 199 κιΘΑΡῼιΔοΣ
795 181 837 190 -
863 163 1167 199 ΠΔΝΔΡΟΣΟΣ
1505 163 1590 207 409

261 267 466 321 πίστωμα
496 266 650 321 φιλίας
680 265 932 321 συγγενέσι.
982 263 1101 308 πιών
1132 263 1221 321 ἐρῶ

255 332 309 377 τὰ
338 334 494 377 λοιπά·
526 335 743 390 πνίγομαι
771 333 872 389 γάρ.
922 337 972 377 Β.
1005 331 1105 377 ἀλλ’
1130 333 1383 391 ἐπιρρόφει.

136 428 368 470 Athenaeus
400 429 475 478 10,
498 428 617 468 4263.
654 431 779 467 ταῦτα
808 424 884 479 μὲν
912 426 1111 481 Κλέαρχος
1142 425 1186 468 ἐν
1217 427 1457 485 Κιθαρῳδῷ.
1511 400 1514 404 ¹
1550 433 1588 471 1.

20 483 127 534 ἅπαξ
156 486 282 526 Dobr.
306 485 408 528 Adel.
428 485 552 527 Arist.
571 498 613 536 p.
631 482 731 538 113]
760 482 925 525 ἅπασαν
953 486 1006 525 A.
1094 487 1133 526 3.
1164 485 1270 530 πίστ.
1301 502 1345 537 φ.
1377 497 1411 528 σ.
1442 484 1588 542 Mein]

20 541 253 641 Ξὲέτίσλτᾱθζ
277 543 327 583 A.
400 539 478 595 ἐρῶ
507 540 554 581 τὰ
585 541 703 582 λοιπά
740 540 983 597 Schweigh]
1015 540 1137 595 ἔρωτα
1167 541 1309 584 λοιπόν
1337 545 1388 584 A.
1470 545 1510 585 4.
1542 546 1586 585 Β.

138 658 176 700 2.
207 658 258 698 cf.
291 657 442 697 eratin.
477 657 571 697 273.
614 656 759 696 Eubul.
783 657 849 707 56,
873 658 910 697 6.
942 644 1156 698 Philetaer'.
1183 660 1220 697 1.
1309 659 1350 697 4.
1384 660 1479 698 ‘non
1509 672 1588 699 uno

19 713 166 754 haustu
195 715 380 765 poculum
422 713 661 754 ebibendum
691 727 778 754 esse
807 717 963 765 monet,
1003 715 1073 754 sed
1110 715 1182 766 per
1212 716 1425 756 intervalla
1456 729 1587 757 exsor-

19 770 209 811 bendum.
259 771 431 811 Aristot.
461 771 598 811 Probl.
633 771 707 822 27,
743 772 767 810 3
808 769 1086 819 διακλύζονται
1122 770 1189 825 (οἷ-
1214 768 1482 829 ἀγωνιῶντες)
1519 771 1586 812 καὶ

21 825 296 880 ἕπιρροφοῦσι,
326 824 512 880 καθάπερ
543 824 768 880 Παρμένων
797 824 818 868 ὁ
849 825 1096 881 ὑποκριτήςέ
1129 829 1249 870 Mein.

785 940 813 982 2

223 1020 434 1076 γόγγρων
462 1035 510 1063 τε
541 1022 718 1064 λευκῶν
747 1022 857 1064 πᾶσι
887 1027 980 1071 τοῖς
1009 1021 1257 1065 κολλώδεσι

222 1091 448 1144 βρόχθιζε.
499 1087 675 1140 τούτοις
704 1086 790 1145 γὰρ
820 1088 1032 1145 τρέφεται
1062 1090 1113 1133 τὸ
1144 1093 1323 1147 πνεῦμα
1354 1092 1429 1135 καὶ

226 1154 277 1200 τὸ
307 1154 543 1213 φωνάριον
572 1156 702 1214 ἡμῶν
731 1159 1010 1214 περίσαργον
1038 1159 1226 1213 γίνεται.

132 1251 362 1293 Athenaeus
395 1254 466 1304 14,
490 1254 601 1293 6230
637 1248 874 1303 ἀνεφώνησε
904 1250 951 1292 τὰ
983 1250 1026 1292 ἐκ
1057 1259 1127 1292 τοῦ
1157 1251 1363 1306 Κλεάρχου
1395 1256 1584 1310 Κιθαρῳ-

20 1308 95 1349 δοῦ
126 1307 219 1349 τάδε
248 1311 329 1349 κτλ.
421 1312 458 1349 1.
490 1308 668 1363 γόγγρων
689 1333 741 1340 -—
764 1310 918 1350 λευκῶν
946 1309 1177 1364 Emporias]
1210 1310 1429 1366 γόγγρῳ-
1451 1315 1586 1368 λευκῷ

17 1366 67 1406 Α.
127 1364 245 1420 πᾶσι]
266 1364 399 1419 κρέασι
419 1367 578 1419 Emper.
609 1368 778 1408 fortasse
798 1365 827 1419 ἤ
836 1377 969 1407 πασι.
1029 1369 1066 1410 3.
1090 1367 1332 1422 περίσαρκον
1348 1370 1584 1423 Schweigh.,

20 1421 291 1479 περίλαμπρον
320 1423 486 1465 Casaub.

669 1514 926 1550 ΚΟΡΙΝΘΙΟῙ

785 1593 812 1636 3

225 1673 267 1714 εἰ
294 1679 387 1722 τοῖς
415 1673 776 1729 μεθυσκομένοις
805 1672 995 1730 ἑκάστης
1024 1671 1189 1731 ἡμέρας

222 1738 378 1795 ἀλγεῖν
407 1741 647 1796 συνέβαινε
678 1740 764 1798 τὴν
794 1744 1000 1798 κεφαλὴν
1029 1742 1117 1798 πρὸ
1149 1747 1231 1786 τοῦ
1261 1753 1382 1788 πιεῖν

225 1806 306 1852 τόν
334 1807 550 1865 ἄκρατον,
581 1806 710 1866 ἡμῶν
741 1807 849 1853 οὐδὲ
879 1803 944 1861 εἷς
973 1812 1126 1854 ἔπινεν
1157 1809 1225 1858 ἄν.

225 1875 330 1920 νυνὶ
361 1876 411 1921 δὲ
441 1879 663 1932 πρότερον
693 1880 774 1921 τοῦ
803 1877 950 1922 πόνου
980 1880 1064 1936 τὴν
1092 1877 1266 1937 ἡδονὴν

173 1954 194 1987 ὅ
225 1944 622 2002 προλαμβάνοντες
651 1945 933 2003 ὑστεροῦμεν
964 1945 1186 2004 τάγαθοῦ.

131 2040 361 2082 Athenaeus
393 2042 467 2093 14,
497 2042 616 2082 613b
653 2039 852 2095 Κλέαρχος
888 2038 909 2082 ὁ
949 2042 1244 2098 κωμῳδιοποιὸς
1276 2043 1320 2085 ἐν
1350 2046 1584 2099 Κορινθίοις

19 2095 144 2149 φησίν
174 2099 256 2137 κτλ.
358 2098 397 2137 4.
429 2099 485 2139 sio
513 2098 678 2142 Person.
709 2099 814 2140 Adv.
847 2101 913 2141 50.
972 2105 1051 2140 νῦν
1080 2098 1124 2140 δὲ
1153 2098 1345 2156 πρότερόν
1373 2117 1417 2155 γε
1447 2106 1496 2144 Α.
1530 2128 1580 2133 -

21 2154 70 2193 cf.
101 2153 257 2194 Alexid.
280 2156 376 2194 255.
426 2152 672 2208 ὑστεροῦμεν
701 2152 897 2210 τάγαθοῦ,
935 2160 981 2198 ut
1007 2155 1243 2212 ἀσυμβόλου
1274 2159 1438 2200 δείπνου
1468 2158 1582 2202 ὑστε-

21 2212 107 2262 ρεῖν
135 2211 325 2263 Amphid.
355 2213 422 2252 39.

416 2287 419 2290 “
646 2281 950 2315 ΠΑΝΔΡΟΣΟΣ

785 2358 814 2400 4

190 2434 294 2491 λάβ’
315 2434 441 2491 ὕδωρ
471 2433 583 2479 κατὰ
613 2435 774 2492 χειρός.
822 2440 872 2480 Β.
903 2438 1136 2495 μηδαμῶς·
1169 2442 1324 2493 καλοῖς
1353 2444 1454 2498 ἔχει.

190 2507 244 2546 Α.
277 2502 396 2558 λάβ’,
427 2497 597 2559 ὦγάθ’·
629 2502 767 2548 οὐδὲν
796 2512 962 2562 χεῖρον.
1012 2505 1040 2563 ἡ
1072 2515 1198 2563 παῖς,
1232 2508 1425 2553 ἐπιτίθει

192 2570 266 2614 ἐπὶ
295 2567 379 2626 τὴν
407 2571 628 2628 τράπεζαν
658 2570 805 2628 κάρυα
834 2574 909 2617 καὶ
938 2574 1213 2632 τραγήματα.

132 2665 362 2705 Athenaeus
394 2666 465 2717 14,
488 2666 605 2706 642b
636 2662 833 2720 Κλέαρχος
863 2667 1087 2724 Πανδρόσῳ
1116 2672 1198 2709 κτλ.
1288 2674 1328 2712 2.
1359 2666 1496 2725 ὦγαθὲ
1524 2674 1576 2714 Α.

19 2718 46 2773 ἦ
80 2723 176 2768 παῖς
206 2722 330 2761 Dobr.
363 2721 467 2762 Adv.
498 2722 540 2762 Π
570 2721 671 2776 349]
701 2726 810 2772 παῖς.
898 2725 1171 2766 παισεπιτίθει
1199 2727 1251 2767 Α.

137 2780 173 2817 1.
211 2777 342 2825 καλῶς
374 2776 465 2830 ἔχει.
513 2779 562 2819 cf.
599 2793 699 2831 quae
737 2780 1016 2823 adnotavimus
1053 2784 1103 2823 ad
1133 2783 1257 2825 Arist.
1288 2786 1387 2826 Rau.
1419 2787 1500 2828 508
1540 2790 1583 2828 et

26 2835 73 2875 de
104 2830 224 2875 οὐδὲν
253 2838 384 2888 χεῖρον
412 2835 537 2877 Arist.
568 2836 645 2889 Eq.
676 2838 744 2879 37.
