<?xml version="1.0" encoding="UTF-8"?>
<!DOCTYPE html PUBLIC "-//W3C//DTD XHTML 1.0 Transitional//EN"
    "http://www.w3.org/TR/xhtml1/DTD/xhtml1-transitional.dtd">
<html xmlns="http://www.w3.org/1999/xhtml" xml:lang="en" lang="en">
 <head>
  <title>
</title>
<meta http-equiv="Content-Type" content="text/html;charset=utf-8" />
  <meta name='ocr-system' content='tesseract 3.04.00' />
  <meta name='ocr-capabilities' content='ocr_page ocr_carea ocr_par ocr_line ocrx_word'/>
</head>
<body>
  <div class='ocr_page' id='page_1' title='image "./comicorumatticor02kockuoft_0388.png"; bbox 0 0 1864 3204; ppageno 0'>
   <div class='ocr_carea' id='block_1_1' title="bbox 1748 0 1864 274">
    <p class='ocr_par' dir='ltr' id='par_1_1' title="bbox 1748 0 1864 274">
     <span class='ocr_line' id='line_1_1' title="bbox 1748 0 1864 274; baseline 0 2930"><span class='ocrx_word' id='word_1_1' title='bbox 1748 0 1864 274; x_wconf 95' lang='lat' dir='ltr'><em> </em></span> 
     </span>
    </p>
   </div>
   <div class='ocr_carea' id='block_1_2' title="bbox 245 217 1162 260">
    <p class='ocr_par' dir='ltr' id='par_1_2' title="bbox 245 217 1162 260">
     <span class='ocr_line' id='line_1_2' title="bbox 245 217 1162 260; baseline -0.008 0"><span class='ocrx_word' id='word_1_2' title='bbox 245 218 329 260; x_wconf 82' lang='lat'><em>382</em></span> <span class='ocrx_word' id='word_1_3' title='bbox 908 217 1162 258; x_wconf 77' lang='grc' dir='ltr'><em>ΑΛΕΞῐΔοΣ</em></span> 
     </span>
    </p>
   </div>
   <div class='ocr_carea' id='block_1_3' title="bbox 469 317 1616 510">
    <p class='ocr_par' dir='ltr' id='par_1_3' title="bbox 469 317 1603 510">
     <span class='ocr_line' id='line_1_3' title="bbox 519 317 1499 375; baseline 0 -14"><span class='ocrx_word' id='word_1_4' title='bbox 519 319 569 362; x_wconf 83' lang='grc' dir='ltr'><em>ἐν</em></span> <span class='ocrx_word' id='word_1_5' title='bbox 599 326 692 370; x_wconf 84' lang='grc' dir='ltr'><em>τοῖς</em></span> <span class='ocrx_word' id='word_1_6' title='bbox 719 318 945 374; x_wconf 80' lang='grc' dir='ltr'><em>γάμοισιν,</em></span> <span class='ocrx_word' id='word_1_7' title='bbox 977 317 1161 374; x_wconf 76' lang='grc' dir='ltr'><em>ἄνδρες,</em></span> <span class='ocrx_word' id='word_1_8' title='bbox 1195 317 1499 375; x_wconf 81' lang='grc' dir='ltr'><em>εὐωχήσομαι,</em></span> 
     </span>
     <span class='ocr_line' id='line_1_4' title="bbox 518 383 1467 443; baseline 0.002 -15"><span class='ocrx_word' id='word_1_9' title='bbox 518 383 618 429; x_wconf 76' lang='grc' dir='ltr'><em>ἀλλ’</em></span> <span class='ocrx_word' id='word_1_10' title='bbox 643 385 710 428; x_wconf 80' lang='grc' dir='ltr'><em>ὅτι</em></span> <span class='ocrx_word' id='word_1_11' title='bbox 740 385 1084 442; x_wconf 78' lang='grc' dir='ltr'><em>διαρραγήσομ’,</em></span> <span class='ocrx_word' id='word_1_12' title='bbox 1116 386 1175 429; x_wconf 72' lang='grc' dir='ltr'><em>ἄν</em></span> <span class='ocrx_word' id='word_1_13' title='bbox 1204 387 1312 437; x_wconf 87' lang='grc' dir='ltr'><em>θεὸς</em></span> <span class='ocrx_word' id='word_1_14' title='bbox 1340 388 1467 443; x_wconf 82' lang='grc' dir='ltr'><strong><em>θέλῃ.</em></strong></span> 
     </span>
     <span class='ocr_line' id='line_1_5' title="bbox 469 452 1616 510; baseline 0.001 -15"><span class='ocrx_word' id='word_1_15' title='bbox 469 464 489 495; x_wconf 88' lang='lat'>5</span> <span class='ocrx_word' id='word_1_16' title='bbox 519 453 684 497; x_wconf 87' lang='grc' dir='ltr'><em>τούτου</em></span> <span class='ocrx_word' id='word_1_17' title='bbox 717 455 770 497; x_wconf 82' lang='grc' dir='ltr'><em>δέ</em></span> <span class='ocrx_word' id='word_1_18' title='bbox 795 471 869 509; x_wconf 89' lang='grc' dir='ltr'><em>μοι</em></span> <span class='ocrx_word' id='word_1_19' title='bbox 900 456 1074 509; x_wconf 88' lang='grc' dir='ltr'><em>γε’νοιτο</em></span> <span class='ocrx_word' id='word_1_20' title='bbox 1104 457 1186 496; x_wconf 87' lang='grc' dir='ltr'><em>τοῦ</em></span> <span class='ocrx_word' id='word_1_21' title='bbox 1216 452 1422 497; x_wconf 89' lang='grc' dir='ltr'><em>θανάτου</em></span> <span class='ocrx_word' id='word_1_22' title='bbox 1450 461 1616 510; x_wconf 80' lang='grc' dir='ltr'><strong><em>τυχεῖν.</em></strong></span> 
     </span>
    </p>
   </div>
   <div class='ocr_carea' id='block_1_4' title="bbox 248 544 1802 657">
    <p class='ocr_par' dir='ltr' id='par_1_4' title="bbox 248 544 1802 657">
     <span class='ocr_line' id='line_1_6' title="bbox 359 544 1802 602; baseline -0.001 -14"><span class='ocrx_word' id='word_1_23' title='bbox 359 549 588 588; x_wconf 76' lang='lat' dir='ltr'><strong>Athenaeus</strong></span> <span class='ocrx_word' id='word_1_24' title='bbox 620 550 665 599; x_wconf 85' lang='lat'><em>6,</em></span> <span class='ocrx_word' id='word_1_25' title='bbox 689 549 802 587; x_wconf 83' lang='lat' dir='ltr'><strong>258e</strong></span> <span class='ocrx_word' id='word_1_26' title='bbox 830 544 981 596; x_wconf 74' lang='grc' dir='ltr'><em>’Ἄλεξις</em></span> <span class='ocrx_word' id='word_1_27' title='bbox 1013 546 1072 587; x_wconf 77' lang='grc' dir='ltr'><em>ἐν</em></span> <span class='ocrx_word' id='word_1_28' title='bbox 1086 546 1434 602; x_wconf 80' lang='grc' dir='ltr'><em>Καταψευδομένῳ</em></span> <span class='ocrx_word' id='word_1_29' title='bbox 1463 545 1665 600; x_wconf 79' lang='grc' dir='ltr'><em>λέγοντά</em></span> <span class='ocrx_word' id='word_1_30' title='bbox 1695 561 1802 590; x_wconf 85' lang='grc' dir='ltr'><em>τινα</em></span> 
     </span>
     <span class='ocr_line' id='line_1_7' title="bbox 248 601 1236 657; baseline 0.001 -14"><span class='ocrx_word' id='word_1_31' title='bbox 248 603 432 644; x_wconf 88' lang='grc' dir='ltr'><em>κόλακα</em></span> <span class='ocrx_word' id='word_1_32' title='bbox 462 610 623 644; x_wconf 85' lang='grc' dir='ltr'><em>τοιαῦτα</em></span> <span class='ocrx_word' id='word_1_33' title='bbox 652 601 972 657; x_wconf 78' lang='grc' dir='ltr'><em>παρεισάγων</em></span> <span class='ocrx_word' id='word_1_34' title='bbox 1001 604 1126 655; x_wconf 85' lang='grc' dir='ltr'><em>φησίν</em></span> <span class='ocrx_word' id='word_1_35' title='bbox 1154 607 1236 647; x_wconf 89' lang='grc' dir='ltr'><em>κτλ.</em></span> 
     </span>
    </p>
   </div>
   <div class='ocr_carea' id='block_1_5' title="bbox 469 715 1512 1098">
    <p class='ocr_par' dir='ltr' id='par_1_5' title="bbox 469 715 1512 1098">
     <span class='ocr_line' id='line_1_8' title="bbox 981 715 1065 758; baseline 0 -1"><span class='ocrx_word' id='word_1_36' title='bbox 981 715 1065 758; x_wconf 84' lang='grc'><em>232</em></span> 
     </span>
     <span class='ocr_line' id='line_1_9' title="bbox 1196 769 1478 826; baseline 0 -13"><span class='ocrx_word' id='word_1_37' title='bbox 1196 769 1298 814; x_wconf 81' lang='grc' dir='ltr'><em>ἀλλ’</em></span> <span class='ocrx_word' id='word_1_38' title='bbox 1322 773 1478 826; x_wconf 84' lang='grc' dir='ltr'><em>ἔγχεον</em></span> 
     </span>
     <span class='ocr_line' id='line_1_10' title="bbox 517 837 1431 896; baseline 0 -15"><span class='ocrx_word' id='word_1_39' title='bbox 517 837 637 896; x_wconf 78' lang='grc' dir='ltr'><em>αὐτῷ</em></span> <span class='ocrx_word' id='word_1_40' title='bbox 667 837 780 890; x_wconf 91' lang='grc' dir='ltr'><em>Διός</em></span> <span class='ocrx_word' id='word_1_41' title='bbox 808 854 860 894; x_wconf 90' lang='grc' dir='ltr'><em>γε</em></span> <span class='ocrx_word' id='word_1_42' title='bbox 888 839 1024 894; x_wconf 81' lang='grc' dir='ltr'><em>τήνδε</em></span> <span class='ocrx_word' id='word_1_43' title='bbox 1056 841 1276 894; x_wconf 83' lang='grc' dir='ltr'><em>σωτῆρος,</em></span> <span class='ocrx_word' id='word_1_44' title='bbox 1305 841 1431 881; x_wconf 73' lang='grc' dir='ltr'><em>θεῶν</em></span> 
     </span>
     <span class='ocr_line' id='line_1_11' title="bbox 517 904 1476 963; baseline -0.001 -14"><span class='ocrx_word' id='word_1_45' title='bbox 517 911 703 963; x_wconf 81' lang='grc' dir='ltr'><em>θνητοῖς</em></span> <span class='ocrx_word' id='word_1_46' title='bbox 733 904 945 949; x_wconf 81' lang='grc' dir='ltr'><em>ἁπάντων</em></span> <span class='ocrx_word' id='word_1_47' title='bbox 974 907 1314 963; x_wconf 78' lang='grc' dir='ltr'><em>χρησιμωτάτου</em></span> <span class='ocrx_word' id='word_1_48' title='bbox 1344 906 1476 949; x_wconf 86' lang='grc' dir='ltr'><em>πολύ.</em></span> 
     </span>
     <span class='ocr_line' id='line_1_12' title="bbox 518 971 1512 1030; baseline 0 -14"><span class='ocrx_word' id='word_1_49' title='bbox 518 978 569 1016; x_wconf 91' lang='grc' dir='ltr'><em>Β.</em></span> <span class='ocrx_word' id='word_1_50' title='bbox 603 971 626 1016; x_wconf 92' lang='lat'><em>6</em></span> <span class='ocrx_word' id='word_1_51' title='bbox 657 973 771 1024; x_wconf 79' lang='grc' dir='ltr'><em>Ζεὺς</em></span> <span class='ocrx_word' id='word_1_52' title='bbox 801 973 824 1016; x_wconf 97' lang='lat'><em>6</em></span> <span class='ocrx_word' id='word_1_53' title='bbox 853 975 1024 1030; x_wconf 86' lang='grc' dir='ltr'><em>σωτήρ,</em></span> <span class='ocrx_word' id='word_1_54' title='bbox 1056 972 1114 1017; x_wconf 73' lang='grc' dir='ltr'><em>ἂν</em></span> <span class='ocrx_word' id='word_1_55' title='bbox 1146 972 1232 1030; x_wconf 77' lang='grc' dir='ltr'><em>ἐγώ</em></span> <span class='ocrx_word' id='word_1_56' title='bbox 1265 975 1512 1030; x_wconf 73' lang='grc' dir='ltr'><em>διαρραγῶ,</em></span> 
     </span>
     <span class='ocr_line' id='line_1_13' title="bbox 469 1041 1447 1098; baseline 0.002 -14"><span class='ocrx_word' id='word_1_57' title='bbox 469 1051 490 1082; x_wconf 84' lang='lat'>5</span> <span class='ocrx_word' id='word_1_58' title='bbox 522 1041 660 1085; x_wconf 78' lang='grc' dir='ltr'><em>οὐδέν</em></span> <span class='ocrx_word' id='word_1_59' title='bbox 689 1041 735 1098; x_wconf 76' lang='grc' dir='ltr'><em>μ’</em></span> <span class='ocrx_word' id='word_1_60' title='bbox 760 1041 925 1098; x_wconf 86' lang='grc' dir='ltr'><em>ὀνήσει.</em></span> <span class='ocrx_word' id='word_1_61' title='bbox 976 1046 1030 1086; x_wconf 92' lang='lat' dir='ltr'><em>A.</em></span> <span class='ocrx_word' id='word_1_62' title='bbox 1062 1047 1164 1085; x_wconf 89' lang='grc' dir='ltr'><em>πῖθι</em></span> <span class='ocrx_word' id='word_1_63' title='bbox 1192 1045 1395 1098; x_wconf 78' lang='grc' dir='ltr'><em>θαρρῶν.</em></span> <span class='ocrx_word' id='word_1_64' title='bbox 1438 1070 1447 1088; x_wconf 22' lang='grc' dir='ltr'><em>π.</em></span> 
     </span>
    </p>
   </div>
   <div class='ocr_carea' id='block_1_6' title="bbox 246 1132 1838 1469">
    <p class='ocr_par' dir='ltr' id='par_1_6' title="bbox 246 1132 1838 1469">
     <span class='ocr_line' id='line_1_14' title="bbox 359 1132 1802 1201; baseline -0.001 -26"><span class='ocrx_word' id='word_1_65' title='bbox 359 1135 586 1175; x_wconf 78' lang='lat' dir='ltr'>Athenaeus</span> <span class='ocrx_word' id='word_1_66' title='bbox 618 1137 682 1185; x_wconf 83' lang='lat'><em>15,</em></span> <span class='ocrx_word' id='word_1_67' title='bbox 702 1137 811 1176; x_wconf 82' lang='lat' dir='ltr'>692f</span> <span class='ocrx_word' id='word_1_68' title='bbox 830 1134 981 1184; x_wconf 76' lang='grc' dir='ltr'><em>’Ἄλεξις</em></span> <span class='ocrx_word' id='word_1_69' title='bbox 1012 1134 1057 1176; x_wconf 79' lang='grc' dir='ltr'><em>ἐν</em></span> <span class='ocrx_word' id='word_1_70' title='bbox 1090 1138 1258 1201; x_wconf 79' lang='grc' dir='ltr'><em>Τοκιστῇ</em></span> <span class='ocrx_word' id='word_1_71' title='bbox 1286 1132 1314 1187; x_wconf 76' lang='grc' dir='ltr'><em>ἢ</em></span> <span class='ocrx_word' id='word_1_72' title='bbox 1344 1132 1693 1188; x_wconf 82' lang='grc' dir='ltr'><em>Καταψευδομένῳ</em></span> <span class='ocrx_word' id='word_1_73' title='bbox 1722 1137 1802 1176; x_wconf 85' lang='grc' dir='ltr'><em>κτλ.</em></span> 
     </span>
     <span class='ocr_line' id='line_1_15' title="bbox 249 1187 1802 1245; baseline 0.001 -14"><span class='ocrx_word' id='word_1_74' title='bbox 249 1195 286 1231; x_wconf 96' lang='grc'><em>1.</em></span> <span class='ocrx_word' id='word_1_75' title='bbox 318 1189 526 1243; x_wconf 81' lang='grc' dir='ltr'><em>άλλενχεον</em></span> <span class='ocrx_word' id='word_1_76' title='bbox 554 1193 602 1233; x_wconf 89' lang='lat' dir='ltr'><em>A.</em></span> <span class='ocrx_word' id='word_1_77' title='bbox 692 1194 729 1231; x_wconf 87' lang='lat'><em>2.</em></span> <span class='ocrx_word' id='word_1_78' title='bbox 761 1189 867 1231; x_wconf 81' lang='grc' dir='ltr'><em>αὕτω</em></span> <span class='ocrx_word' id='word_1_79' title='bbox 898 1193 982 1240; x_wconf 87' lang='grc' dir='ltr'><em>διος</em></span> <span class='ocrx_word' id='word_1_80' title='bbox 1012 1208 1055 1245; x_wconf 89' lang='grc' dir='ltr'><em>γε</em></span> <span class='ocrx_word' id='word_1_81' title='bbox 1085 1194 1133 1233; x_wconf 89' lang='lat' dir='ltr'><em>A.</em></span> <span class='ocrx_word' id='word_1_82' title='bbox 1166 1187 1263 1239; x_wconf 85' lang='grc' dir='ltr'><em>Διὸς</em></span> <span class='ocrx_word' id='word_1_83' title='bbox 1295 1191 1344 1231; x_wconf 87' lang='grc' dir='ltr'><em>σὺ</em></span> <span class='ocrx_word' id='word_1_84' title='bbox 1374 1194 1498 1232; x_wconf 93' lang='lat' dir='ltr'><strong>Dobr.</strong></span> <span class='ocrx_word' id='word_1_85' title='bbox 1538 1189 1635 1239; x_wconf 86' lang='grc' dir='ltr'><em>Διὸς</em></span> <span class='ocrx_word' id='word_1_86' title='bbox 1656 1189 1711 1230; x_wconf 79' lang='grc' dir='ltr'><em>ἔτι</em></span> <span class='ocrx_word' id='word_1_87' title='bbox 1732 1191 1802 1232; x_wconf 84' lang='lat' dir='ltr'><em>Co·</em></span> 
     </span>
     <span class='ocr_line' id='line_1_16' title="bbox 247 1246 1798 1302; baseline 0 -14"><span class='ocrx_word' id='word_1_88' title='bbox 247 1251 327 1289; x_wconf 91' lang='lat' dir='ltr'><strong>bet.</strong></span> <span class='ocrx_word' id='word_1_89' title='bbox 358 1250 410 1288; x_wconf 88' lang='lat' dir='ltr'><em>N.</em></span> <span class='ocrx_word' id='word_1_90' title='bbox 441 1250 468 1290; x_wconf 88' lang='lat'><em>1.</em></span> <span class='ocrx_word' id='word_1_91' title='bbox 503 1251 596 1289; x_wconf 83' lang='lat'><em>121.</em></span> <span class='ocrx_word' id='word_1_92' title='bbox 693 1251 730 1288; x_wconf 89' lang='lat'><em>3.</em></span> <span class='ocrx_word' id='word_1_93' title='bbox 761 1252 926 1300; x_wconf 83' lang='grc' dir='ltr'><em>θνητοις</em></span> <span class='ocrx_word' id='word_1_94' title='bbox 956 1262 1146 1288; x_wconf 86' lang='grc' dir='ltr'><em>απαντων</em></span> <span class='ocrx_word' id='word_1_95' title='bbox 1176 1251 1226 1289; x_wconf 91' lang='lat' dir='ltr'><em>A.</em></span> <span class='ocrx_word' id='word_1_96' title='bbox 1332 1246 1628 1302; x_wconf 75' lang='grc' dir='ltr'><em>χρησιμωτάτου</em></span> <span class='ocrx_word' id='word_1_97' title='bbox 1658 1247 1798 1300; x_wconf 68' lang='lat' dir='ltr'><strong>Mein]</strong></span> 
     </span>
     <span class='ocr_line' id='line_1_17' title="bbox 246 1302 1802 1360; baseline 0 -17"><span class='ocrx_word' id='word_1_98' title='bbox 246 1302 541 1358; x_wconf 80' lang='grc' dir='ltr'><em>χρησιμώτατον</em></span> <span class='ocrx_word' id='word_1_99' title='bbox 569 1306 618 1345; x_wconf 91' lang='lat' dir='ltr'><em>A.</em></span> <span class='ocrx_word' id='word_1_100' title='bbox 705 1307 744 1344; x_wconf 87' lang='lat'><em>4.</em></span> <span class='ocrx_word' id='word_1_101' title='bbox 775 1302 828 1344; x_wconf 86' lang='grc' dir='ltr'><em>α“ν</em></span> <span class='ocrx_word' id='word_1_102' title='bbox 847 1303 1009 1360; x_wconf 86' lang='lat' dir='ltr'><strong>Dindf.]</strong></span> <span class='ocrx_word' id='word_1_103' title='bbox 1040 1303 1109 1344; x_wconf 86' lang='grc' dir='ltr'><em>εἀν</em></span> <span class='ocrx_word' id='word_1_104' title='bbox 1138 1308 1174 1345; x_wconf 91' lang='grc' dir='ltr'><strong>Α</strong></span> <span class='ocrx_word' id='word_1_105' title='bbox 1205 1309 1246 1345; x_wconf 92' lang='lat' dir='ltr'><strong>et</strong></span> <span class='ocrx_word' id='word_1_106' title='bbox 1274 1308 1361 1345; x_wconf 88' lang='lat' dir='ltr'><em>tum</em></span> <span class='ocrx_word' id='word_1_107' title='bbox 1390 1320 1466 1357; x_wconf 86' lang='grc' dir='ltr'><em>εγω</em></span> <span class='ocrx_word' id='word_1_108' title='bbox 1496 1305 1786 1357; x_wconf 86' lang='grc' dir='ltr'><em>διαρραγω,ου</em></span> <span class='ocrx_word' id='word_1_109' title='bbox 1739 1317 1802 1343; x_wconf 91' lang='grc' dir='ltr'><em>ου-</em></span> 
     </span>
     <span class='ocr_line' id='line_1_18' title="bbox 247 1360 1838 1415; baseline 0 -14"><span class='ocrx_word' id='word_1_110' title='bbox 247 1363 317 1401; x_wconf 87' lang='grc' dir='ltr'><em>δεν</em></span> <span class='ocrx_word' id='word_1_111' title='bbox 345 1372 520 1414; x_wconf 86' lang='grc' dir='ltr'><em>μονησει.</em></span> <span class='ocrx_word' id='word_1_112' title='bbox 554 1375 655 1404; x_wconf 84' lang='lat' dir='ltr'><strong>corr.</strong></span> <span class='ocrx_word' id='word_1_113' title='bbox 685 1363 862 1402; x_wconf 83' lang='lat' dir='ltr'><strong>Pierson.</strong></span> <span class='ocrx_word' id='word_1_114' title='bbox 886 1364 1009 1403; x_wconf 87' lang='lat' dir='ltr'><strong>Moer.</strong></span> <span class='ocrx_word' id='word_1_115' title='bbox 1033 1364 1100 1402; x_wconf 82' lang='lat'><em>72.</em></span> <span class='ocrx_word' id='word_1_116' title='bbox 1191 1364 1231 1401; x_wconf 89' lang='grc'><em>5.</em></span> <span class='ocrx_word' id='word_1_117' title='bbox 1261 1365 1357 1401; x_wconf 86' lang='grc' dir='ltr'><em>πῖθι</em></span> <span class='ocrx_word' id='word_1_118' title='bbox 1387 1360 1568 1415; x_wconf 65' lang='lat' dir='ltr'><strong>Canten]</strong></span> <span class='ocrx_word' id='word_1_119' title='bbox 1597 1363 1731 1400; x_wconf 85' lang='grc' dir='ltr'><em>πειθει</em></span> <span class='ocrx_word' id='word_1_120' title='bbox 1750 1361 1801 1400; x_wconf 88' lang='grc' dir='ltr'><em>Α.</em></span> <span class='ocrx_word' id='word_1_121' title='bbox 1836 1398 1838 1401; x_wconf 89' lang='grc'><em>.</em></span> 
     </span>
     <span class='ocr_line' id='line_1_19' title="bbox 359 1419 1802 1469; baseline -0.001 -11"><span class='ocrx_word' id='word_1_122' title='bbox 359 1420 528 1459; x_wconf 84' lang='lat' dir='ltr'><strong>fortasse</strong></span> <span class='ocrx_word' id='word_1_123' title='bbox 559 1420 736 1459; x_wconf 88' lang='lat' dir='ltr'><strong>eiusdem</strong></span> <span class='ocrx_word' id='word_1_124' title='bbox 765 1433 957 1469; x_wconf 82' lang='lat' dir='ltr'><strong>personae</strong></span> <span class='ocrx_word' id='word_1_125' title='bbox 988 1432 1032 1459; x_wconf 86' lang='lat' dir='ltr'><em>ac</em></span> <span class='ocrx_word' id='word_1_126' title='bbox 1060 1420 1109 1458; x_wconf 86' lang='lat' dir='ltr'><em>fr.</em></span> <span class='ocrx_word' id='word_1_127' title='bbox 1129 1420 1207 1458; x_wconf 84' lang='lat'><em>231</em></span> <span class='ocrx_word' id='word_1_128' title='bbox 1231 1422 1273 1458; x_wconf 90' lang='lat' dir='ltr'><strong>et</strong></span> <span class='ocrx_word' id='word_1_129' title='bbox 1293 1420 1333 1459; x_wconf 92' lang='lat' dir='ltr'><em>in</em></span> <span class='ocrx_word' id='word_1_130' title='bbox 1351 1419 1556 1462; x_wconf 71' lang='lat' dir='ltr'><strong>‚comoedia</strong></span> <span class='ocrx_word' id='word_1_131' title='bbox 1574 1431 1655 1458; x_wconf 92' lang='lat' dir='ltr'><em>non</em></span> <span class='ocrx_word' id='word_1_132' title='bbox 1674 1419 1802 1457; x_wconf 85' lang='lat' dir='ltr'><strong>multo</strong></span> 
     </span>
    </p>
   </div>
   <div class='ocr_carea' id='block_1_7' title="bbox 245 1476 1800 1880">
    <p class='ocr_par' dir='ltr' id='par_1_7' title="bbox 245 1476 1800 1880">
     <span class='ocr_line' id='line_1_20' title="bbox 245 1476 658 1526; baseline 0 -11"><span class='ocrx_word' id='word_1_133' title='bbox 245 1478 338 1515; x_wconf 87' lang='lat' dir='ltr'><strong>ante</strong></span> <span class='ocrx_word' id='word_1_134' title='bbox 367 1476 441 1515; x_wconf 89' lang='lat' dir='ltr'><em>hoc</em></span> <span class='ocrx_word' id='word_1_135' title='bbox 470 1477 658 1526; x_wconf 90' lang='lat' dir='ltr'><strong>positum.</strong></span> 
     </span>
     <span class='ocr_line' id='line_1_21' title="bbox 979 1530 1063 1572; baseline 0.012 -1"><span class='ocrx_word' id='word_1_136' title='bbox 979 1530 1063 1572; x_wconf 82' lang='lat'><em>233</em></span> 
     </span>
     <span class='ocr_line' id='line_1_22' title="bbox 574 1606 1445 1664; baseline -0.001 -14"><span class='ocrx_word' id='word_1_137' title='bbox 574 1608 752 1658; x_wconf 86' lang='grc' dir='ltr'><em>πάντως</em></span> <span class='ocrx_word' id='word_1_138' title='bbox 782 1606 1077 1664; x_wconf 77' lang='grc' dir='ltr'><em>ἄναρίστητος</em></span> <span class='ocrx_word' id='word_1_139' title='bbox 1107 1606 1163 1650; x_wconf 83' lang='grc' dir='ltr'><em>οὐ</em></span> <span class='ocrx_word' id='word_1_140' title='bbox 1194 1609 1445 1664; x_wconf 91' lang='grc' dir='ltr'><em>δυνήσομαι</em></span> 
     </span>
     <span class='ocr_line' id='line_1_23' title="bbox 574 1674 1441 1732; baseline -0.001 -14"><span class='ocrx_word' id='word_1_141' title='bbox 574 1677 925 1732; x_wconf 82' lang='grc' dir='ltr'><em>διακαρτερῆσαι</em></span> <span class='ocrx_word' id='word_1_142' title='bbox 955 1675 1227 1732; x_wconf 81' lang='grc' dir='ltr'><em>τηλικαύτην</em></span> <span class='ocrx_word' id='word_1_143' title='bbox 1256 1674 1441 1732; x_wconf 83' lang='grc' dir='ltr'><em>ἡμέραν.</em></span> 
     </span>
     <span class='ocr_line' id='line_1_24' title="bbox 362 1761 1800 1822; baseline -0.001 -13"><span class='ocrx_word' id='word_1_144' title='bbox 362 1770 503 1810; x_wconf 82' lang='lat' dir='ltr'><strong>Suidas</strong></span> <span class='ocrx_word' id='word_1_145' title='bbox 541 1761 773 1822; x_wconf 83' lang='grc' dir='ltr'><em>ἆνάριστος·</em></span> <span class='ocrx_word' id='word_1_146' title='bbox 812 1771 960 1821; x_wconf 78' lang='grc' dir='ltr'><em>μᾶλλον</em></span> <span class='ocrx_word' id='word_1_147' title='bbox 990 1767 1032 1808; x_wconf 82' lang='grc' dir='ltr'><em>δὲ</em></span> <span class='ocrx_word' id='word_1_148' title='bbox 1060 1766 1343 1822; x_wconf 82' lang='grc' dir='ltr'><em>ἆναρίστητος.</em></span> <span class='ocrx_word' id='word_1_149' title='bbox 1362 1800 1370 1808; x_wconf 92' lang='grc'><em>.</em></span> <span class='ocrx_word' id='word_1_150' title='bbox 1390 1766 1558 1817; x_wconf 77' lang='grc' dir='ltr'><em>.”Αλεξις</em></span> <span class='ocrx_word' id='word_1_151' title='bbox 1588 1769 1800 1816; x_wconf 88' lang='grc' dir='ltr'><em>Καταψευ-</em></span> 
     </span>
     <span class='ocr_line' id='line_1_25' title="bbox 246 1824 1052 1880; baseline 0.001 -15"><span class='ocrx_word' id='word_1_152' title='bbox 246 1824 396 1880; x_wconf 79' lang='grc' dir='ltr'><em>δομένῳ</em></span> <span class='ocrx_word' id='word_1_153' title='bbox 428 1828 508 1866; x_wconf 87' lang='grc' dir='ltr'><em>κτλ.</em></span> <span class='ocrx_word' id='word_1_154' title='bbox 560 1827 608 1869; x_wconf 91' lang='lat' dir='ltr'><em>cf.</em></span> <span class='ocrx_word' id='word_1_155' title='bbox 639 1827 842 1878; x_wconf 90' lang='lat' dir='ltr'><strong>Aristoph.</strong></span> <span class='ocrx_word' id='word_1_156' title='bbox 874 1828 922 1877; x_wconf 77' lang='lat' dir='ltr'><em>fr.</em></span> <span class='ocrx_word' id='word_1_157' title='bbox 956 1828 1052 1866; x_wconf 84' lang='lat'><strong>454.</strong></span> 
     </span>
    </p>
   </div>
   <div class='ocr_carea' id='block_1_8' title="bbox 869 1938 1182 1972">
    <p class='ocr_par' dir='ltr' id='par_1_8' title="bbox 869 1938 1182 1972">
     <span class='ocr_line' id='line_1_26' title="bbox 869 1938 1182 1972; baseline 0.003 -1"><span class='ocrx_word' id='word_1_158' title='bbox 869 1938 1182 1972; x_wconf 80' lang='grc' dir='ltr'><strong>ΤΡΑΤΜΑΤΙΑΣ</strong></span> 
     </span>
    </p>
   </div>
   <div class='ocr_carea' id='block_1_9' title="bbox 466 2016 1656 2488">
    <p class='ocr_par' dir='ltr' id='par_1_9' title="bbox 466 2016 1656 2488">
     <span class='ocr_line' id='line_1_27' title="bbox 982 2016 1068 2059; baseline 0.023 -2"><span class='ocrx_word' id='word_1_159' title='bbox 982 2016 1068 2059; x_wconf 85' lang='grc'><em>234</em></span> 
     </span>
     <span class='ocr_line' id='line_1_28' title="bbox 515 2092 1566 2150; baseline 0 -14"><span class='ocrx_word' id='word_1_160' title='bbox 515 2096 581 2144; x_wconf 86' lang='grc' dir='ltr'><em>τίς</em></span> <span class='ocrx_word' id='word_1_161' title='bbox 611 2092 712 2149; x_wconf 84' lang='grc' dir='ltr'><em>οὐχὶ</em></span> <span class='ocrx_word' id='word_1_162' title='bbox 744 2094 879 2149; x_wconf 86' lang='grc' dir='ltr'><em>φήσει</em></span> <span class='ocrx_word' id='word_1_163' title='bbox 905 2092 1010 2144; x_wconf 78' lang='grc' dir='ltr'><em>τοὺς</em></span> <span class='ocrx_word' id='word_1_164' title='bbox 1042 2095 1240 2150; x_wconf 75' lang='grc' dir='ltr'><em>ἐρῶντας</em></span> <span class='ocrx_word' id='word_1_165' title='bbox 1269 2096 1347 2148; x_wconf 83' lang='grc' dir='ltr'><em>ζῆν</em></span> <span class='ocrx_word' id='word_1_166' title='bbox 1376 2095 1566 2148; x_wconf 84' lang='grc' dir='ltr'><em>μόνους;</em></span> 
     </span>
     <span class='ocr_line' id='line_1_29' title="bbox 520 2161 1551 2218; baseline -0.001 -14"><span class='ocrx_word' id='word_1_167' title='bbox 520 2163 562 2204; x_wconf 85' lang='grc' dir='ltr'><em>εἰ</em></span> <span class='ocrx_word' id='word_1_168' title='bbox 588 2162 660 2204; x_wconf 88' lang='grc' dir='ltr'><em>δεῖ</em></span> <span class='ocrx_word' id='word_1_169' title='bbox 684 2176 736 2216; x_wconf 86' lang='grc' dir='ltr'><em>γε</em></span> <span class='ocrx_word' id='word_1_170' title='bbox 765 2164 946 2217; x_wconf 75' lang='grc' dir='ltr'><em>πρῶτον</em></span> <span class='ocrx_word' id='word_1_171' title='bbox 975 2162 1058 2218; x_wconf 81' lang='grc' dir='ltr'><em>μὲν</em></span> <span class='ocrx_word' id='word_1_172' title='bbox 1088 2161 1551 2215; x_wconf 86' lang='grc' dir='ltr'><em>στρατευτικωτάτους</em></span> 
     </span>
     <span class='ocr_line' id='line_1_30' title="bbox 519 2227 1588 2285; baseline -0.001 -13"><span class='ocrx_word' id='word_1_173' title='bbox 519 2227 656 2284; x_wconf 81' lang='grc' dir='ltr'><em>εἶναι,</em></span> <span class='ocrx_word' id='word_1_174' title='bbox 687 2236 847 2271; x_wconf 88' lang='grc' dir='ltr'><em>πονεῖν</em></span> <span class='ocrx_word' id='word_1_175' title='bbox 876 2245 923 2272; x_wconf 90' lang='grc' dir='ltr'><em>τε</em></span> <span class='ocrx_word' id='word_1_176' title='bbox 953 2230 1234 2285; x_wconf 83' lang='grc' dir='ltr'><em>δυναμένους</em></span> <span class='ocrx_word' id='word_1_177' title='bbox 1262 2235 1356 2279; x_wconf 89' lang='grc' dir='ltr'><em>τοῖς</em></span> <span class='ocrx_word' id='word_1_178' title='bbox 1385 2229 1588 2285; x_wconf 79' lang='grc' dir='ltr'><em>σώμασιν</em></span> 
     </span>
     <span class='ocr_line' id='line_1_31' title="bbox 519 2295 1656 2353; baseline 0 -14"><span class='ocrx_word' id='word_1_179' title='bbox 519 2299 733 2353; x_wconf 84' lang='grc' dir='ltr'><em>μάλιστα,</em></span> <span class='ocrx_word' id='word_1_180' title='bbox 766 2296 1088 2353; x_wconf 85' lang='grc' dir='ltr'><em>προσεδρεύειν</em></span> <span class='ocrx_word' id='word_1_181' title='bbox 1119 2295 1158 2340; x_wconf 85' lang='grc' dir='ltr'><em>τ’</em></span> <span class='ocrx_word' id='word_1_182' title='bbox 1182 2295 1393 2352; x_wconf 82' lang='grc' dir='ltr'><em>ἀρίστους</em></span> <span class='ocrx_word' id='word_1_183' title='bbox 1421 2299 1482 2353; x_wconf 77' lang='grc' dir='ltr'><em>τῷ</em></span> <span class='ocrx_word' id='word_1_184' title='bbox 1512 2297 1656 2353; x_wconf 77' lang='grc' dir='ltr'><em>πόθῳ,</em></span> 
     </span>
     <span class='ocr_line' id='line_1_32' title="bbox 466 2363 1614 2421; baseline 0 -15"><span class='ocrx_word' id='word_1_185' title='bbox 466 2375 486 2406; x_wconf 83' lang='lat'><strong>5</strong></span> <span class='ocrx_word' id='word_1_186' title='bbox 518 2364 801 2420; x_wconf 83' lang='grc' dir='ltr'><em>ποιητικούς,</em></span> <span class='ocrx_word' id='word_1_187' title='bbox 834 2367 1038 2420; x_wconf 84' lang='grc' dir='ltr'><em>ἰταμούς,</em></span> <span class='ocrx_word' id='word_1_188' title='bbox 1069 2365 1359 2421; x_wconf 86' lang='grc' dir='ltr'><em>προθύμους,</em></span> <span class='ocrx_word' id='word_1_189' title='bbox 1391 2363 1614 2419; x_wconf 80' lang='grc' dir='ltr'><em>εὐπόρους</em></span> 
     </span>
     <span class='ocr_line' id='line_1_33' title="bbox 521 2431 1555 2488; baseline -0.002 -12"><span class='ocrx_word' id='word_1_190' title='bbox 521 2433 572 2476; x_wconf 80' lang='grc' dir='ltr'><em>ἐν</em></span> <span class='ocrx_word' id='word_1_191' title='bbox 600 2440 692 2483; x_wconf 90' lang='grc' dir='ltr'><em>τοῖς</em></span> <span class='ocrx_word' id='word_1_192' title='bbox 721 2431 931 2488; x_wconf 81' lang='grc' dir='ltr'><em>ἀπόροις,</em></span> <span class='ocrx_word' id='word_1_193' title='bbox 962 2433 1209 2488; x_wconf 85' lang='grc' dir='ltr'><em>βλέποντας</em></span> <span class='ocrx_word' id='word_1_194' title='bbox 1234 2431 1555 2482; x_wconf 80' lang='grc' dir='ltr'><em>ἀθλιωτάτους.</em></span> 
     </span>
    </p>
   </div>
   <div class='ocr_carea' id='block_1_10' title="bbox 247 2520 1822 2901">
    <p class='ocr_par' dir='ltr' id='par_1_10' title="bbox 247 2520 1822 2801">
     <span class='ocr_line' id='line_1_34' title="bbox 359 2520 1798 2593; baseline -0.002 -27"><span class='ocrx_word' id='word_1_195' title='bbox 359 2528 588 2567; x_wconf 80' lang='lat' dir='ltr'><strong>Athenaeus</strong></span> <span class='ocrx_word' id='word_1_196' title='bbox 621 2528 690 2576; x_wconf 88' lang='grc'><em>13,</em></span> <span class='ocrx_word' id='word_1_197' title='bbox 714 2527 830 2566; x_wconf 82' lang='lat' dir='ltr'><em>562f</em></span> <span class='ocrx_word' id='word_1_198' title='bbox 865 2523 886 2565; x_wconf 88' lang='lat'><em>6</em></span> <span class='ocrx_word' id='word_1_199' title='bbox 926 2524 965 2565; x_wconf 78' lang='grc' dir='ltr'><em>δ’</em></span> <span class='ocrx_word' id='word_1_200' title='bbox 996 2523 1115 2574; x_wconf 77' lang='grc' dir='ltr'><em>αὐτὸς</em></span> <span class='ocrx_word' id='word_1_201' title='bbox 1155 2520 1269 2573; x_wconf 79' lang='grc' dir='ltr'><em>οὗτος</em></span> <span class='ocrx_word' id='word_1_202' title='bbox 1308 2522 1473 2593; x_wconf 76' lang='grc' dir='ltr'><em>ποιητης</em></span> <span class='ocrx_word' id='word_1_203' title='bbox 1503 2539 1570 2563; x_wconf 87' lang='grc' dir='ltr'><em>και</em></span> <span class='ocrx_word' id='word_1_204' title='bbox 1598 2521 1689 2576; x_wconf 83' lang='grc' dir='ltr'><em>περὶ</em></span> <span class='ocrx_word' id='word_1_205' title='bbox 1717 2528 1798 2563; x_wconf 81' lang='grc' dir='ltr'><em>τῶν</em></span> 
     </span>
     <span class='ocr_line' id='line_1_35' title="bbox 248 2572 1822 2653; baseline -0.003 -30"><span class='ocrx_word' id='word_1_206' title='bbox 248 2582 430 2653; x_wconf 78' lang='grc' dir='ltr'><em>ἐρώντων</em></span> <span class='ocrx_word' id='word_1_207' title='bbox 459 2582 503 2622; x_wconf 79' lang='grc' dir='ltr'><em>ἐν</em></span> <span class='ocrx_word' id='word_1_208' title='bbox 533 2585 585 2638; x_wconf 79' lang='grc' dir='ltr'><em>τῷ</em></span> <span class='ocrx_word' id='word_1_209' title='bbox 615 2581 916 2638; x_wconf 81' lang='grc' dir='ltr'><em>ἔπιγραφομένω</em></span> <span class='ocrx_word' id='word_1_210' title='bbox 945 2582 1173 2636; x_wconf 88' lang='grc' dir='ltr'><em>Τραυματία</em></span> <span class='ocrx_word' id='word_1_211' title='bbox 1193 2580 1328 2633; x_wconf 84' lang='grc' dir='ltr'><em>φησὶν</em></span> <span class='ocrx_word' id='word_1_212' title='bbox 1357 2579 1483 2628; x_wconf 76' lang='grc' dir='ltr'><em>οὕτως</em></span> <span class='ocrx_word' id='word_1_213' title='bbox 1513 2581 1594 2621; x_wconf 81' lang='grc' dir='ltr'><em>κτλ.</em></span> <span class='ocrx_word' id='word_1_214' title='bbox 1635 2578 1656 2619; x_wconf 87' lang='grc' dir='ltr'>ὁ</span> <span class='ocrx_word' id='word_1_215' title='bbox 1677 2572 1796 2627; x_wconf 74' lang='grc' dir='ltr'><em>αὐτὸς</em></span> <span class='ocrx_word' id='word_1_216' title='bbox 1819 2607 1822 2611; x_wconf 83' lang='lat'><em>-</em></span> 
     </span>
     <span class='ocr_line' id='line_1_36' title="bbox 247 2637 1796 2690; baseline -0.002 -11"><span class='ocrx_word' id='word_1_217' title='bbox 247 2654 364 2687; x_wconf 85' lang='grc' dir='ltr'><em>ουτος</em></span> <span class='ocrx_word' id='word_1_218' title='bbox 394 2639 558 2690; x_wconf 86' lang='grc' dir='ltr'><em>ποιητής</em></span> <span class='ocrx_word' id='word_1_219' title='bbox 588 2640 630 2678; x_wconf 89' lang='lat' dir='ltr'><em>in</em></span> <span class='ocrx_word' id='word_1_220' title='bbox 650 2640 846 2679; x_wconf 74' lang='lat' dir='ltr'><em>Athenaei</em></span> <span class='ocrx_word' id='word_1_221' title='bbox 877 2642 1052 2680; x_wconf 81' lang='lat' dir='ltr'><strong>oratione</strong></span> <span class='ocrx_word' id='word_1_222' title='bbox 1073 2640 1290 2680; x_wconf 85' lang='lat' dir='ltr'><strong>necessario</strong></span> <span class='ocrx_word' id='word_1_223' title='bbox 1321 2642 1380 2678; x_wconf 88' lang='lat' dir='ltr'><strong>est</strong></span> <span class='ocrx_word' id='word_1_224' title='bbox 1400 2638 1654 2688; x_wconf 86' lang='lat' dir='ltr'><strong>Chaeremon,</strong></span> <span class='ocrx_word' id='word_1_225' title='bbox 1686 2637 1796 2676; x_wconf 79' lang='lat' dir='ltr'><strong>cuius</strong></span> 
     </span>
     <span class='ocr_line' id='line_1_37' title="bbox 248 2693 1796 2748; baseline -0.003 -12"><span class='ocrx_word' id='word_1_226' title='bbox 248 2699 426 2748; x_wconf 86' lang='lat' dir='ltr'><strong>eclogam</strong></span> <span class='ocrx_word' id='word_1_227' title='bbox 457 2698 592 2747; x_wconf 81' lang='lat' dir='ltr'><strong>paullo</strong></span> <span class='ocrx_word' id='word_1_228' title='bbox 623 2699 715 2735; x_wconf 82' lang='lat' dir='ltr'><strong>ante</strong></span> <span class='ocrx_word' id='word_1_229' title='bbox 746 2697 1015 2747; x_wconf 75' lang='lat' dir='ltr'><strong>exscripserat.</strong></span> <span class='ocrx_word' id='word_1_230' title='bbox 1077 2699 1251 2736; x_wconf 75' lang='lat' dir='ltr'><strong>attamen</strong></span> <span class='ocrx_word' id='word_1_231' title='bbox 1270 2695 1478 2734; x_wconf 79' lang='lat' dir='ltr'><strong>Alexidem</strong></span> <span class='ocrx_word' id='word_1_232' title='bbox 1507 2696 1708 2734; x_wconf 82' lang='lat' dir='ltr'><strong>auctorem</strong></span> <span class='ocrx_word' id='word_1_233' title='bbox 1727 2693 1796 2732; x_wconf 89' lang='lat' dir='ltr'><em>ho-</em></span> 
     </span>
     <span class='ocr_line' id='line_1_38' title="bbox 247 2752 1469 2801; baseline -0.002 -9"><span class='ocrx_word' id='word_1_234' title='bbox 247 2768 335 2792; x_wconf 90' lang='lat' dir='ltr'><em>rum</em></span> <span class='ocrx_word' id='word_1_235' title='bbox 365 2767 552 2794; x_wconf 87' lang='lat' dir='ltr'><strong>versuum</strong></span> <span class='ocrx_word' id='word_1_236' title='bbox 583 2765 666 2792; x_wconf 83' lang='lat' dir='ltr'><strong>esse</strong></span> <span class='ocrx_word' id='word_1_237' title='bbox 698 2753 984 2793; x_wconf 87' lang='lat' dir='ltr'><strong>demonstravit</strong></span> <span class='ocrx_word' id='word_1_238' title='bbox 1013 2753 1231 2792; x_wconf 85' lang='lat' dir='ltr'><strong>Meinekius</strong></span> <span class='ocrx_word' id='word_1_239' title='bbox 1261 2752 1281 2790; x_wconf 95' lang='lat' dir='ltr'>I</span> <span class='ocrx_word' id='word_1_240' title='bbox 1311 2752 1391 2790; x_wconf 85' lang='lat'><em>519</em></span> <span class='ocrx_word' id='word_1_241' title='bbox 1409 2764 1469 2801; x_wconf 86' lang='lat' dir='ltr'><em>sq.</em></span> 
     </span>
    </p>

    <p class='ocr_par' dir='ltr' id='par_1_11' title="bbox 363 2806 1794 2901">
     <span class='ocr_line' id='line_1_39' title="bbox 363 2806 1794 2901; baseline -0.002 -53"><span class='ocrx_word' id='word_1_242' title='bbox 363 2812 400 2848; x_wconf 94' lang='lat'><em>1.</em></span> <span class='ocrx_word' id='word_1_243' title='bbox 430 2808 578 2859; x_wconf 87' lang='grc' dir='ltr'><em>μόνους</em></span> <span class='ocrx_word' id='word_1_244' title='bbox 608 2811 751 2859; x_wconf 85' lang='lat' dir='ltr'><strong>poetae</strong></span> <span class='ocrx_word' id='word_1_245' title='bbox 781 2822 864 2848; x_wconf 89' lang='lat' dir='ltr'><strong>esse</strong></span> <span class='ocrx_word' id='word_1_246' title='bbox 894 2822 976 2848; x_wconf 89' lang='lat' dir='ltr'><em>non</em></span> <span class='ocrx_word' id='word_1_247' title='bbox 1006 2811 1149 2860; x_wconf 87' lang='lat' dir='ltr'><strong>potest,</strong></span> <span class='ocrx_word' id='word_1_248' title='bbox 1181 2822 1269 2848; x_wconf 89' lang='lat' dir='ltr'><em>cum</em></span> <span class='ocrx_word' id='word_1_249' title='bbox 1300 2811 1477 2847; x_wconf 85' lang='lat' dir='ltr'><strong>amantes</strong></span> <span class='ocrx_word' id='word_1_250' title='bbox 1506 2819 1642 2846; x_wconf 74' lang='lat' dir='ltr'><strong>mwere</strong></span> <span class='ocrx_word' id='word_1_251' title='bbox 1664 2806 1794 2901; x_wconf 71' lang='lat' dir='ltr'><strong>vi2vere</strong></span> 
     </span>
    </p>
   </div>
   <div class='ocr_carea' id='block_1_11' title="bbox 248 2859 1798 2916">
    <p class='ocr_par' dir='ltr' id='par_1_12' title="bbox 248 2859 1798 2916">
     <span class='ocr_line' id='line_1_40' title="bbox 248 2859 1798 2916; baseline -0.003 -11"><span class='ocrx_word' id='word_1_252' title='bbox 248 2866 363 2905; x_wconf 86' lang='lat' dir='ltr'><strong>dicat.</strong></span> <span class='ocrx_word' id='word_1_253' title='bbox 412 2867 529 2905; x_wconf 83' lang='lat' dir='ltr'><strong>scrib.</strong></span> <span class='ocrx_word' id='word_1_254' title='bbox 561 2866 632 2916; x_wconf 82' lang='grc' dir='ltr'><em>ζῆν</em></span> <span class='ocrx_word' id='word_1_255' title='bbox 661 2861 856 2916; x_wconf 85' lang='grc' dir='ltr'><em>πόνοις,</em></span> <span class='ocrx_word' id='word_1_256' title='bbox 887 2868 933 2904; x_wconf 90' lang='lat' dir='ltr'><em>ut</em></span> <span class='ocrx_word' id='word_1_257' title='bbox 961 2865 1140 2905; x_wconf 88' lang='lat' dir='ltr'><strong>Pherecr.</strong></span> <span class='ocrx_word' id='word_1_258' title='bbox 1179 2866 1228 2903; x_wconf 89' lang='lat'><em>13</em></span> <span class='ocrx_word' id='word_1_259' title='bbox 1259 2859 1491 2916; x_wconf 87' lang='grc' dir='ltr'><em>στραβήλοις</em></span> <span class='ocrx_word' id='word_1_260' title='bbox 1522 2864 1605 2913; x_wconf 82' lang='grc' dir='ltr'><em>ζῆν.</em></span> <span class='ocrx_word' id='word_1_261' title='bbox 1692 2863 1729 2904; x_wconf 83' lang='grc'><em>2.</em></span> <span class='ocrx_word' id='word_1_262' title='bbox 1761 2861 1798 2901; x_wconf 85' lang='grc' dir='ltr'><em>εἰ</em></span> 
     </span>
    </p>
   </div>
  </div>
 </body>
</html>
