1864 3204
591 181 836 216 ΕΜΠΟΡΟΣ
859 199 901 205 -
929 181 1132 217 solmon
1554 178 1640 222 485

829 281 886 325 25

347 363 529 416 στρῶμα
559 361 771 418 μηλωτήν
801 357 840 404 τ’
865 362 967 416 ἔχει.

186 443 330 485 Pollux
363 446 537 492 1Ο,176
577 443 704 492 εἴποις
741 439 782 483 δ’
811 458 863 482 αν
900 441 967 482 καὶ
1005 438 1191 495 μηλωτὴν
1229 435 1301 494 τὴν
1331 444 1400 482 τοῦ
1435 439 1639 495 προβάτου

71 498 212 550 δορᾶν,
243 499 468 551 Φιλήμονος
498 498 675 548 εἰπόντος
707 498 752 540 ἐν
781 494 947 554 Εὐρίπῳ
977 502 1056 540 κτλ.
1115 500 1282 540 Photius
1313 501 1406 549 265,
1430 502 1482 540 26
1512 502 1637 551 μῆλα

71 552 202 596 πάντα
232 554 279 596 τὰ
310 556 549 622 τετράποδα·
579 554 678 597 ὁθεν
708 572 776 597 και
806 562 916 596 πᾶσα
945 556 1077 626 βύρσα
1106 555 1301 608 μηλωτὴ
1332 559 1519 597 καλεῖται.
1556 557 1636 596 He-

27 647 31 653 .
71 614 276 655 rodim.1
307 615 401 663 343,
426 616 478 654 27
509 607 553 653 τὸ
580 612 715 667 μέντοι
743 610 922 666 μηλωτή.
942 610 1159 662 .ὀξύνεται.

721 736 989 772 ΕΦΕΔΡΙΤΑΙ

181 814 442 871 Ἐφεδρισταί
476 820 539 860 vel
569 815 864 871 Ἐφεδρίζοντες
904 816 975 871 (cf.
1007 819 1054 858 sr.
1085 817 1161 870 27)
1202 818 1423 857 Meinekius
1454 817 1535 857 IIII
1570 820 1634 866 10,

73 876 100 916 i.
123 889 157 915 ο.
190 876 371 916 homines
403 873 644 929 ε’φεδρισμόν
671 877 867 916 ludentes.
917 876 968 916 cf.
1003 876 1104 915 Poll.
1138 877 1293 926 9,119.
1355 874 1528 926 Hesych.
1569 871 1636 924 ἔφ-

69 930 235 986 εδρίζειν
263 935 304 973 et
333 930 636 986 ἐφεδριστῆρας·
668 927 758 980 τοὺς
789 930 1111 983 ἐπικαθημένους
1143 930 1185 971 ἕν
1206 937 1254 986 τῇ
1273 929 1458 986 εἰρημένῃ
1477 930 1635 985 παιδιᾷ.

826 1043 881 1086 26

360 1123 634 1179 σκιμπόδιον
664 1118 819 1167 ἓνκαὶ
850 1122 1018 1166 κώδιον
1048 1122 1123 1165 καὶ
1154 1122 1344 1173 ψιάθιον

359 1194 467 1242 ἴσως
496 1194 728 1247 παλαστῆς

180 1274 348 1315 Photius
384 1273 586 1326 παλαστή·
625 1276 817 1325 θηλυκῶς
841 1305 850 1315 .
870 1305 906 1315 ..
934 1270 1128 1325 Φιλήμων
1158 1269 1405 1325 Ἐφεδρίταις
1442 1275 1523 1311 κτλ.
1584 1274 1633 1313 cf.

0 1380 2 1383 Ι
69 1330 220 1371 Cratin.
246 1333 339 1372 133.

820 1385 873 1427 27

308 1464 504 1520 χαλεπὸν
533 1462 584 1508 τὸ
614 1471 775 1519 ποιεῖν,
807 1460 857 1506 τὸ
888 1463 937 1506 δὲ
969 1466 1182 1506 κελεῦσαι
1213 1462 1389 1520 ῥᾴδιον.

183 1547 379 1587 Stobaeus
410 1548 546 1588 Floril.
580 1549 679 1599 114,
702 1549 726 1586 2
765 1542 987 1598 Φιλήμονος
1018 1544 1055 1594 ἐξ
1080 1541 1398 1598 Ἐφεδριζόντων
1428 1545 1477 1584 A.
1566 1558 1630 1583 κε-

68 1601 226 1658 λεῦσαι]
257 1602 324 1643 καὶ
352 1607 489 1643 λεῦσαι
519 1606 567 1645 Α.

748 1681 952 1716 ΕΦΗΒΟΣ

819 1760 875 1803 28

297 1838 353 1883 οὐ
381 1848 474 1891 τοῖς
503 1840 690 1883 πλέουσι
719 1839 803 1896 τὴν
831 1838 1064 1882 θάλατταν
1092 1841 1264 1894 γίνεται

297 1908 476 1964 μόνοισι
506 1909 688 1964 χειμών,
720 1901 779 1958 ὧς
808 1908 971 1962 ἔοικεν,
1002 1905 1118 1951 ἀλλὰ
1150 1907 1226 1949 καὶ

297 1985 389 2027 τοῖς
418 1978 721 2031 περιπατοῦσί
745 1990 858 2030 που,
890 1972 1062 2032 Λάχης,
1096 1974 1147 2018 ἐν
1176 1978 1230 2031 τῇ
1262 1976 1397 2030 στοᾷ,

298 2046 373 2088 καὶ
402 2052 494 2095 τοῖς
522 2045 741 2100 μένουσιν
771 2044 908 2087 ἔνδον
940 2044 991 2087 ἐν
1021 2051 1118 2094 ταῖς
1147 2044 1322 2094 οἰκίαις.

246 2123 268 2154 5
298 2114 370 2168 χοί
396 2113 478 2168 μὲν
510 2114 720 2163 πλέοντες
753 2111 896 2155 ἐνιόθ’
919 2109 1091 2168 ἡμέραν
1121 2114 1228 2166 μίαν

295 2177 324 2236 ἢ
353 2182 496 2223 νύκτα
527 2181 845 2236 χειμασθέντες
876 2178 954 2223 εἶτ’
981 2179 1030 2222 ἐκ
1062 2182 1142 2222 τοῦ
1173 2182 1318 2221 κακοῦ

298 2251 519 2304 σωτηρίας
550 2247 788 2303 ἐπέτυχον·
820 2246 848 2303 ἢ
878 2246 927 2290 τὸ
960 2251 1140 2303 πνεῦμα
1170 2245 1256 2301 γὰρ

298 2314 463 2366 αὐτοὺς
492 2314 542 2358 τὸ
572 2318 714 2372 σῷζον
742 2309 854 2370 ἧκεν
882 2311 912 2369 ἦ
938 2311 1077 2371 ’φάνη
1109 2314 1256 2370 λιμήν.

300 2384 398 2438 ἐμοὶ
429 2383 478 2427 δὲ
508 2381 632 2426 τοῦτ’
654 2382 737 2426 οὐκ
768 2384 910 2426 ἔστιν·
945 2380 1027 2424 οὐκ
1059 2383 1123 2433 εἰς
1150 2380 1326 2437 ἡμέραν

230 2461 272 2493 10
302 2451 559 2506 χειμάζομαι
588 2454 697 2505 μίαν
726 2450 835 2505 γάρ,
868 2451 930 2500 εἰς
958 2449 1009 2493 τὰ
1040 2452 1120 2505 ζῆν
1150 2448 1193 2492 δ’
1218 2448 1344 2504 ὅλον,

298 2517 369 2561 ἀεὶ
398 2518 449 2561 τὸ
479 2521 724 2562 λυπεῖσθαι
755 2518 804 2560 δὲ
833 2521 983 2574 μεῖζον
1012 2519 1198 2572 γίνεται.

180 2614 375 2653 Stobaeus
405 2612 544 2652 Floril.
567 2614 634 2662 98,
652 2613 707 2651 20
739 2608 967 2663 Φιλήμονος
993 2608 1159 2664 Ἐφήβῳ
1190 2611 1238 2650 Α.
1320 2613 1357 2650 7.
1389 2626 1414 2661 η
1446 2607 1508 2662 τὸ]
1539 2623 1627 2660 ητοι

65 2670 218 2710 Nauck.
293 2672 331 2712 8.
363 2663 461 2720 ἧκεν
488 2665 517 2719 ἢ
543 2664 667 2719 ’φάνη
698 2669 824 2708 Koen.
858 2668 978 2719 Greg
1001 2668 1091 2708 Cor.
1112 2682 1152 2719 p.
1170 2665 1267 2720 146]
1297 2664 1325 2717 ἢ
1354 2665 1453 2718 μένη
1484 2662 1627 2715 ἐφάνη.

63 2723 190 2777 ἡμέρα
211 2721 341 2776 ἐφάνη
361 2726 410 2765 A.
440 2719 615 2776 ἦλθεν“
587 2740 613 2776 η
636 2723 766 2774 ἐφάνη
788 2725 955 2765 Salmas.
1034 2727 1099 2764 10.
1131 2721 1226 2763 ὅλον
1252 2726 1259 2771 1
1284 2720 1362 2775 ἀεί,
1393 2720 1440 2763 τὸ
1473 2725 1553 2761 κτλ.
1577 2722 1625 2762 Κ.

182 2785 220 2822 5.
246 2782 341 2823 Hor.
364 2782 450 2822 Sat.
475 2784 596 2832 1,1,7
627 2783 744 2822 horae
772 2785 962 2822 momento
993 2783 1069 2821 cita
1099 2794 1203 2821 mors
1232 2782 1335 2820 venit
1363 2784 1434 2820 aut
1463 2781 1624 2820 victoria

65 2841 178 2880 laeta.
