1806 3216
563 164 848 199 ΠΔΡΔΣΙΤΟΣ
871 181 914 191 --
941 164 1109 200 n‘rPPA
1534 164 1618 207 563

257 262 362 308 τόδε
391 260 454 318 δ’,
485 261 546 315 ὥς
575 264 716 319 ἔοικε,
743 263 798 325 ’τὸ
826 265 957 321 γένος
987 262 1140 322 ὥσπερ
1169 266 1337 322 θηρίον

255 330 501 388 ἐπίβουλόν
531 332 625 376 ἐστι
656 334 711 389 τῇ
741 333 877 388 φύσει
907 332 983 376 καὶ
1012 335 1257 389 πανταχοῦ.

204 408 226 440 ὓ
257 398 460 443 ἐνταῦθα
489 403 604 456 γοῦν
635 402 758 444 ἔστιν
790 416 855 451 τις
884 398 1274 457 ὑπερηκοντικώς,

258 467 403 523 κόμην
433 467 613 524 τρέφων
641 468 727 523 μὲν
757 471 938 524 πρῶτον
971 468 1100 525 ἱερὰν
1129 469 1211 512 τοῦ
1238 471 1374 525 θεοῦ,

255 533 316 585 ὥς
345 548 507 591 φησιν·
540 533 597 579 οὐ
627 535 702 581 διά
732 537 865 581 τοῦτό
894 535 955 592 γ’,
988 534 1080 580 ἀλλ’
1115 537 1371 593 ἐστιγμένος

254 600 343 659 πρὸ
373 605 457 646 τοῦ
485 603 694 659 μετώπου
724 603 1034 660 παραπέτασμ’
1067 603 1212 661 αὐτὴν
1242 607 1344 661 ἔχει.

254 664 387 722 οὗτος
416 671 698 727 ἀποκρίνετ’,
732 672 791 718 ἂν
822 673 1052 729 ἐρωτήσῃς
1082 673 1252 716 επόσου

181 749 224 781 ιο
254 738 278 782 ὁ
309 739 518 796 λάβραξ;’
552 739 661 784 (δέκ’
686 739 878 796 ὀβολῶν’
910 739 1010 797 οὐχὶ
1040 740 1258 796 προσθεὶς
1286 741 1544 788 ὁποδαπῶν.

254 807 390 851 ἔπειτ’
425 807 505 852 ἐὰν
534 807 782 865 τάργύριον
812 807 933 866 αὐτῷ
963 810 1239 866 καταβάλῃς,

256 874 467 932 ἐπράξατ’
499 877 758 932 Αἰγιναῖον·
791 873 850 919 ἂν
880 875 922 919 δ’
954 870 1096 920 αὐτὸν
1125 877 1205 934 δέῃ

257 943 439 1000 κέρματ’
472 944 750 1000 ἀποδοῦναι,
781 946 1136 1000 προσαπέδωκεν
1162 943 1349 989 Ἀττικά.

259 1011 359 1055 κατ’
393 1011 628 1070 ἀμφότερα
658 1012 707 1056 δὲ
738 1010 822 1068 τήν
851 1011 1157 1069 καταλλαγὴν
1170 1015 1273 1070 ἔχει.

165 1118 394 1159 Athenaeus
426 1121 464 1171 6,
497 1120 614 1158 225a
648 1117 817 1167 Δίφιλος
850 1117 1162 1186 Πολυπράγμονι
1190 1122 1271 1159 κτλ..
1361 1122 1397 1159 2.
1424 1116 1616 1172 Ἀθήνηι-

52 1186 121 1215 σιν
149 1176 200 1215 A.
309 1179 347 1215 3.
379 1150 466 1215 τόδε
505 1170 548 1215 δ’
580 1175 822 1227 Schweigh]
857 1173 900 1214 τὸ
930 1171 971 1213 δ’
1004 1177 1055 1215 A.
1105 1176 1198 1216 fort.
1230 1173 1273 1215 τὸ
1309 1174 1421 1228 γένος
1461 1175 1542 1216 ἐστὶ
1571 1192 1591 1216 τ

50 1231 172 1283 φύσει
197 1236 204 1283 Ι
231 1226 487 1284 ἐπίβουλον
447 1228 595 1329 5ω’σπιερ
615 1231 771 1284 θηρίων
792 1230 915 1285 (hoe
905 1245 982 1271 lam
1003 1232 1234 1272 Wakefield.
1251 1233 1350 1273 Silv.
1367 1236 1457 1274 crit.
1480 1235 1521 1274 II
1544 1236 1594 1274 91

50 1286 330 1341 ἁπανταχοῦ.
477 1287 601 1328 ,ἔστι
631 1289 681 1328 A.
801 1291 839 1328 7.
870 1302 914 1341 γε
943 1289 994 1328 Α.
1046 1286 1088 1327 δ’
1131 1290 1251 1329 Mein.
1283 1290 1361 1330 An.
1393 1291 1488 1334 Ath.
1524 1293 1618 1331 127.

55 1348 120 1387 10.
151 1344 343 1398 προσθεὶς
372 1339 485 1385 ὃποδ
518 1342 769 1410 Schweigh]
792 1343 1020 1398 προσθήσω
1049 1345 1138 1385 ποδ.
1169 1347 1220 1385 A.
1310 1349 1375 1388 11.
1408 1340 1478 1386 {av
1506 1348 1616 1388 Pors.

49 1403 156 1444 Adv.
189 1401 262 1456 50]
299 1418 353 1442 αν
382 1403 434 1443 Α.
556 1404 620 1441 12.
667 1399 1016 1454 ε’πρᾰξαταιγινεον
1060 1406 1101 1443 et
1144 1401 1215 1454 δέη
1253 1403 1303 1443 A.
1423 1406 1487 1445 13.
1518 1418 1618 1454 πως,

49 1455 259 1503 ἀπέδωκεν
279 1461 457 1500 Botbius.
506 1455 661 1498 Ἀττικά
692 1459 740 1499 Ο.
759 1460 928 1499 Mueller
958 1459 1103 1511 Aegin.
1126 1457 1198 1513 89]
1228 1456 1390 1508 ἆττικᾶς
1420 1462 1470 1502 Α.
1554 1463 1617 1500 14.

50 1514 114 1569 δὲ]
146 1514 208 1567 δὴ
239 1517 289 1556 Κ.
339 1513 429 1555 κατ’
462 1511 654 1568 ἀμφότερ’
688 1509 766 1555 ὦδε
797 1516 1337 1559 Iacobs.Add.Ath.127.

167 1587 207 1625 6.
238 1585 286 1624 de
316 1598 425 1624 more
456 1597 607 1624 comam
646 1584 729 1623 deis
758 1585 892 1623 alendi
925 1585 1184 1624 Schoemann.
1215 1584 1309 1625 Ant.
1340 1583 1420 1636 gr.²
1451 1586 1492 1625 II
1521 1587 1616 1626 206.

53 1641 180 1682 Cobet
208 1642 355 1681 Mnem.
377 1654 469 1681 nov.
488 1641 522 1676 V
548 1642 627 1679 142
658 1641 813 1680 confert
843 1641 982 1682 Liban.
1003 1641 1045 1679 II
1076 1643 1141 1689 68,
1162 1643 1214 1681 29
1237 1638 1259 1679 ὁ
1289 1643 1549 1694 στιγματίας.

51 1701 141 1746 ταῖς
170 1694 271 1748 ὑπὲρ
302 1697 371 1737 τοῦ
401 1694 584 1746 μετώπου
613 1695 814 1749 θριξὶν..
841 1696 1132 1749 σ.υγκαλυ’ψας
1169 1695 1372 1745 τουνειδος
1407 1696 1532 1754 γελώη
1562 1714 1616 1738 αν

51 1751 107 1803 ὥς
146 1753 197 1805 δή
239 1751 312 1794 οὐκ
351 1752 588 1822 ἐστιγμένος.
680 1755 742 1794 12.
772 1754 874 1794 Poll.
906 1756 951 1804 9,
985 1756 1036 1795 76
1075 1752 1149 1805 τὴν
1179 1754 1396 1806 Αἰγιναίαν
1433 1740 1617 1807 δραχμὴν

50 1813 168 1864 μείζω
197 1813 267 1862 τῆς
293 1808 471 1863 Ἀττικῆς
502 1805 630 1850 οὖσαν
651 1807 767 1864 (δέκα
796 1808 872 1863 γὰρ
902 1806 1068 1863 ὀβολοὺς
1086 1807 1286 1858 Ἀττικοὺς
1317 1810 1408 1863 ισχι
1409 1811 1474 1867 εν)
1492 1809 1615 1863 Ἀθη-

52 1872 160 1908 ναῖοι
195 1871 367 1920 παχεῖαν
404 1866 588 1919 δραχμὴν
619 1864 802 1906 ἐκάλουν.
863 1868 1067 1907 simillime
1105 1868 1224 1907 hodie
1255 1867 1394 1909 Graeci
1424 1870 1619 1921 quidquid

53 1927 110 1966 eis
140 1926 310 1966 debetur
340 1926 488 1966 francis
516 1925 672 1977 gallicis
692 1925 843 1964 exsolvi
873 1925 1037 1974 iubent·
1069 1925 1102 1963 si
1132 1926 1258 1975 quid
1248 1927 1324 1976 1ρεί
1345 1927 1504 1978 debent,
1537 1927 1619 1967 suis

54 1983 253 2023 drachmis
290 1982 481 2033 pendunt.
585 1982 650 2020 14.
689 1976 915 2048 καταλλαγή
956 1984 1018 2021 est
1056 1982 1232 2022 lucrum
1270 1995 1318 2021 ex
1354 1984 1620 2033 permutanda.

52 2039 253 2107 pecunia’.
285 2039 407 2079 Mein.
467 2038 676 2078 Demosth.
708 2039 776 2087 50,
810 2039 865 2078 30
892 2032 1068 2087 ἀκριβῶς
1099 2035 1312 2090 ἐγέγραπτο
1343 2068 1353 2079 .
1386 2073 1394 2083 ,
1427 2073 1436 2082 .
1462 2036 1501 2110 ἡ
1525 2038 1617 2091 τιμή

53 2095 112 2144 τίς
141 2090 196 2147 ἦν
231 2094 300 2135 καὶ
338 2093 552 2147 νόμισμα
587 2092 839 2144 ποδαπόν,
876 2092 944 2134 καὶ
979 2091 1131 2133 ὁπόσου
1159 2091 1186 2146 ἡ
1216 2091 1439 2149 καταλλαγὴ
1475 2111 1528 2148 ην
1566 2101 1619 2151 τῷ

50 2148 240 2206 ἀργυρίῳ.
289 2154 439 2203 tropice
471 2166 518 2193 ea
547 2165 643 2193 voce
674 2152 804 2191 utitur
834 2151 998 2202 Euphro
1029 2154 1067 2202 3,
1098 2153 1139 2191 4.

808 2295 861 2337 67

326 2377 372 2418 τί
397 2372 497 2418 ποτ’
532 2373 675 2429 ἐστίνς
705 2371 767 2424 ὣς
797 2372 1010 2428 ῥαγδαῖος
1040 2374 1327 2430 ἐξελήλυθεν.

171 2478 340 2520 photius
370 2480 464 2527 480,
497 2481 552 2518 20
582 2476 815 2530 ῥαγδαίους·
857 2476 947 2525 τοὺς
985 2475 1268 2530 κεκινημένους
1309 2478 1376 2519 καὶ
1414 2478 1616 2533 σφοδροὺς

56 2536 124 2577 καὶ
166 2535 321 2588 βιαίους
367 2566 376 2576 .
416 2566 426 2576 .
465 2566 475 2576 .
524 2534 690 2585 Δίφιλος
737 2531 1047 2587 Πολυπράγμονι
1091 2537 1173 2575 κτλ.
1241 2537 1293 2577 cf.
1326 2537 1513 2577 Teleolid.
1546 2539 1614 2577 30.

58 2594 266 2644 Aristoph.
298 2594 346 2633 fr.
379 2594 475 2632 243.
527 2592 744 2642 Antiphan.
777 2593 814 2630 7.

759 2735 925 2770 n‘rPPA

172 2819 351 2860 Mulieris
381 2831 525 2859 nomen
554 2830 637 2858 esse
669 2817 837 2858 videtur.

1281 2884 1349 2921 ³6⁸
