1806 3216
698 144 942 181 mmoroz:
1518 147 1600 192 551

794 246 850 291 33

269 310 324 355 οὐ
353 312 524 357 πώποτ’
549 315 682 371 ἰχθῦς
711 311 813 358 οἶδα
842 316 1131 372 τιμιωτέρους

267 379 395 424 ίδαίν.
448 380 691 437 Πόσειδον,
725 384 767 426 εἰ
795 382 991 440 δεκάτην
1022 384 1271 441 ἐλάμβανες

266 447 417 492 αὐτῶν
446 448 536 493 άπό
565 453 643 507 τῆς
672 454 800 507 τιμῆς
829 450 1017 508 ἑκάστης
1045 450 1233 509 ἡμέρας,

269 515 387 559 πολύ
418 520 509 561 τῶν
537 521 664 562 θεῶν
693 518 751 562 ἄν
781 513 903 574 ἦσθα
934 519 1284 574 πλουσιώτατος.

214 594 236 625 ὁ
265 582 386 640 ὅμως
414 586 464 628 δὲ
494 585 669 630 τούτων
699 590 743 629 εἴ
768 603 823 642 με
854 590 1178 644 προσγελάσειέ
1204 606 1293 646 τις,

266 652 453 696 ἐδίδουν
483 655 698 706 στενάξας
728 653 900 699 ὁπόσον
929 657 1129 713 αἰτήσειέ
1154 673 1222 713 με.

262 720 460 777 γόγγρον
489 723 587 778 μέν,
618 720 771 778 ὥσπερ
802 722 826 766 ὁ
857 726 1063 781 Πρίαμος
1092 723 1171 768 τὸν
1189 723 1405 782 ”Εκτορα,

264 787 374 832 ὅσον
406 790 630 845 εἵλκυσεν,
662 794 850 835 τοσοῦτο
881 791 1093 844 καταθεὶς
1124 792 1360 850 ἐπριάμην.

0 919 1 924 ¹
145 871 376 912 Athenaeus
399 874 562 924 6‚2260
593 869 666 912 οὐκ
696 868 914 923 ἀπιθάνως
944 874 1011 914 καὶ
1044 875 1209 926 Δίφιλος
1240 874 1285 916 ἐν
1309 873 1491 930 Ἐμπόρῳ
1511 875 1594 931 (ε’μ-

29 927 172 975 πορίωι
201 926 258 981 A)
294 926 384 980 περὶ
418 934 487 970 τοῦ
517 928 751 980 παμπόλλου
780 927 1080 982 πιπράσκεσθαι
1112 931 1202 980 τοὺς
1232 933 1352 984 ἰχθῦς
1384 931 1486 983 λέγει
1515 928 1593 974 οἶδε

29 986 110 1024 κτλ.
200 987 239 1026 2.
256 987 295 1026 3.
329 982 548 1039 ἐλάμβανες
577 983 714 1027 αὐτῶν
744 987 853 1028 Grot.
871 989 1055 1040 Excerpt.
1075 988 1176 1042 787]
1207 987 1344 1029 αὐτῶν
1373 987 1592 1041 ἐλάμβανες

28 1041 79 1080 Α.
154 1043 194 1082 4.
225 1043 517 1091 πλουσιώτατος
539 1042 681 1098 Mein]
703 1041 996 1097 ,πλουσιώτερος
1027 1046 1077 1086 A.
1116 1047 1167 1086 cf.
1198 1047 1339 1087 Cobet.
1370 1048 1421 1086 N.
1444 1049 1470 1087 1.
1500 1050 1591 1087 119.

29 1101 66 1138 5.
97 1113 146 1150 με
176 1097 310 1152 Grot.]
340 1098 407 1151 μὴ.
487 1114 566 1152 τις,
597 1100 676 1140 ταῖν
705 1097 876 1153 ἰχθύων.
967 1104 1006 1142 8.
1038 1101 1218 1143 εἵλκυσεν
1250 1106 1295 1144 ut
1325 1104 1470 1155 Eupol.
1497 1106 1590 1144 116.

29 1155 233 1207 Aristoph.
266 1158 313 1197 fr.
337 1158 432 1197 286.
480 1158 529 1198 de
558 1158 644 1199 ioco
674 1159 724 1200 cf.
756 1158 970 1210 Phrynieh.
1002 1173 1102 1200 com.
1133 1161 1201 1201 52.

781 1269 836 1312 34
1046 1325 1312 1377 πουλύπους

298 1393 412 1447 ἔχων
443 1389 618 1443 ἁπάσας
647 1391 881 1449 ὁλομελεῖς
909 1390 986 1444 τὰς
1016 1393 1278 1445 πλεκτάνας.

299 1462 350 1506 Β.
382 1458 438 1503 ου’
470 1459 818 1517 περιβεβρωκώς
846 1459 987 1505 αὐτόν
1018 1462 1134 1516 ἐστι,
1167 1465 1364 1519 φίλτατε.

141 1542 369 1583 Athenaeus
402 1544 440 1593 7,
463 1544 574 1583 316f
606 1541 674 1582 καὶ
705 1542 874 1594 Δίφιλος
913 1542 957 1584 ἐν
983 1541 1166 1599 Ἐμπόρῳ
1196 1548 1278 1585 κτλ.
1370 1549 1405 1586 1.
1436 1544 1583 1585 πουλύ-

23 1612 127 1647 πους
165 1600 229 1640 hic
265 1602 422 1651 praeter
451 1601 779 1641 consuetudinem
810 1602 929 1642 etiam
959 1602 1009 1641 A.
1117 1604 1155 1641 3.
1187 1598 1312 1641 αὐτόν
1342 1601 1584 1656 ὃοὴννοίςὶι.]

23 1652 167 1696 ἑαυτὸν
187 1658 234 1696 Α.
268 1659 359 1696 tetr.
381 1657 505 1697 troch.
538 1654 685 1696 ἑαυτὸν
713 1653 833 1705 αὐτός
864 1656 943 1697 ἐστι
972 1659 1136 1699 Porsen.
1166 1652 1308 1698 ἑαυτὸν
1329 1657 1435 1699 ἔστιν
1455 1657 1584 1710 ἔνδον,

22 1708 191 1764 φιλτάτη
222 1713 344 1753 Dobr.
391 1710 459 1756 fi
488 1714 585 1765 quid
616 1716 670 1754 sit
699 1711 819 1753 ἔνδον
847 1728 927 1755 non
958 1719 1126 1766 exput0:
1159 1729 1251 1756 nam
1281 1718 1384 1757 domi
1414 1717 1476 1756 hic
1506 1730 1586 1757 non

22 1773 114 1822 apte
142 1771 317 1811 additur.
372 1771 420 1810 de
451 1771 653 1811 sententia
682 1771 732 1812 cf.
754 1771 937 1812 Pherecr.
962 1774 1027 1811 13.

295 1924 379 1981 τὴν
409 1924 538 1969 νύκτ’
564 1926 744 1983 ἐκείνην
773 1858 1170 1983 ἓίκαραδόκησεν.

137 2010 313 2062 Etymol.
346 2023 399 2050 m.
430 2011 535 2060 490,
557 2011 613 2051 40
647 2006 756 2063 (cum
787 2012 981 2062 supplem.
1011 2012 1181 2051 Bekker.
1213 2012 1361 2052 Anecd.
1396 2012 1503 2051 1445
1524 2009 1586 2066 n.)

25 2065 242 2118 Τιμαχίδης
281 2063 324 2106 δέ
361 2077 487 2118 φησιν
523 2065 585 2106 ὄτι
623 2065 829 2107 σύνθετόν
859 2066 940 2107 ἐστι
970 2065 1075 2118 παρὰ
1107 2065 1149 2107 τὸ
1179 2064 1285 2107 κάτω
1315 2063 1416 2119 κάρα
1448 2066 1585 2119 φέρειν

22 2120 65 2163 τὸ
93 2122 345 2174 καραδοκεῖν.
395 2123 657 2175 παρατίθεται
693 2118 735 2162 δ’
759 2120 911 2170 ἐνάλοις
942 2122 1008 2178 (ἐν
1037 2121 1190 2179 ἄλλοις)
1227 2124 1395 2174 Δίφιλον
1423 2124 1583 2176 λέγοντα

20 2177 66 2219 ἒν
89 2175 270 2233 Ἐμπόρῳ
298 2182 378 2219 κτλ.
431 2181 543 2220 Suid.
574 2179 799 2232 καραδοκεῐ.
858 2181 1034 2222 Cramer.
1067 2182 1217 2221 Aneod.
1249 2181 1371 2220 Paris.
1404 2182 1485 2220 1111
1516 2183 1581 2232 25,

21 2237 89 2277 20.
119 2235 375 2286 Ox.11455,
395 2238 459 2279 13.
535 2232 871 2288 διεκαρανόμησεν
902 2235 1034 2291 Suid.]
1067 2233 1411 2289 διεκαρανόμηνεν.
1445 2235 1581 2288 ἐκαρα.

21 2291 197 2345 νόμηνεν
225 2293 374 2333 Anecd.
408 2293 481 2336 Ox.
549 2293 764 2345 Τιμαχίδης
793 2325 801 2334 .
821 2325 857 2333 ..
884 2293 1146 2345 παρατίθεται
1175 2292 1220 2333 ἐν
1247 2291 1379 2341 ἄλλοις
1412 2293 1583 2343 Δίφιλον

19 2369 156 2424 ἔχοντα
194 2369 238 2411 ἐν
263 2368 465 2426 Ἐμπόρῳ·
506 2366 577 2423 τὴν
610 2369 732 2411 νύκτα
764 2370 933 2423 ἐκείνην.
978 2368 1034 2411 δι’
1058 2370 1216 2423 ἐκείνην
1244 2355 1582 2424 διεκαρανόμηκὲν

18 2429 107 2470 eod.
138 2429 307 2469 Sorbon.
338 2429 474 2481 Etym.
533 2443 578 2469 ao
608 2430 663 2468 sic
694 2430 775 2468 fere
806 2429 981 2469 Cramer.
1015 2430 1165 2469 Anecd.
1199 2430 1290 2470 Par.
1348 2429 1578 2480 διεκαραδο-

21 2483 202 2537 κήσαμεν
232 2485 375 2536 Toup,
415 2490 460 2526 ut
488 2487 713 2525 trimetrum
745 2486 967 2526 conficeret.
1019 2488 1241 2526 tetrametri
1273 2487 1464 2538 reliquias
1494 2500 1579 2529 esse

18 2554 134 2593 posse
163 2542 381 2582 arbitratur
410 2542 579 2582 Meinek.
625 2564 678 2570 -
723 2541 1030 2594 διακαραδοκεῖν
1059 2540 1129 2582 τὸν
1158 2538 1330 2594 πόλεμον
1358 2543 1466 2584 Plut.
1498 2546 1579 2585 An·

18 2603 103 2639 ton.
125 2601 192 2639 56.

771 2652 827 2694 36

292 2718 317 2762 ὁ
350 2719 654 2776 περιφόρητος
679 2719 903 2776 Ἀρτέμων

131 2800 327 2854 μέμνηται
363 2799 508 2854 ταύτης
541 2801 708 2852 Δίφιλος
753 2800 798 2842 ἐν
825 2794 1016 2856 Ἐμπόρῳ.
1067 2803 1214 2843 Miller.
1247 2804 1452 2856 Melanges
1482 2805 1578 2845 356.
