1864 3204
226 210 308 252 356
890 210 1140 248 ΑΛΕΞΙΔΟΣ

226 316 343 354 lieres
385 315 494 354 dives
543 318 583 353 et
618 328 778 381 pauper.
837 316 948 354 dives
987 329 1028 354 se
1068 316 1201 354 mariti
1238 317 1402 354 morssem
1441 316 1581 354 timere
1620 316 1785 364 dixerat,

225 385 377 421 pauper
407 385 492 410 eam
522 373 654 410 mariti
683 373 747 411 sui
777 375 979 411 senectute
1009 369 1211 411 consolata
1241 375 1338 412 er.at
1385 373 1450 410 ‘at
1479 374 1596 411 tuus’
1626 373 1697 411 illa
1725 382 1783 412 re-

227 428 438 477 spondet
450 441 602 477 pauper
633 430 703 478 est,
736 429 798 467 cui
829 429 967 478 generi
994 430 1138 466 mirum
1169 429 1212 467 in
1235 429 1393 467 modum
1417 441 1522 468 mors
1543 429 1785 478 Ρὸΐοὶτ’.--

227 484 374 523 femina
404 498 554 535 pauper
583 485 718 524 eadem
748 485 857 535 loqui
887 485 1047 524 videtur
1076 486 1124 524 fr.
1150 486 1243 523 162.

471 671 525 716 οὐ
554 680 647 724 τοῖς
676 671 763 729 γὰρ
795 671 1016 728 ὀμνύουσι
1045 670 1125 716 τὸν
1155 676 1421 728 φρονοῦντα
1450 674 1541 729 δεῖ,

468 749 560 791 τοῖς
589 741 848 797 πράγμασιν
878 739 919 783 δ’
945 739 1119 783 αὐτοῖσι
1150 740 1378 784 πιστεύειν
1408 739 1490 787 ἀεί.

341 837 536 876 sabaeus
566 838 703 876 Florfl.
738 839 803 888 27,
826 839 849 876 9
878 833 1068 884 Ἀλέξιδος
1094 832 1318 876 Ὀλυνθίων
1347 837 1395 876 A.
1488 841 1523 876 1.
1554 834 1620 890 οὐ]
1653 819 1711 878 ἔιῦ
1731 838 1782 879 A.

969 948 1046 989 161

511 1024 743 1082 Εὕημερία
775 1026 991 1069 δέσποινα
1022 1025 1096 1068 καὶ
1127 1029 1313 1068 Μοῦσαι
1343 1029 1471 1081 φίλαι

334 1109 498 1147 Photius
529 1111 570 1147 et
601 1109 743 1148 Suidas
774 1106 980 1160 εὐημερία·
1012 1103 1142 1155 ‹fig-§v
1163 1109 1209 1162 τῇ
1238 1108 1448 1163 συνηθείᾳ.
1475 1106 1780 1158 ’ἈλεξιςὈλυν-
1824 1107 1827 1110 ’

221 1165 298 1218 θίᾳ
329 1167 407 1203 κτλ.
461 1166 511 1204 ef.
545 1166 728 1204 Pherecr.
760 1167 855 1204 213.
893 1166 1016 1204 Arist.
1037 1167 1112 1205 Av.
1140 1167 1261 1206 1322.
1292 1167 1387 1205 Eur.
1413 1168 1474 1205 El.
1498 1167 1590 1206 196.
1621 1168 1781 1207 Pindar.

223 1222 363 1260 Isthm.
398 1224 434 1272 1,
458 1223 510 1261 35
542 1222 644 1271 (56).
965 1274 1047 1316 162

549 1355 670 1396 ἔστιν
701 1351 818 1408 ἀνήρ
849 1369 924 1408 μοι
954 1353 1151 1408 πτωχός,
1184 1351 1304 1409 κᾶγω

546 1424 712 1476 γραῦς,
744 1420 819 1463 καὶ
849 1421 1055 1476 θυγάτηρ
1087 1422 1161 1463 καὶ
1191 1429 1295 1472 παῖς
1324 1422 1443 1477 υἱός,

548 1487 650 1544 χῆδ’
670 1488 698 1544 ἡ
730 1489 918 1544 χρηστή,
949 1485 1082 1531 πένθ’
1106 1489 1157 1531 οί
1179 1488 1358 1540 πάντες.

548 1557 724 1599 τούτων
755 1557 801 1598 οἱ
826 1563 945 1612 τρεῖς
974 1558 1263 1612 δειπνοῦμεν,

497 1634 517 1665 5
550 1625 634 1667 δύο
664 1623 709 1666 δ’
732 1623 883 1674 αὐτοῖς
913 1627 1313 1679 συγκοινωνοῦμεν

546 1695 682 1749 μάζης
711 1694 884 1748 μικρᾶς.
935 1691 1169 1747 φθόγγους
1199 1691 1241 1734 δ’
1266 1691 1466 1748 ἀλύρους

545 1762 822 1816 θρηνοῦμεν,
856 1758 988 1803 ἐπάν
999 1761 1141 1816 μηδὲν
1172 1762 1356 1816 ἔχωμεν,

547 1830 702 1882 χρῶμα
733 1826 778 1870 6'
801 1826 968 1870 ἀσίτων
998 1825 1127 1883 ἡμῶν
1159 1826 1304 1871 ὄντων

545 1898 715 1949 γίνεται
746 1894 904 1950 ὠχρόν.
954 1895 1008 1938 τὰ
1037 1896 1148 1951 μέρη
1180 1894 1219 1938 6'
1245 1894 1373 1951 ἡμῶν

471 1973 513 2003 10
543 1963 595 2018 χή
627 1964 836 2014 σύνταξις
865 1966 946 2006 τοῦ
977 1966 1082 2018 βίου
1114 1963 1238 2006 ἐστὶν

546 2031 736 2086 κύαμος,
767 2031 958 2086 θέρμος,
991 2032 1201 2085 λάχανον,
1269 2064 1279 2074 .
1354 2065 1363 2074 .

543 2100 776 2152 γογγυλίς,
808 2092 975 2153 ὦχρος,
1009 2099 1233 2153 λάθυρος,
1265 2099 1432 2153 φηγός,

543 2166 729 2221 βολβός,
761 2165 926 2219 τέττιξ,
960 2165 1218 2220 ἐρέβινθος,
1250 2163 1411 2220 οἷχροὶς,

543 2233 592 2275 τό
623 2249 670 2276 τε
698 2233 943 2288 θειοφανὲς
971 2236 1180 2290 μητρῷον
1211 2234 1308 2289 ἐμοὶ

470 2310 510 2342 15
542 2300 751 2357 μελέδημ’
775 2302 923 2357 ἰσχάς,

547 2371 747 2423 Φρυγίας
777 2366 1002 2424 εὑρήματα
1034 2371 1187 2423 συκῆς.

330 2463 555 2502 Athenaeus
579 2463 615 2512 2,
628 2463 716 2501 54f
734 2460 886 2511 ’Ἄλεξις
916 2465 998 2501 κτλ.
1047 2477 1084 2502 v.
1110 2464 1161 2500 14
1183 2475 1240 2513 sq.
1273 2463 1381 2501 idem
1412 2464 1449 2513 3,
1474 2463 1592 2502 75ab
1617 2461 1768 2512 ’Ἄλεξις

217 2516 257 2556 6⁷
277 2517 321 2557 ἐν
332 2515 574 2572 Ὀλυνθίῳ
594 2518 782 2570 Φρυγίων
803 2518 940 2558 σύκων
958 2515 1219 2570 μνημονεύων
1239 2518 1342 2569 φησί
1357 2521 1436 2557 κτλ.
1475 2533 1515 2558 v.
1529 2521 1579 2558 12
1603 2513 1768 2574 (ωχρος)

219 2578 269 2614 13
313 2589 388 2615 om.
427 2578 566 2625 poetae
606 2576 844 2626 fabulaeque
881 2589 989 2615 nom.
1031 2576 1264 2614 Eustathius
1303 2576 1405 2626 948,
1435 2576 1501 2618 41
1561 2590 1599 2615 v.
1635 2577 1686 2614 14
1706 2589 1765 2627 sq.

215 2633 320 2670 idem
344 2633 469 2680 1572,
480 2634 531 2671 63
563 2629 666 2685 (sine
695 2635 834 2682 poetae
867 2633 1074 2672 fabulaeve
1105 2632 1242 2682 nom.).
1330 2634 1368 2670 3.
1399 2625 1488 2682 χηδ’
1522 2631 1764 2684 Schweigh]

215 2687 281 2726 καὶ
312 2683 392 2737 ηδ’.
499 2690 537 2727 4.
586 2687 818 2727 δειπνοῦσιν
857 2689 1019 2728 Grotius
1057 2689 1240 2738 Excerpt.
1280 2689 1376 2727 597.
1427 2685 1501 2738 μὲν
1538 2687 1769 2726 δειπνοῦσιν

217 2745 436 2794 Schweigh.
525 2747 562 2783 5.
595 2743 670 2782 δύο
700 2741 741 2782 δ’
762 2742 943 2783 αὐτοῖσιν
972 2749 1286 2795 κοινωνοῦμεν
1271 2745 1390 2783 Mein.
1422 2745 1537 2782 Anal
1569 2744 1665 2783 Ath.
1700 2745 1765 2785 28.

219 2803 283 2839 10.
318 2799 423 2838 ἐστὶν
443 2801 579 2839 Dindf.
584 2798 600 2853 ]
632 2799 727 2839 ἔστι.
810 2804 874 2839 11.
905 2798 1079 2852 λάχανον
1109 2801 1277 2840 secludit
1307 2801 1462 2849 Elmsl.‚
1494 2803 1540 2838 ut
1569 2801 1768 2850 glossema

218 2858 305 2895 voci
337 2854 483 2907 θέρμος
515 2858 706 2896 additum.
758 2855 944 2895 λάπαθον
974 2858 1093 2896 Mein.
1139 2858 1319 2896 lacunam
1347 2859 1439 2906 post
1467 2852 1638 2906 λάχανον
1666 2857 1766 2896 indi·
1796 2890 1802 2896 .
