1890 3190
586 202 791 237 AAHAQN
817 201 1085 237 APAMATQN
1548 199 1630 243 129

112 328 142 348 .
179 300 446 404 οῗντιιὶῑῖειὶνης.
506 306 657 349 excidit
685 306 801 347 init-io
831 306 999 358 syllaba.
1094 302 1146 345 σύ
1177 305 1330 346 Iacobs.
1362 305 1501 346 Addit.
1534 306 1630 346 Ath.

60 383 65 399 ,
150 375 178 406 v
247 376 299 402 κα

83 409 90 417 ”
805 439 890 483 299

881 516 1156 573 συναγαγῶν

336 593 456 642 τρεῖς
484 583 616 637 ὄντας
645 586 708 638 εἰς
736 587 970 640 τρίκλινον
999 584 1115 642 ὑμᾶς

178 681 406 722 Athenaeus
428 682 466 732 2,
485 681 570 720 47f
594 678 662 720 καὶ
691 679 882 742 τρίκλινοι
914 674 1016 719 οἶκοι
1044 678 1113 719 καὶ
1141 674 1383 749 τετράκλινοι
1413 679 1479 720 καὶ
1511 679 1630 720 ἑπτά-

56 759 66 778 -.
114 749 195 778 ινοι
221 735 289 779 καὶ
318 735 566 777 ἐννεάκλινοι
596 736 664 777 καὶ
693 752 793 776 κατα
823 735 916 785 τοὺς
947 735 1038 789 εξῆς
1067 733 1267 789 ἀριθμοὺς
1295 731 1406 788 ἦσαν
1424 737 1532 788 παρὰ
1554 742 1634 786 τοῖς

106 795 263 842 λαιοῖς.
311 790 554 846 Ἀντιφάνης
585 797 666 834 κτλ.
727 797 862 846 potest
899 808 984 835 esse
1020 795 1143 834 etiam
1174 808 1265 845 pars
1297 797 1522 835 tetrametri
1552 798 1633 835 tro-

75 872 103 885 =·
123 871 125 875 ·
139 851 202 892 ei.

803 929 890 971 300

630 1011 740 1065 οἴνῳ
777 1041 787 1052 .
834 1041 845 1052 .
882 1006 964 1051 τὸν
993 1003 1123 1051 οἶνον
1153 1006 1428 1062 ἐξελαύνειν,

238 1075 451 1131 σάλπιγγι
481 1074 560 1132 τὴν
591 1076 843 1131 σάλπιγγα,
874 1079 937 1132 τῷ
967 1077 1134 1132 κήρυκι
1163 1074 1244 1130 τὸν
1272 1077 1477 1131 βοῶντα,

236 1144 363 1200 κόπῳ
393 1142 552 1199 κόπον,
584 1143 718 1201 ψόφῳ
749 1144 918 1199 ψόφον,
948 1145 1184 1200 τριωβόλῳ
1215 1138 1265 1187 δὲ
1295 1144 1488 1200 πόρνην,

237 1209 468 1256 αὐθαδίαν
498 1210 725 1269 αὐθαδίᾳ,
751 1213 1097 1267 Καλλίστρατον
1125 1209 1341 1268 μαγείρῳ,

185 1289 207 1322 5
237 1279 399 1324 στάσιν
428 1279 603 1336 στάσει,
634 1280 753 1337 μάχῃ
782 1280 943 1337 μάχην,
974 1277 1198 1331 ὑπωπίοις
1228 1281 1277 1323 δὲ
1309 1279 1502 1336 πύκτην,

236 1348 362 1406 πόνῳ
391 1348 552 1405 πόνον,
584 1351 688 1406 δίκῃ
719 1349 868 1406 δίκην,
898 1349 1082 1404 γυναικὶ
1110 1348 1195 1405 τὴν
1223 1355 1433 1404 γυναῖκα.

179 1443 414 1484 Athenaeus
445 1445 492 1493 2,
514 1444 611 1483 448
642 1438 888 1495 Ἀντιφάνης
925 1445 1008 1483 κτλ.
1129 1445 1165 1482 1.
1199 1441 1297 1497 οἴνῳ
1326 1440 1371 1481 δὲ
1401 1441 1468 1482 δεῖ
1491 1443 1632 1483 Elmsl.

66 1499 194 1540 Arist.
215 1500 315 1543 Aah.
339 1503 419 1540 717
441 1514 480 1552 p.
499 1503 567 1541 68.
642 1502 687 1540 3.
717 1498 827 1554 κόπῳ
856 1497 997 1551 κόπον,
1029 1513 1130 1551 quae
1161 1503 1254 1551 post
1283 1498 1510 1547 ἐξελαύνειν
1538 1513 1632 1540 eon-

66 1557 201 1597 locant
230 1557 395 1605 codices,
427 1558 676 1609 transposuit
705 1558 847 1598 Elmsl.
936 1559 976 1597 5.
1007 1553 1114 1611 μάχῃ
1141 1555 1276 1608 μάχην
1304 1554 1469 1609 Elmsl.]
1501 1552 1634 1608 μάχην

52 1609 184 1668 μάχῃ.
273 1615 312 1654 6.
345 1612 437 1668 δίκῃ
466 1613 586 1666 δίκην
616 1613 779 1668 Elmsl.]
811 1613 932 1666 δίκην
959 1613 1067 1669 δίκῃ.

179 1685 219 1711 v.
243 1672 264 1710 1
287 1674 330 1711 et
351 1673 376 1711 3
406 1672 527 1711 variis
557 1672 796 1712 coniecturis
824 1672 1005 1711 homines
1036 1672 1143 1711 docti
1175 1673 1488 1722 temptaverunt
1536 1668 1634 1724 οἴνῳ

64 1723 139 1767 τὸν
166 1721 278 1767 οἶνον
307 1725 438 1779 ἕξέλα,
476 1726 588 1782 κόπῳ
616 1726 744 1767 κόπον
773 1737 870 1761 υ-ῦ
899 1731 941 1768 et
970 1743 1008 1770 v.
1031 1730 1056 1768 3
1087 1723 1213 1782 κρότῳ
1243 1725 1387 1778 κρότον
1415 1740 1489 1778 plo
1519 1725 1633 1781 κόπῳ

65 1782 195 1823 κόπον
221 1785 376 1827 Iacobs.
407 1785 545 1825 Addit.
578 1786 672 1825 Ath.
702 1786 770 1825 40.
820 1783 921 1852 πυρὶ
949 1782 1024 1836 μὲν
1053 1783 1096 1823 τὸ
1126 1785 1222 1836 πῦρ,
1252 1783 1353 1838 οινῳ
1383 1782 1427 1823 δὲ
1457 1783 1524 1823 δεῖ
1547 1786 1631 1824 κτλ.

48 1843 112 1882 et
147 1855 184 1880 v.
208 1843 233 1880 3
271 1837 380 1905 δόλῳ
412 1839 532 1881 δόλον
568 1855 640 1894 pro
677 1839 800 1911 ψόφῳ
839 1841 979 1892 ψόφον
1008 1842 1235 1882 Wilamow.
1254 1842 1393 1881 Herm.
1426 1841 1504 1879 VII
1538 1842 1633 1879 148.

63 1894 147 1952 ἥλῳ
175 1894 220 1936 δὲ
252 1896 317 1937 δεῖ
344 1891 412 1937 τὸν
439 1892 551 1949 ἧλον,
595 1897 693 1953 οἴνῳ
738 1882 785 1937 δ
819 1893 930 1938 οἶνον
971 1901 1052 1938 κτλ.
1098 1899 1246 1938 Naber.
1268 1899 1415 1937 Mnem.
1436 1911 1529 1938 nov.
1533 1897 1635 1936 V111

47 1955 134 1994 53.
189 1967 235 1995 ac
263 1955 502 2005 Diogenian.
534 1957 656 2003 5,16
695 1952 776 2009 ηλῳ
814 1953 884 1995 τὸν
919 1949 1017 2007 ηλον
1054 1953 1120 1994 καὶ
1156 1953 1358 1994 πάτταλον
1396 1952 1633 2019 ἐξέκρουσας

59 2009 264 2078 παττάλῳ.
325 2012 497 2052 Aristot.
528 1986 650 2053 P6lit.
683 2014 731 2063 5,
755 2014 802 2062 9,
827 2015 851 2053 6
886 2011 954 2052 καὶ
991 2008 1172 2065 χρήσιμοι
1210 2010 1254 2051 οῖ
1287 2009 1454 2063 πονηροὶ
1491 2011 1546 2057 εἰς
1585 2025 1632 2049 τα

57 2063 240 2120 πονηρά·
272 2065 356 2122 ἥλῳ
384 2066 459 2122 γὰρ
489 2064 511 2108 ὁ
541 2063 653 2121 ἧλος,
683 2066 818 2119 ωσπερ
849 2065 873 2121 ἡ
904 2069 1109 2122 παροιμία.
1169 2069 1248 2110 Cic.
1279 2069 1393 2108 Tuse.
1426 2069 1465 2118 4,
1489 2069 1556 2118 35,
1580 2069 1632 2107 75

67 2131 167 2165 novo
196 2127 356 2174 quidam
385 2138 515 2166 amore
543 2130 706 2166 veterem
734 2138 906 2167 amorem
944 2131 1146 2196 tamquam
1175 2127 1281 2166 clavo
1311 2126 1465 2166 clavwm
1494 2126 1632 2164 eicien-

57 2181 162 2223 dum
183 2186 342 2231 putant.
403 2182 522 2234 Greg.
553 2182 674 2234 Cypr.
697 2185 738 2232 2,
760 2185 815 2222 60
844 2177 938 2235 ἧλος
968 2178 1038 2223 τὸν
1065 2176 1180 2235 ηλον,
1210 2181 1406 2228 πάτταλος
1437 2179 1506 2220 τὸν
1535 2180 1632 2220 πάτ-

59 2240 188 2278 ταλον
217 2235 431 2289 ἐξέκρουεν.
482 2213 738 2291 ineptissime'
764 2241 908 2280 Macar.
930 2242 968 2289 5,
993 2242 1061 2280 22.
1152 2241 1192 2280 3.
1224 2240 1362 2280 Galen.
1393 2239 1455 2278 111
1486 2240 1526 2289 8,
1551 2239 1634 2304 250

65 2293 257 2335 Bas.V1
287 2296 368 2336 204
398 2296 553 2336 Kuehn.
583 2292 757 2335 άκοῦσαι
778 2301 889 2362 ,γοῦν
918 2295 1000 2336 ἔστι
1030 2302 1111 2336 τῶν
1140 2294 1392 2347 φασκόντων,
1432 2291 1488 2342 ὥς
1518 2293 1630 2348 κόπῳ

64 2348 141 2403 χρὴ
181 2347 294 2391 λύειν
330 2349 399 2391 τὸν
435 2348 573 2393 κόπον.
635 2366 724 2393 cum
753 2354 810 2393 eis
842 2367 943 2405 quae
973 2356 1197 2405 sequuntur
1225 2352 1448 2393 Meinekius
1478 2352 1632 2391 confert

60 2448 64 2449 ε
82 2410 170 2448 ’.8ίὶ
203 2421 303 2448 com.
338 2410 430 2457 174,
456 2412 520 2448 17.
571 2407 707 2460 Epicr.
731 2411 769 2460 3,
793 2411 861 2452 22.
912 2411 1094 2451 Maehon.
1118 2411 1266 2450 Athen.
1292 2411 1357 2458 13,
1381 2409 1501 2448 58οᾶ
1534 2403 1555 2447 ὁ
1587 2405 1632 2446 δὲ

96 2462 274 2511 ειδιάσας
303 2461 442 2517 κῦβδ’,
473 2463 574 2517 ἔφη,
604 2464 836 2519 τριωβόλου.
874 2467 1042 2507 ridicule
1062 2466 1398 2507 Wilamowitzius
1427 2467 1474 2504 ut
1502 2461 1633 2503 κόπον

9 2526 11 2579 J
63 2532 158 2562 oum
185 2519 323 2577 '⁶60²'ss
344 2523 477 2563 nescio
507 2523 706 2574 quomodo
737 2524 944 2563 cohaerere
974 2525 1118 2574 probet
1147 2525 1198 2564 ad
1229 2524 1353 2564 Arist.
1382 2522 1484 2560 Rau.
1518 2522 1628 2560 1280

80 2597 86 2611 ι
116 2580 269 2619 evocat.
370 2581 411 2618 4.
443 2579 493 2618 de
524 2578 744 2620 Callistrato
773 2580 824 2620 ef.
858 2578 1107 2632 Theopomp.
1137 2582 1206 2621 30.
1255 2578 1531 2620 Anaxandrid.
1561 2578 1628 2617 40.

59 2662 70 2692 3
104 2634 213 2675 ubul.
247 2637 313 2674 11.
347 2636 439 2684 107,
464 2637 504 2675 5.
528 2637 566 2679 6.

180 2694 287 2731 reete
316 2692 644 2732 Wilamowitzius
687 2692 782 2732 bina
826 2693 1077 2745 singulorum
1119 2708 1307 2735 versuum
1353 2692 1531 2731 membra
1573 2692 1632 2730 ita

11 2750 14 2802 j
67 2747 281 2788 eoniuneta
310 2760 396 2788 esse
426 2748 542 2800 dicit,
571 2751 629 2789 vut
657 2762 680 2788 8
709 2750 935 2799 proverbiis
964 2751 1015 2790 ad
1046 2751 1123 2790 alia
1152 2753 1380 2791 transeatur
1409 2749 1513 2788 risus
1543 2761 1626 2787 mo-

10 2814 14 2891 ἰ

67 2804 187 2844 vendi
217 2817 333 2844 eausa
361 2805 539 2845 inventa.
599 2805 671 2845 sed
700 2806 796 2846 haec
824 2820 907 2847 non
937 2808 1070 2847 omnia
1100 2808 1238 2847 eadem
1267 2808 1422 2846 ratione
1452 2805 1630 2844 adiciun-

79 2873 150 2915 yr.
194 2861 250 2900 sie
278 2861 401 2912 κῆρυξ
432 2858 501 2901 τὸν
529 2860 687 2912 βοῶντα
717 2863 883 2914 expellit
911 2865 1061 2904 maiore
1092 2865 1131 2904 vi
1160 2865 1280 2914 vocis,
1311 2861 1531 2903 triobolum
1550 2875 1632 2900 me·

71 2929 76 2931 ⁴
137 2930 253 2959 Comici
271 2932 391 2964 gru-⁸00¹,
416 2931 464 2959 ed.
482 2932 545 2959 Th.
563 2933 616 2959 10
624 2933 676 2959 ok.
694 2934 737 2960 11.
1339 2934 1360 2964 9
