1806 3216
197 158 280 200 548
873 148 1085 190 ΔΙΦῙΛοΤ

849 257 1091 290 ΔΑΝΑῙΔΕΣ

946 323 1001 365 25

311 395 525 434 Erotianus
556 395 620 441 61,
637 395 660 432 6
691 394 820 434 Klein.
852 393 1138 445 γαργαλισμοῦ·
1171 391 1362 445 γάργαλος
1392 392 1460 432 καὶ
1488 389 1662 446 γαργοῖλη
1692 390 1751 433 λέ·

197 466 303 504 γεται
343 448 571 502 ἐρεθισμός,
610 447 687 487 ἀπὸ
735 455 814 488 τῶν
851 454 1137 500 πασχητιωσων
1173 464 1380 502 γυναικων
1415 449 1646 502 εἰλημμένης
1681 456 1752 503 τῆς

198 507 349 558 λέξεως,
380 504 461 554 ὥς.
509 506 702 556 ,Δίφιλος
733 503 775 544 ἐν
805 506 991 545 Δαναΐσι.
1042 507 1186 545 similia
1215 507 1383 548 Bekker.
1413 507 1563 546 Anecd.
1593 509 1661 556 31,
1684 508 1751 547 25.

198 566 370 615 Hesyoh.
401 558 676 615 γαργαλισμός.
729 564 873 602 Moeris
904 558 1096 613 γάργαλος
1125 560 1315 613 ἆττικῶς,
1345 561 1606 614 γαργαλισμὸς
1636 562 1751 626 ἑλλη-

200 621 333 667 νικῶς.
379 621 589 670 Phrynioh.
623 621 707 658 Ecl.
732 622 782 658 97
815 619 1058 671 γαργαλίζειν
1088 617 1172 670 λε’γε
1203 617 1268 657 δια
1299 624 1369 657 τοῦ
1398 632 1442 670 ρ,
1472 616 1571 658 ἀλλὰ
1601 617 1655 670 μὴ
1685 613 1752 658 δια

200 683 277 716 τῶν
309 675 382 715 δύο
411 691 457 726 γ,
488 675 747 728 γαγγαλίζειν,
787 677 855 714 ubi
885 678 934 714 cf.
965 677 1137 715 Lobeck.
1169 677 1372 726 Aristoph.
1403 677 1455 714 fr.
1479 678 1572 718 175.
1622 677 1752 728 Hege-

201 736 302 784 sipp.
338 737 372 783 1,
398 735 461 772 16.
513 731 757 784 γαργαλίζειν
787 735 848 771 est
877 733 982 783 apud
1013 733 1220 771 Platonem
1249 733 1418 771 Phaedr.
1441 734 1519 771 251
1531 745 1566 772 ο.
1599 733 1751 773 Phileb.

199 793 296 829 4721.
345 788 605 841 γαργαλισμός
635 789 802 827 Phaedr.
836 790 960 828 253e.
1008 789 1160 828 Phileb.
1192 790 1245 827 46
1259 789 1295 826 d.
1338 789 1475 840 Symp.
1510 790 1633 830 1892..
1684 790 1753 828 Di-

199 848 330 896 philus
362 846 456 896 quid
489 846 634 884 dixerit
662 846 855 884 incertum
887 849 960 884 est.

767 956 1181 990 ΔΙΑΜΑΡΤΑΝΟΤΣΑ

945 1022 1001 1064 26

472 1089 636 1146 ἄρτους
666 1091 881 1139 σποδίτας
911 1092 1175 1145 κρησερίτας
1205 1089 1467 1145 περιφέρειν

312 1174 537 1213 Athenaeus
568 1175 712 1223 3,111
733 1186 753 1211 e
804 1170 1043 1223 μνημονεύει
1086 1169 1209 1211 αὐτοῦ
1250 1169 1391 1226 (ἄρτου
1435 1170 1640 1227 σποδίτου)
1682 1171 1749 1212 καὶ

201 1230 366 1279 Δίφιλος
390 1228 432 1268 ἐν
454 1225 788 1281 Διαμαρτανούση
818 1226 943 1274 οὕτως
973 1230 1054 1268 κτλ.
1127 1228 1358 1280 κρησερίτας
1381 1228 1624 1282 Schweigh.]
1655 1242 1751 1282 κρη

198 1286 365 1339 σειρίτας
398 1288 445 1326 Α.
498 1287 640 1336 panes
668 1286 883 1325 cribratos?
932 1285 1054 1325 Arist.
1086 1286 1192 1325 Ecel.
1215 1288 1309 1324 991.
1341 1286 1450 1354 τΡοΙΙ.
1474 1289 1511 1335 6,
1535 1288 1587 1325 74
1618 1286 1654 1326 εἰ
1681 1291 1754 1325 τοῦ

197 1343 409 1382 κοσκίνου.
458 1345 622 1382 ,λινοῦν
657 1357 693 1380 τι
724 1340 930 1381 σινδόνιον
959 1341 1023 1390 ειή
1054 1340 1283 1393 ἐξημμένον,
1324 1339 1378 1388 ὦς
1403 1337 1680 1395 ακριβέστερον
1708 1339 1752 1382 τὸ

196 1398 365 1469 α’λέυρον
395 1399 638 1451 καθαίροιτο,
669 1395 923 1451 αλευρότησις
953 1395 1147 1449 ἐκαλεῖτο,
1177 1398 1213 1437 εἰ
1242 1396 1284 1437 δὲ
1314 1396 1353 1447 ἐξ
1383 1397 1490 1451 ἐρίου
1521 1413 1606 1451 ειη,
1636 1413 1751 1452 κρη-

198 1467 222 1494 σ
233 1471 250 1496 s
258 1471 280 1509 ρ
289 1472 327 1496 α’
792 1510 1159 1545 ΕΓΚΑΛΟΤΝΤΕΣ

946 1577 1000 1619 27

469 1631 718 1688 ὁλοσχερῶς

314 1715 478 1767 Δίφιλος
504 1713 776 1768 Ἐγκαλοῦσιν.
823 1716 990 1755 Bekker.
1021 1717 1172 1755 Anecd.
1208 1718 1298 1764 110,
1325 1717 1416 1755 118.

889 1828 1059 1860 EKATH

313 1899 531 1937 Nicostrati
559 1899 734 1938 Hecaten
764 1911 787 1936 a
816 1897 975 1947 Diphilo
1006 1898 1135 1936 denuo
1166 1897 1313 1936 editam
1344 1898 1562 1936 arbitratur
1582 1898 1752 1937 Meinek.

173 1954 218 1999 ,Ι
244 1955 340 1994 453.
392 1955 438 1994 cf.
473 1956 522 1994 fr.
545 1956 610 1994 29.
943 1984 998 2026 28

309 2058 538 2096 Athenaeus
562 2059 625 2108 14,
637 2057 750 2096 645a
780 2052 1017 2106 μνημονεύει
1037 2053 1162 2095 αὐτοῦ
1183 2053 1288 2109 (τοῦ
1317 2052 1526 2107 ἆμφιφῶ
1539 2053 1668 2111 ντος)
1685 2054 1750 2095 καὶ

203 2113 370 2162 Δίφιλος
402 2111 443 2151 ἓν
469 2111 626 2167 Ἑκάτῃ.
677 2114 727 2153 cf.
759 2113 941 2152 Pherecr.
966 2114 1060 2152 156.
1106 2113 1272 2152 Philem.
1295 2114 1361 2153 67.

944 2199 999 2242 29

469 2254 662 2311 λαγυνος

311 2337 378 2377 καὶ
399 2335 603 2391 λαγύνιον,
637 2339 805 2406 Δίφιλος
826 2335 866 2376 δ’
885 2335 1008 2388 ἄμφω
1037 2336 1152 2390 λέγει,
1184 2337 1225 2377 τὸ
1256 2336 1330 2386 μὲν
1359 2337 1403 2378 ἕν
1422 2345 1469 2393 τῇ
1494 2334 1638 2393 Ἑκάτη
1657 2341 1750 2378 πολ-

201 2393 326 2446 λάκις,
358 2393 400 2434 τὸ
422 2393 466 2434 δὲ
488 2394 678 2448 λαγύνιον
699 2394 742 2434 ἐν
759 2391 960 2450 Ἀδελφοῖς
981 2392 1058 2449 (3).
1090 2396 1190 2435 Poll.
1204 2397 1267 2444 10,
1287 2397 1351 2435 72.
1383 2397 1431 2437 cf
1454 2396 1665 2436 Nicostrat.
1684 2398 1750 2435 11.

610 2505 837 2551 ΕΛΑ[1]ΩΝ
886 2509 919 2540 Η
967 2506 1334 2540 ΦΡοΤΡοΤΝΤΕΣ

318 2575 485 2624 Δίφιλος
517 2574 560 2615 ε’ν
591 2579 980 2628 ἓλαιωνηφρουρουσι
1010 2578 1046 2615 A
1075 2577 1220 2615 Athen.
1244 2578 1281 2623 6,
1304 2577 1429 2615 223a.
1462 2576 1565 2615 unde
1591 2572 1749 2644 Ἑλενη-

195 2638 395 2682 ,φοροῦσιν
425 2633 690 2673 Casaubonus.
721 2633 820 2673 Poll.
846 2634 1008 2682 10,191
1043 2630 1123 2670 ἔστι
1154 2629 1195 2670 ὁὲ
1225 2629 1367 2683 ἕλε’νη
1398 2630 1564 2670 πλεκτὸν
1593 2627 1751 2684 ἀγγεῖον

266 2686 329 2728 ,ἐν
358 2704 388 2743 ῳ
421 2704 468 2739 φ
457 2687 610 2742 ’ρουσιν
639 2687 721 2742 ἱερὰ
751 2703 899 2741 αρρητα
930 2691 1011 2734 τοῖς
1028 2685 1332 2740 Ἑλενηφορίοις.
1365 2688 1540 2728 Schoem.
1560 2690 1651 2730 Ant.
1669 2686 1750 2739 gr.²

199 2746 239 2783 II
266 2747 360 2785 509.
411 2760 500 2785 cum
539 2749 668 2785 autem
710 2747 884 2798 virgines
923 2759 969 2784 ea
998 2758 1108 2784 sacra
1137 2747 1316 2795 portasse
1347 2748 1650 2784 consentaneum
1682 2746 1747 2795 sit,

192 2798 515 2856 Ἑλενηφορούσῃ
545 2804 663 2842 Mein.
686 2802 706 2840 I
726 2804 821 2842 453.
868 2804 910 2841 at
938 2804 1042 2841 recte
1072 2814 1152 2840 non
1176 2797 1532 2854 Ἑλενηφοροῦσαν,
1563 2802 1631 2841 sed
1645 2797 1749 2840 Ἑλε-
