1890 3190
309 219 391 261 130
924 218 1242 252 ΑΝΤῙΦΑΝΟΤΣ

306 323 502 372 retricem,
535 322 627 372 quia
656 322 730 359 hoc
759 321 886 370 pretio
907 321 1118 359 vincantur
1136 320 1376 367 meretrices,
1399 304 1674 359 Callistratum
1694 325 1873 371 coquus,⁴

306 380 399 429 quia
430 378 684 417 Callistratus
721 377 955 427 inpudentia
992 389 1081 415 cum
1119 377 1255 426 coquis
1293 378 1446 415 certans
1477 376 1533 415 eis
1561 378 1695 415 tamen
1725 374 1867 414 multo‘

306 437 359 474 sit
386 435 562 474 inferior.

1041 521 1122 562 301

529 597 786 654 ἀσπάραγος
816 596 1107 654 ἐπηγλαΐζετ’,
1139 590 1281 654 ὦχρος
1312 598 1534 655 ἐξήνθηκέ
1559 613 1636 648 τις.

318 731 323 736 ,
419 695 648 734 Athenaeus
680 695 718 742 2,
742 695 793 732 63
812 707 834 732 a
868 688 1107 758 Ἀντιφάνης
1138 689 1182 733 δὲ
1212 688 1279 729 διὰ
1310 697 1379 730 τοῦ
1409 705 1439 729 π
1469 688 1596 741 φησὶν
1624 682 1859 742 ἀσπάραγον

306 754 386 790 κτλ.
476 746 719 801 ἐπηγλαΐζετ’
749 750 915 789 P01·.s0n
970 745 1164 799 ἠγλάιζεν.
1213 749 1262 787 cf.
1283 749 1429 787 Eubul.
1454 749 1545 786 150.
1577 747 1747 797 Ephipp.
1767 747 1808 797 4,
1817 746 1860 786 ὃ.
1874 778 1878 792 -.

305 810 352 847 de
384 809 511 847 forma
542 802 768 858 ἀσπάραγος
800 806 851 844 cf.
883 806 915 843 P
949 818 1038 856 ryn.
1069 805 1153 843 Ecl.
1178 806 1258 843 110
1294 818 1385 844 cum
1423 805 1513 843 adn.
1551 803 1723 844 Lobeck.
1779 814 1877 842 non

303 866 494 915 intellego
525 866 750 913 temporum
779 863 1015 913 generisque
1037 861 1310 900 differentiam.
1341 857 1862 908 Ῐ“01·1;.εο1·.ε’ξανθίζετοὲ

307 923 355 962 cf.
387 922 511 960 Arist.
542 921 641 959 Ach.
677 921 799 958 1047.
850 919 943 968 Lys.
975 919 1042 956 43.
1093 917 1260 959 Philem.
1293 919 1360 966 79,
1383 919 1419 956 6.

1038 1050 1122 1092 302

1055 1128 1215 1184 [μέλι,]
1249 1128 1476 1182 πέρδικες,

691 1199 877 1252 φάτται,
908 1200 1087 1252 νῆτται,
1120 1198 1274 1250 χῆνες,
1305 1197 1466 1250 ψᾶρες,

690 1267 841 1320 κίττα,
873 1263 1071 1318 κολοιός,
1102 1263 1306 1318 κόψιχος,
1342 1262 1502 1318 ὄρτυξ,

689 1331 815 1388 ὅρνις
843 1331 1004 1386 θήλεια

421 1430 648 1468 Athenaeus
679 1428 718 1476 2,
742 1428 831 1465 65e
866 1421 1108 1475 Ἀντιφάνης
1146 1421 1190 1462 δὲ
1224 1422 1291 1462 καὶ
1326 1428 1460 1474 ψᾶρας·
1491 1422 1536 1462 ἐν
1564 1425 1646 1471 τοῖς
1676 1422 1878 1475 βρώμασι

305 1483 507 1537 καταλέγει
536 1486 617 1523 κτλ.
725 1485 764 1521 2.
795 1486 924 1533 ψαρες
953 1480 1112 1533 Dindf.]
1145 1479 1283 1532 ψάρες.
1333 1482 1412 1519 mel
1441 1482 1482 1519 in
1511 1482 1645 1520 avium
1676 1481 1861 1532 catalogo

303 1545 433 1582 locum
465 1554 545 1580 non
575 1542 718 1579 habere
739 1540 961 1578 Meinekius
990 1538 1285 1577 animadvertit.
1318 1538 1566 1576 scribendum
1599 1539 1660 1576 est
1675 1533 1865 1589 Ἀντιφά
1865 1574 1880 1583 -.

305 1614 403 1649 νης.
452 1594 683 1648 ,καταλέγει
714 1595 847 1633 Μελ
830 1606 958 1648 ιττη
991 1591 1171 1646 πέρδικες
1192 1596 1272 1632 κτλ.
1304 1594 1507 1632 adduntur
1536 1594 1640 1632 enim
1670 1594 1789 1632 etiam
1817 1583 1874 1636 us.

304 1657 441 1706 primis
462 1655 659 1693 Athenaei
687 1654 800 1691 libris
830 1652 1029 1690 interdum
1061 1651 1284 1690 fabularum
1314 1651 1487 1690 nomina.
1542 1651 1716 1689 Melittae
1745 1647 1863 1689 Anti-
1875 1653 1880 1655 ’

302 1713 482 1762 phaneae
511 1712 782 1761 fragmentum
811 1710 872 1748 est
904 1709 998 1749 151.

1036 1841 1120 1883 303

421 1926 617 1966 zenobius
649 1926 691 1973 6,
715 1925 769 1962 34
806 1921 1009 1962 Φιλίππου
1043 1916 1305 1974 Ἀλεκτρυών·
1345 1918 1448 1972 αὕτη
1487 1916 1662 1960 τάττεται
1691 1918 1754 1960 ἐπὶ
1783 1924 1862 1960 τῶν

309 1982 352 2022 έν
381 1985 535 2034 μικροῖς
565 1977 875 2044 κατορθωμασιν
903 1976 1261 2029 άλαζονευομένων.
1307 1972 1555 2029 Ἀλεκτρυών
1582 1975 1656 2029 γάρ
1690 1991 1747 2024 τις
1778 1973 1865 2029 ἐγέ-

307 2054 396 2079 νετο
425 2037 627 2077 Φιλίππου
658 2031 895 2088 στρατηγός,
934 2033 982 2073 ὃν
1011 2032 1253 2085 ἀπέκτεινεν,
1285 2030 1338 2081 ὥς
1369 2046 1490 2084 φασι,
1521 2033 1660 2085 Χάρης
1689 2030 1711 2072 ὁ
1737 2030 1882 2084 Ἀθη-

307 2099 431 2142 ναῖος.
482 2092 676 2146 μέμνηται
708 2091 750 2131 δὲ
779 2089 930 2131 αὑτοῦ.
950 2089 1248 2142 ..Αντιφάνης.
1293 2092 1344 2130 cf.
1375 2092 1480 2130 infra
1509 2091 1559 2129 fr.
1581 2091 1802 2130 Heraclidis
1820 2092 1866 2130 et

308 2154 498 2203 Droysen
531 2151 763 2190 Hellenism.
796 2150 816 2188 I
848 2151 942 2188 617.
964 2149 1003 2188 8.
1060 2162 1108 2187 ex
1139 2149 1309 2188 Zenobio
1348 2161 1420 2187 sua
1449 2148 1645 2187 derivavit
1675 2146 1859 2197 Apostol.

307 2211 371 2258 17,
395 2210 463 2249 85.

1037 2292 1122 2334 304

416 2378 652 2417 Plutarchus
682 2377 819 2416 Moral.
853 2377 939 2415 792
969 2371 990 2413 ὁ
1021 2389 1096 2426 γαρ
1122 2369 1363 2424 Ἀντιφάνης
1394 2370 1499 2424 ἔλεγε
1527 2371 1681 2418 παίζων
1710 2369 1753 2411 ἔν
1783 2386 1819 2411 τι
1856 2391 1873 2425 χ

303 2434 414 2474 πόλει
443 2431 512 2480 τὰς
542 2431 680 2484 φωνὰς
711 2426 838 2479 εὐθὺς
868 2429 1081 2482 λεγομένας
1109 2426 1342 2482 πήγνυσθαι
1371 2427 1437 2467 διὰ
1469 2433 1619 2480 ψῦχος,
1649 2423 1732 2467 εἷθ’
1749 2425 1868 2469 ῧστ

305 2506 377 2543 ρον
406 2487 624 2542 ἀνιεμένων
654 2486 818 2528 άκούειν
846 2486 993 2540 θέρους
1013 2484 1042 2526 ὁὶ
1068 2491 1138 2525 τοῦ
1157 2491 1347 2538 χειμῶνος
1367 2483 1642 2535 διελέχθησαν.
1688 2485 1729 2525 fo
1778 2481 1865 2520 ε;·ᾪ

303 2548 401 2588 haec
438 2548 594 2587 occulto
632 2547 764 2596 aliquo
801 2547 911 2585 fonte
949 2557 994 2583 ex
1024 2544 1252 2594 Antiphane
1286 2543 1328 2582 in
1357 2542 1758 2582 Muenchhausiadem
1777 2534 1867 2601 11>·]ξξ

306 2608 430 2645 stram
459 2606 735 2644 manaverunt.

1038 2687 1121 2730 305

576 2767 761 2825 ἄμητες,
793 2766 958 2823 ἄμυλοι
1047 2756 1053 2761 ’

419 2865 650 2903 Athenaeus
682 2864 746 2904 14.
769 2863 849 2902 644
866 2862 887 2900 f
910 2858 1035 2912 ἄμης·
1064 2862 1311 2908 πλακοῦντος
1340 2854 1465 2912 γένος.
1501 2855 1743 2910 Ἀντιφάνης
1771 2857 1863 2920 mi*
