1890 3190
558 212 772 248 ΔΝΤΑῙΟΣ
798 230 839 237 -
863 212 1233 248 ΔΠΟΚΔΡΤΕΡΩΝ
1617 214 1674 256 25

105 313 235 358 αὐτόν
252 319 294 359 et
313 330 402 358 cum
424 318 630 360 Hei-werd.
652 317 747 359 obs.
772 318 861 358 erit.
878 318 932 358 43
963 318 1114 359 inserto
1145 315 1188 357 τὸ
1220 320 1313 370 post
1341 316 1431 371 περὶ
1452 319 1675 359 Meinekius

59 419 62 422 Δ
108 375 151 418 in
181 374 327 418 Athen.
363 375 449 425 ed.3
482 376 664 416 lacunam
694 374 888 415 indicavit
917 375 1056 416 Dindf.
1147 376 1185 415 2.
1217 371 1262 414 δὲ
1291 375 1459 428 Bergk]
1491 389 1544 416 τε.
1633 378 1671 416 3.

107 443 225 472 aum
286 445 383 483 μινα
414 429 658 486 Schweigh]
689 429 926 483 κιννάμωμά
956 431 1004 474 Α.

42 500 49 537 ,ζ
223 489 272 530 de
291 488 442 530 Perone
471 490 738 542 unguentario
768 489 818 528 cf.
840 488 1084 540 Theopomp.
1105 490 1142 529 1.
1174 489 1405 530 Anaxandr.
1424 490 1493 530 40.
1526 491 1674 542 Bergk.

50 582 61 597 ,
106 546 155 587 R.
173 558 207 586 o.
224 546 311 586 Att
329 547 412 586 405
429 559 489 598 sq.
510 568 560 575 —-—
591 544 691 598 πρὸς
721 549 779 602 τῷ
799 542 960 596 Πέρωνι
989 542 1205 598 γενόμενον
1234 560 1272 588 v.
1299 549 1318 585 1
1338 544 1535 613 Schweig
1538 547 1674 588 haeus.

49 614 59 618 ··
107 602 304 655 Bergkius
333 604 382 643 R.
414 615 444 642 c.
476 604 563 643 Att.
594 604 678 644 407
708 617 746 644 v.
771 603 795 641 2
826 597 952 642 αὐτὸν
984 599 1145 655 Πέρωνι
1173 601 1264 655 περὶ
1291 599 1441 670 μύρον·
1472 562 1614 657 μέλλει
1632 602 1677 644 δέ

109 669 172 699 σοι
197 660 204 711 Ι
230 657 398 706 συνθεὶς
428 657 566 712 φέρειν
594 656 641 700 τὰ
671 654 951 726 κινναμώμινα
982 664 1106 699 ταῦτα
1135 658 1203 699 καὶ
1229 658 1235 712 Ι
1261 655 1308 699 τὰ
1339 659 1523 711 νάρδινα.
1585 675 1675 702 cum

43 720 45 722 '
106 717 324 769 unguentis
345 716 486 757 Graeci
518 718 638 758 etiam
669 718 719 758 ad
749 718 888 757 vinum
918 717 1219 768 temperandum
1251 719 1311 757 usi
1343 719 1424 758 sint
1456 717 1620 768 (Athen.
1636 721 1674 771 2,

49 798 58 808 ··
106 774 210 814 66d.
247 773 404 814 Aelian.
428 774 475 815 V.
495 774 533 816 11.
561 775 633 826 12,
657 776 725 815 31.
763 774 869 814 Plin.
894 774 943 814 N.
964 775 1003 814 11.
1028 775 1094 827 14,
1117 775 1185 814 92.
1209 775 1246 814 3.
1284 776 1376 815 115.
1424 775 1473 814 of.
1504 776 1565 825 13,
1589 773 1674 830 25),

105 843 358 882 nequaquam
395 832 665 882 spernendum
703 832 808 883 quod
847 831 883 871 A
923 804 1094 883 piaebet5
1123 828 1355 883 γευόμενον.
1404 832 1558 883 itaque
1577 834 1676 872 mihi

105 887 268 939 quidem
305 888 556 928 scribendum
595 889 755 930 videtur
790 885 922 941 παρὰ
959 893 1013 942 τῷ
1047 903 1090 940 μ.
1127 884 1348 941 γευόμενον
1384 891 1512 928 κατελ.
1549 885 1676 929 αὐτὸν

107 941 307 997 Πέρωνι
351 959 447 985 των
488 941 681 998 μύρων·
719 943 846 997 μέλλει
878 942 923 984 δέ
952 955 1014 985 σοι
1042 946 1124 985 κτλ.
1175 946 1226 986 cf.
1258 946 1465 997 Aristoph.
1497 947 1548 986 fr.
1581 949 1677 987 205.

40 1016 43 1017 ’
106 1000 264 1042 Alexid.
275 1003 342 1042 60.
372 999 657 1054 καταλιμπάνω
677 1005 874 1055 nusquam
894 1003 999 1054 apud
1020 1003 1190 1044 comicos
1210 1005 1369 1054 praeter
1382 1004 1486 1044 1111116
1500 1017 1675 1045 versum.

862 1114 919 1157 36

338 1200 435 1244 ταῖς
464 1192 508 1236 δ’
532 1193 739 1245 ἐνδύτοις
769 1195 996 1248 στολαῖσι,
1028 1171 1445 1251 τετραγῳδημέναις

341 1263 567 1318 σκελέαις,
598 1262 785 1318 τιάραις.

36 1387 37 1390 ¹
220 1345 362 1384 Pollux
394 1347 431 1394 7,
454 1347 507 1385 59
547 1343 617 1394 τὰς
652 1343 696 1385 δὲ
736 1341 1047 1414 ἀναξυρίδας
1075 1343 1143 1385 καὶ
1173 1342 1384 1393 σκελέας
1425 1348 1612 1387 καλοῦσι.

104 1395 348 1453 Ἀντιφάνης
378 1399 422 1441 ἐν
448 1399 603 1458 ’Λντεία
633 1405 713 1442 κτλ.
811 1398 989 1451 ἕνδύτοις
1019 1403 1188 1444 Porson.
1210 1403 1315 1443 Adv.
1340 1401 1442 1456 285]
1476 1401 1520 1443 ἕν
1539 1400 1678 1452 αὐτοῖς

105 1458 196 1499 Ao.
266 1456 310 1498 ἐν
335 1455 489 1499 Ἀντεία
518 1442 768 1514 Leopardus]
800 1456 974 1500 ἐναντία.
1007 1458 1197 1508 ἐναντίως
1230 1460 1278 1500 A.
1328 1473 1468 1500 vocem
1499 1458 1677 1509 σκελέαις

106 1511 149 1569 (a
179 1513 335 1572 σκέλος)
363 1520 482 1568 poeta
511 1518 796 1568 interpretatur
825 1532 864 1558 v.
889 1520 909 1557 1
944 1514 1125 1565 ἕνδύτοις
1156 1517 1343 1557 στολαΐσι.
1433 1517 1677 1573 τετραγῳδη-

38 1620 41 1621 ⁷
107 1570 245 1624 μέναις
274 1586 356 1614 11011
386 1576 532 1614 iterato
563 1576 730 1615 articulo
761 1587 851 1615 eum
881 1577 1057 1615 στολαῖσι
1086 1575 1276 1626 coniungi
1307 1575 1419 1615 nullo
1449 1577 1569 1615 modo
1590 1578 1677 1627 pot:

106 1633 180 1671 est.
231 1631 369 1682 itaque
405 1632 635 1683 interpunxi
672 1634 766 1684 post
802 1633 999 1684 στολαῖσι,
1035 1634 1082 1672 111
1111 1633 1364 1698 participium
1397 1634 1598 1682 pertineat
1627 1634 1677 1673 ad

106 1684 296 1735 σκελέαις.
352 1689 438 1730 veri
474 1691 608 1729 tamen
647 1690 815 1730 similius
855 1692 916 1730 est
951 1690 1220 1741 Antiphanem
1260 1690 1466 1740 scripsisse
1505 1692 1678 1730 στολαῖσι

107 1743 498 1799 τετραγῳδημέναι,
528 1748 709 1788 mulieres
737 1749 881 1798 trayiee
911 1751 1119 1787 exornatae
1150 1748 1316 1793 braccis,
1347 1749 1471 1787 tiaris.

756 1870 1020 1917 ΑΝΤΕΡΩΣΑ

864 1926 918 1969 37

379 1981 585 2037 λαγγάζει

220 2060 311 2104 άντὶ
353 2064 425 2104 τοῦ
469 2062 696 2106 ἐνδίδωσιν.
743 2059 990 2117 Ἀντιφάνης
1032 2059 1266 2119 Ἀντερώσῃ.
1317 2066 1490 2106 Bekker.
1523 2066 1672 2107 Aneed.

111 2124 208 2172 106,
231 2123 270 2162 5.
321 2123 371 2163 ef.
403 2136 503 2174 quae
532 2123 583 2163 ad
612 2123 819 2174 Aristoph.
851 2124 901 2163 fr.
923 2125 1002 2163 811
1037 2124 1328 2164 adnotavimus.

703 2246 1072 2281 ΑΠΟΚΑΡΤΕΡῼΝ

221 2317 308 2356 Hoc
326 2317 448 2356 titulo
468 2317 661 2368 Hegesias
683 2315 926 2368 Cyrenaicus
956 2317 1102 2356 librum
1125 2318 1396 2368 inscripserat,
1429 2331 1507 2369 quo
1530 2318 1578 2358 ‘a
1596 2321 1679 2359 vita

107 2371 270 2424 qwidc'zm
298 2386 373 2423 per
410 2375 584 2413 inediam
621 2375 817 2414 discedens
845 2378 1046 2414 revocatur
1075 2375 1125 2414 ab
1155 2376 1311 2421 amieis,
1349 2376 1491 2424 quibus
1519 2388 1677 2425 respon-

40 2434 41 2438 ’
109 2432 204 2471 dens
233 2433 334 2470 vitae
362 2432 560 2470 humanae
588 2435 790 2471 enumerat
817 2432 1090 2471 incommoda)
1124 2431 1203 2471 Cio.
1225 2431 1342 2471 Tuso.
1367 2434 1404 2481 1,
1429 2433 1495 2481 34,
1518 2433 1585 2475 84.
1624 2433 1675 2472 cf.

42 2496 45 2537 ζ
109 2488 276 2527 Timocl.
302 2488 367 2536 18,
388 2488 429 2526 4.
461 2488 570 2529 Ρ1111.
592 2487 737 2527 Pericl.
764 2489 814 2528 16
835 2490 934 2528 extr.
965 2489 1139 2540 Lycurg.
1164 2490 1230 2528 29.
1261 2489 1383 2528 Num.
1409 2490 1476 2528 21.
1508 2512 1563 2518 -
1593 2490 1676 2529 fue-

108 2547 204 2584 runt
233 2545 353 2584 etiam
384 2545 622 2594 Apollodori
653 2543 825 2596 Carystii
852 2541 1262 2597 Ἀποκαρτεροῦντες,
1296 2546 1531 2596 Apollodori
1562 2547 1676 2586 Geloi
1706 2550 1710 2554 ’

64 2597 68 2600 ’
109 2603 150 2641 et
178 2602 421 2641 Philemonis
448 2597 760 2654 Ἀποκαρτερῶν.

381 2753 654 2802 στρωματεῖς
862 2691 917 2742 38
927 2753 930 2755 ’

233 2858 242 2868 .
269 2859 277 2868 .
292 2825 475 2879 κέχρηται
520 2833 573 2882 τῷ
616 2823 779 2881 ὀνόματι
822 2828 890 2870 καὶ
931 2825 1174 2881 Ἀντιφάνης
1225 2828 1268 2870 ἐν
1310 2827 1675 2884 Ἀποκαρτεροῦντι.

42 2877 45 2879 ’
108 2885 251 2925 Pollux
283 2886 348 2936 10,
372 2887 466 2926 138.
