1806 3216
0 127 11 145 1

0 188 12 208 k

40 297 156 339 nefas
174 300 217 339 et
236 297 413 338 seelera)
442 294 551 344 ὅστις
580 294 704 346 πένης
735 293 793 336 (ὂν
823 298 896 349 ζῆν
925 294 969 336 ἐν
997 294 1108 336 ἄστει
1129 293 1328 348 βούλεται,
1358 298 1405 335 ut
1426 296 1609 336 Menand.

43 355 150 404 897,
175 357 192 394 1
227 354 432 395 Volkmar.
466 354 611 394 Philol.
634 354 755 394 VIIII
785 356 880 395 586.
941 350 1048 401 ὅστις
1077 351 1202 406 πένης
1232 349 1292 392 ὤν
1328 353 1402 405 ζῆν
1430 352 1611 405 παραζῆν

0 464 4 466 Π
41 411 99 464 β.,
129 412 153 452 i.
175 424 209 452 ο.
240 408 352 459 ὅστις
381 425 424 451 π.
457 407 517 450 αἳν
546 409 625 461 ζῆν
653 411 709 463 β.,
739 412 880 462 παραζ.
912 410 948 462 β.
980 411 1184 451 Herwerd.
1216 411 1364 450 Mnem.
1387 410 1445 450 VI
1477 411 1545 450 74.
1584 460 1588 462 Π

785 522 865 565 158

315 603 521 652 τοιοῦτος
553 598 577 644 ὁ
605 603 703 657 βίος
734 600 856 644 ἐστὶν
886 598 1162 656 ἀνθρώπου,
1193 599 1350 656 γύναι·

319 667 682 727 εὐφραινόμεσθ’
708 667 917 713 ἐλάττον’
937 667 968 725 ἢ
999 662 1281 724 λυπούμεθα.

564 192 773 228 Anum<
798 191 1065 228 ΔΡΛΜΔΤῼΝ
1524 190 1611 233 525

159 765 356 806 Stobaeus
386 766 525 805 Floril.
558 766 632 815 98,
655 767 680 804 3
719 761 946 816 Φιλήμονος
987 764 1035 803 A.
1126 765 1165 802 2.
1204 758 1522 814 εὐφραινόμεσθ’
1555 761 1610 817 A]

41 817 349 875 εὖφραινόμεθ’.
439 818 615 861 ἐλάττον’
649 820 790 862 Cobet.
824 822 971 861 Mnem.
992 820 1113 860 VIIII
1145 818 1244 874 142]
1276 818 1447 860 ἔλαττον.

784 931 866 975 159

247 1011 415 1065 οὕτως,
457 1011 567 1055 ὅταν
597 1011 767 1069 ἐμπέσῃ
797 1027 866 1063 τις
896 1012 958 1062 εἰς
986 1011 1065 1054 τὸν
1095 1013 1211 1059 νοῦν
1241 1011 1406 1068 φόβος,

246 1079 332 1123 κα’κ
362 1083 444 1124 τοῦ
474 1081 722 1124 καθεύδειν
752 1074 887 1131 οὗτος
916 1078 1002 1123 οὐκ
1035 1075 1273 1136 ἐξέρχεται.

162 1176 358 1216 Stobaeus
387 1176 528 1216 Floril.
562 1177 628 1227 99,
651 1176 678 1214 5
706 1174 931 1227 Φιλήμονος
959 1175 1009 1216 A.
1100 1176 1137 1213 2.
1169 1170 1247 1213 κᾶν
1277 1179 1330 1229 τῷ
1359 1174 1492 1214 Bentl.
1540 1175 1613 1215 ‘ne

46 1234 93 1272 in
121 1235 270 1273 somnis
298 1234 454 1282 quidem
474 1245 604 1284 pavor
632 1245 651 1273 e
678 1236 804 1273 mente
833 1232 1007 1274 eoeceditss

790 1344 871 1387 160

295 1421 448 1479 ἀγαθὴ
478 1421 565 1479 γὰρ
595 1420 623 1479 ἡ
654 1424 774 1478 λύπη
806 1421 916 1466 καθ’
938 1420 1079 1479 αὐτῆς
1107 1419 1366 1465 ἀναπλάσαι

293 1490 491 1548 α’τεχνῶς
519 1490 736 1534 διπλάσια
765 1494 843 1548 τῆς
873 1490 1091 1547 ἀληθείας
1121 1490 1250 1534 κακά.

158 1586 353 1626 Stobaeus
373 1587 513 1626 Floril.
532 1588 598 1636 99,
622 1587 674 1624 22
699 1584 926 1638 Φιλήμονος
948 1586 996 1626 A.
1089 1588 1124 1625 1.
1155 1577 1312 1638 ἀγαθὴ]
1334 1581 1446 1636 δεινὴ
1469 1584 1610 1625 Cobet.

43 1643 190 1684 Mnem.
211 1656 304 1684 nov.
325 1643 367 1683 H
387 1644 485 1686 440.
792 1696 867 1740 161

316 1774 445 1819 πόλλ’
470 1777 595 1820 ἔστιν
626 1776 677 1820 ἐν
706 1778 948 1819 πολλαῖσιν
977 1776 1140 1825 οἰκίαις
1170 1774 1289 1818 κακά
1304 1807 1317 1829 ,

316 1861 344 1887 α
376 1847 525 1895 καλῶς
554 1860 664 1888 οταν
695 1844 881 1902 ἐνέγκῃς
910 1842 1062 1899 αγαθά
1091 1842 1342 1900 γενήσεται.

159 1940 356 1980 Stobaeus
386 1940 525 1979 Floril.
559 1940 654 1988 108,
675 1941 729 1979 35
761 1938 832 1978 τοῦ
861 1935 987 1978 αυτοῦ
1017 1935 1283 2008 (Φιλήμονος)
1315 1938 1364 1977 Α.
1444 1939 1484 1977 2.
1515 1951 1612 1976 οταν

47 1996 95 2037 G.
111 1997 327 2037 Hermann.
350 1996 495 2047 Opuso.
516 1996 599 2035 IIII
620 1993 722 2049 374]
754 1992 838 2036 ἐὰν.
889 1993 917 2034 ἃ
945 1997 1076 2043 καλῶς
1107 1992 1205 2035 ὅταν
1235 1993 1338 2049 φέρῃ
1366 2008 1441 2045 τις,
1472 1991 1610 2047 ἀγαθὰ

45 2052 198 2107 γίνεται
229 2054 368 2094 Cobet.
402 2055 550 2093 Mnem.
581 2066 673 2094 nov.
705 2053 746 2092 ΙΙ
776 2054 874 2097 443.

786 2163 866 2207 162

280 2241 466 2287 ἐνταῦθ’
489 2241 604 2300 ἀνὴρ
634 2242 720 2323 γάρ
752 2243 876 2286 ἐστιν
907 2238 1076 2296 ἀνδρὸς
1106 2242 1348 2298 διάφορος,

281 2312 333 2355 ἐν
361 2312 422 2368 τῷ
450 2313 502 2354 τό
531 2327 580 2355 τε
610 2309 752 2354 κακὸν
782 2303 833 2353 εὖ
862 2312 1020 2366 φέρειν
1049 2310 1125 2353 καὶ
1153 2308 1370 2365 τάγαθόν.

163 2395 358 2435 stobaeus
395 2395 533 2435 Floril.
567 2395 669 2444 108,
699 2395 751 2434 37
791 2391 1018 2446 Φιλήμονος
1056 2394 1108 2434 A.
1219 2394 1255 2431 1.
1293 2389 1369 2444 γὰρ
1407 2404 1485 2431 om.
1518 2392 1610 2430 AB.

49 2452 88 2492 2.
120 2445 167 2491 εὖ
197 2449 354 2504 φέρειν]
384 2447 618 2504 εὐφραίνειν
646 2425 695 2490 A.

787 2526 866 2570 163

321 2595 431 2638 αἰτῶ·
461 2592 506 2638 δ’
529 2593 707 2650 ὑγίειαν
737 2596 934 2649 πρῶτον,
967 2590 1048 2637 εἶτ’
1072 2591 1332 2648 εὐπραξίαν,

323 2665 480 2717 τρίτον
509 2663 559 2706 δὲ
589 2666 778 2718 χαίρειν,
810 2659 892 2705 εἶτ’
915 2658 1117 2718 ὀφείλειν
1146 2662 1320 2717 μηδενί.

163 2747 363 2787 Lucianus
393 2745 473 2786 Pro
503 2746 621 2796 lapsu
652 2747 676 2785 6
714 2739 815 2784 πολι)
846 2738 883 2783 δ’
916 2741 969 2783 ἄν
999 2738 1129 2792 εὕροις
1159 2741 1203 2782 τὸ
1231 2738 1430 2795 ὑγιαίνειν
1458 2745 1614 2791 πρῶτον

50 2800 179 2901 εὐίθὺς
201 2799 432 2900 Ιιὲεγόμενον.
481 2800 549 2841 καὶ
578 2799 600 2841 ὁ
629 2800 822 2854 Φιλήμων
850 2803 930 2841 κτλ.
963 2802 1014 2842 cf.
1036 2802 1265 2841 Anaxandr.
1292 2803 1357 2840 17.
1435 2804 1472 2840 1.
1494 2798 1612 2853 αἰτοῖ]

47 2875 75 2899 α
107 2875 170 2900 νω
240 2889 250 2900 .
