1864 3204
548 195 856 231 ΕΠῙΔΑΤΡῙΟΣ
880 214 923 221 -
948 196 1229 231 ΕΡΕΤΡΙΚΟΣ
1592 193 1677 236 323
1710 203 1713 206 ·

230 299 401 341 Bekker.
433 300 582 340 Anocd.
622 302 671 340 81
687 331 697 351 ‚
729 301 784 340 20
818 299 1020 340 αἰτεῖσθαι
1056 299 1133 352 γάρ
1169 309 1271 350 φησι
1311 295 1381 339 τὸν
1418 294 1677 349 ἀποδιδόντα,

117 355 187 396 τὸν
222 353 267 395 δὲ
301 355 356 408 μὴ
393 352 655 396 ἀποδώσοντα
691 356 828 397 αἰτεῖν.
880 355 1032 406 Ἄλεξις
1063 352 1102 396 δ’
1133 352 1355 411 Ἐπικλήρῳ
1385 353 1676 403 ἐκδιδόντος

117 410 256 461 τινὸς
286 410 540 466 θυγατέρα
570 415 652 454 κτλ.
764 418 799 453 1.
833 409 948 466 ἔγωγ’
971 407 1004 453 ὦ
1029 413 1152 454 Dobr.
1184 414 1309 454 Arist.
1339 413 1435 453 Aah.
1467 409 1570 467 254]
1601 409 1676 465 ἐγώ

116 469 203 511 eod.
235 467 352 523 ἔγωγε
373 470 545 511 Bekker.
625 471 663 512 2.
693 468 876 524 αἰτεῖται]
907 468 1010 510 αι’τεῖ
1035 473 1114 510 παῖ
1138 471 1223 511 οοᾶ.
1256 471 1333 511 sibi
1363 471 1446 521 ipse
1476 483 1558 514 non
1589 482 1676 509 con-

115 530 237 567 stans.
943 547 948 550 -

387 638 605 693 κακουχία

118 778 171 817 10
205 716 376 816 δ”.ιάὸλεὶξις
408 715 644 774 Ἐπικλήρῳ.
697 719 864 760 Bekker.
895 719 1045 760 Anecd.
1078 721 1181 772 104,
1204 721 1271 760 24.
1337 721 1388 761 cf.
1427 721 1531 760 Plat.
1563 720 1675 772 Reip.

173 807 183 826 ‚
334 807 342 816 .

766 866 1031 900 ΕΠΙΣΤΟΔΗ

229 947 291 987 Of.
316 945 485 986 ’Ἀσωτοι
514 942 545 997 ἢ
570 943 779 999 Ἐπιστολή
810 948 1020 999 Euthyclis
1051 944 1090 1001 (I
1111 949 1194 989 805
1225 949 1307 987 hui.
1329 948 1424 999 ed.)‚
1456 950 1675 1001 Machonis,

111 999 558 1102 ἓᾚτοΒλέιίῦΤὶέἓοΙὲῗ
590 1004 669 1044 fuit
698 1005 816 1044 etiam
838 1003 999 1045 Caecilii
1022 1005 1142 1045 Statii
1163 1006 1359 1055 Fqn'stula.
1412 1006 1462 1047 O.
1485 1007 1675 1048 Ribbeck.

386 1172 669 1227 προσέκοψεν
866 1116 919 1159 81

226 1249 317 1294 ἀντὶ
338 1259 407 1294 τοῦ
427 1251 728 1306 προσέπταισεν.
750 1252 904 1304 Ἄλεξις
921 1251 1148 1311 Ἐπιστολῇ,
1181 1256 1349 1296 Bekker.
1367 1257 1516 1299 Anecd.
1540 1260 1634 1309 112,
1652 1261 1676 1298 9

113 1314 155 1352 et
183 1311 339 1351 fabulae
369 1313 530 1353 nomine
559 1312 705 1352 omisso
734 1311 902 1353 Photius
933 1315 974 1353 et
1004 1313 1147 1353 Suidas
1176 1311 1461 1366 προσέκοψεν.’
1551 1326 1668 1368 προσ-

114 1365 276 1407 έπαισεν
305 1369 423 1409 Phot.

747 1447 1036 1482 ΕΠΙΤΡΟΠΟΣ

866 1525 922 1570 82

385 1602 528 1655 πολὺς
555 1606 645 1660 γὰρ
676 1601 798 1655 οἶνος
827 1603 957 1648 πόλλ’
980 1602 1256 1662 ἁμαρτάνειν
1285 1613 1414 1650 ποιεῖ.

226 1698 454 1738 Athenaeus
473 1700 536 1750 10,
548 1699 660 1738 443f
686 1701 816 1746 καλῶς
845 1697 943 1751 πρὸς
971 1697 1064 1747 τοὺς
1094 1697 1199 1739 οὕτω
1229 1698 1451 1748 λάπτοντας
1472 1698 1544 1740 τὸν
1563 1696 1674 1741 οἶνον

104 1752 255 1803 Ἄλεξις
281 1786 290 1795 .
316 1786 325 1795 .
353 1786 362 1795 .
386 1752 464 1794 κᾶν
488 1752 716 1808 Ἐὶιτιτρόπῳ
753 1751 791 1794 δ’
815 1753 893 1806 ἔφη
922 1757 1003 1799 κτλ.
1093 1759 1186 1796 ποεῖ
1211 1757 1262 1796 A.
1293 1758 1343 1797 cf.
1376 1757 1544 1798 Philam.
1580 1760 1671 1799 104.

663 1891 798 1925 EIITA
824 1892 912 1926 nm
937 1889 1126 1926 ΘΗΒΔῙΣ

230 1971 290 2011 cf.
314 1972 432 2011 Mein.
454 1972 474 2011 I
496 1974 592 2012 391.
626 1973 709 2012 fere
739 1985 899 2024 semper
927 1972 1079 2012 codices
1109 1973 1306 2013 fluctuant
1336 1974 1441 2013 inter
1462 1971 1616 2025 Θήβαις
1636 1978 1678 2014 et

121 2026 274 2080 Θήβας.
324 2029 404 2068 fuit
433 2029 555 2068 etiam
586 2029 797 2080 Amphidis
826 2030 1031 2070 comoedia
1054 2025 1183 2068 Ἑπτὰ
1215 2027 1280 2069 ἐπὶ
1315 2028 1484 2082 Θήβαις.

869 2140 924 2184 83

387 2219 586 2275 γόγγρου
617 2217 661 2261 δ’
684 2216 798 2275 ὁμοῦ
827 2217 1032 2274 σωρευτὰ
1062 2221 1251 2275 πιμελῆς
1280 2220 1390 2276 μέλη

385 2283 695 2343 ὑπεργέμοντα

228 2368 457 2409 Athenaeus
488 2371 526 2417 7,
549 2370 670 2409 2948
690 2366 843 2418 ’Ἄλεξις
873 2367 917 2408 ἐν
940 2365 1064 2408 Ἑπτὰ
1094 2366 1160 2409 ἐπὶ
1193 2368 1346 2422 Θήβαις
1377 2373 1458 2411 κτλ.
1565 2376 1600 2412 1.
1633 2371 1676 2411 δὲ

115 2426 164 2464 A.
239 2422 337 2477 μέλη
356 2423 531 2478 σωρευτὰ
552 2426 716 2477 πιμελῆς
736 2425 784 2465 A.
816 2438 918 2465 corr.
940 2426 1103 2466 Person.
1183 2428 1221 2466 2.
1252 2423 1522 2479 ὑπεργέμοντα
1543 2427 1673 2482 Pota]

115 2478 364 2533 ὖπογέμοντα
393 2484 443 2521 Δ.

756 2559 1032 2594 ΕΡΕΤΡΙΚΟΣ

870 2638 926 2681 84

415 2714 425 2720 ’
445 2716 675 2770 τευθίδες,
707 2718 886 2770 σπίναι,
917 2719 1063 2772 βατίς,
1095 2718 1254 2773 δῆμος,
1286 2714 1453 2772 ἀφύαι,

349 2782 541 2839 κρεάδι’,
574 2782 810 2837 ἐντερίδι’·
842 2780 956 2828 ἀλλὰ
984 2783 1063 2834 τὰς
1090 2785 1176 2839 μὲν
1204 2785 1442 2839 τευθίδας,

348 2850 402 2894 τὰ
432 2850 638 2908 πτερύγι’
660 2849 811 2894 αὐτῶν
841 2852 1092 2908 συντεμών,
1125 2854 1332 2895 στεατίου

1337 2917 1408 2955 21.
