1864 3204
319 180 404 222 414
952 178 1228 218 ΑΞΙΟΝῙΚΟΤ

992 282 1200 316 ΦΙΛΙΝΝΑ

434 351 494 391 Cf.
525 365 627 402 quae
656 352 706 391 ad
737 353 981 403 Hegemonis
1010 352 1244 392 Philiwnam
1273 352 1515 391 adnotantur
1543 344 1624 391 hui.
1646 353 1708 393 ed.
1730 353 1751 392 I
1779 354 1861 394 ‘100

1085 439 1112 481 5

593 508 778 562 γυναικὶ
810 507 864 562 δὴ
898 509 1083 549 πίστευε
1111 506 1170 562 μὴ
1202 509 1352 550 πίνειν
1381 505 1520 563 ὕδωρ.

434 591 661 630 Athenaeus
695 592 758 640 10,
773 591 898 640 ,4423
924 584 1139 637 Ἀξιόνικος
1171 586 1215 628 ἐν
1243 589 1411 643 Φιλίννῃ
1441 588 1545 640 φησί
1569 591 1650 629 κτλ.
1695 591 1724 629 i.
1747 603 1781 630 e.
1808 591 1864 631 ho<

321 660 417 687 sane
445 649 599 687 mulieri
629 649 777 687 credere
800 649 946 695 poteris
974 648 1134 696 ‘neyanti
1161 659 1202 686 se
1231 648 1356 685 bibere
1384 659 1542 695 aquam.
1573 660 1665 685 nam
1684 648 1715 686 si
1737 647 1864 687 vinmr

324 717 364 743 se
395 705 530 743 bibere
560 705 789 754 negaverit,
829 716 909 742 non
940 704 1015 741 erit
1044 704 1294 742 credendum.
1355 702 1572 753 πείθομαί
1597 713 1660 741 σοι
1688 701 1742 754 μὴ
1771 700 1864 754 ἔχε-ιι

320 759 499 811 χρήματα
530 757 648 814 (Xen.
681 761 810 799 Anab.
845 762 888 807 7,
912 761 958 809 8,
981 757 1026 813 3)
1063 760 1261 810 significat
1297 758 1491 810 πείθομαί
1517 770 1579 797 σοι
1609 757 1672 798 ὅτι
1699 757 1864 812 χρήματι

322 814 398 855 οὐκ
419 815 530 868 ἔχεις.
563 818 765 867 sequiores
786 819 855 855 aut
874 813 1025 867 λέγοντι
1044 817 1245 855 addebant
1265 819 1335 855 aut
1363 817 1440 855 alio
1471 817 1588 855 modo
1618 817 1714 856 talia
1743 818 1864 856 omnis

320 875 546 914 formabant
576 872 694 926 (Xen.
728 874 833 912 Hell.
866 874 904 922 5,
928 874 965 922 2,
989 870 1065 926 1).’
1118 871 1256 912 Cobet.
1288 873 1336 911 N.
1367 873 1394 912 1.
1426 874 1521 912 509.

946 984 1254 1018 ΧΑΛΚΙΔΙΚΟΣ

440 1051 682 1100 Χαλκιδικός
711 1068 761 1093 an
783 1052 935 1100 Χαλκίς
964 1067 1109 1093 nomen
1139 1054 1296 1092 fabulae
1327 1054 1448 1093 fuerit
1479 1054 1638 1093 dubitat
1659 1054 1864 1094 Meinekim

319 1113 361 1151 II
393 1114 488 1151 533.
547 1110 698 1157 Χαλκίς
739 1111 927 1150 meretrix
963 1111 999 1150 ei
1035 1111 1157 1149 fuisse
1194 1111 1355 1150 videtur
1385 1112 1622 1160 comparatis
1651 1111 1864 1152 nominibus

320 1168 475 1221 Χρυσίς
506 1165 715 1222 (Timoclis
737 1170 802 1218 25,
821 1165 880 1219 4),
909 1163 1089 1219 Ἀργυρίς
1120 1165 1313 1219 (Theogn.
1338 1166 1478 1218 1212).
1530 1162 1769 1214 Χαλκιδικός
1797 1179 1864 1207 nox

321 1231 403 1264 tam
434 1226 532 1265 civis
564 1228 625 1264 est
656 1224 945 1270 Chalcidensis,
982 1226 1030 1262 ut
1058 1224 1257 1262 Meinekio
1288 1223 1519 1271 videbatur,
1559 1223 1628 1263 sed
1656 1224 1776 1264 homo
1807 1237 1864 1274 qu

321 1282 640 1322 Chalcidensium
676 1294 805 1320 mores
841 1281 1036 1321 imitatur.
1076 1302 1127 1308 —
1167 1281 1334 1319 fortasse
1373 1281 1523 1330 aliquid
1561 1281 1660 1319 lucis
1690 1281 1864 1319 adferun

319 1339 542 1389 Hesychius
573 1336 826 1388 χαλκιδίζειν.
846 1368 854 1376 .
874 1334 958 1376 .έπὶ
987 1340 1067 1374 τῶν
1096 1335 1598 1387 παιδεραστοῦντων,
1629 1334 1711 1375 ἐπεὶ
1741 1334 1864 1376 ἐπλεό-

320 1396 439 1442 ναζον
467 1391 563 1444 παρ’
586 1390 720 1441 αὐτοῖς
750 1394 791 1432 οἵ
815 1391 992 1431 παιδικοὶ
1013 1390 1150 1444 ἔρωτες
1171 1395 1210 1432 et
1232 1393 1374 1432 Suidas
1396 1392 1632 1443 χαλκιδῖτις·
1653 1390 1679 1443 ἡ
1699 1389 1855 1445 πόρνη

319 1448 398 1489 ἀπὸ
428 1455 500 1500 τῆς
531 1446 723 1498 εὐτελείας
753 1455 823 1489 τοῦ
853 1447 1062 1500 διδομένου
1093 1449 1348 1500 νομίσματος,
1384 1462 1484 1499 quae
1513 1453 1620 1489 recte
1641 1450 1692 1489 ad
1711 1450 1860 1489 comico

320 1522 408 1547 rum
424 1509 638 1547 dictionem
658 1508 816 1546 rettulit
832 1507 1129 1557 Bernhardyus.
1161 1506 1210 1545 cf.
1229 1506 1412 1546 Eustath.
1434 1507 1554 1557 1329,
1568 1507 1636 1546 37.
1673 1506 1793 1554 1921,
1807 1507 1860 1546 62

319 1565 518 1604 Plutarch.
549 1565 738 1604 Proverb.
764 1566 799 1614 1,
822 1565 876 1603 84
906 1561 1162 1614 χαλκιδίζειν·
1196 1560 1259 1601 ἐπὶ
1289 1567 1370 1601 τῶν
1397 1560 1737 1614 γλισχρευομένων
1767 1559 1864 1615 (hac-

319 1624 436 1661 tenus
467 1622 588 1660 etiam
618 1618 794 1672 Suidas).
844 1619 885 1658 οἵ
916 1617 991 1672 γὰρ
1021 1616 1065 1658 ἐν
1094 1615 1250 1673 Εὐβοίᾳ
1281 1618 1495 1666 Χαλκιδεῖς
1526 1616 1603 1658 ἐπὶ
1633 1620 1864 1672 φιλαργυΙ

321 1677 402 1731 ρίᾳ
433 1675 808 1731 ἐκωμῳδοῦντο.

1092 1741 1118 1782 6

555 1809 629 1853 ὅτε
658 1811 740 1852 τοῦ
769 1816 1034 1865 παρασιτεῖν
1064 1811 1247 1865 πρῶτον
1277 1807 1489 1864 ἠράσθην
1518 1808 1628 1863 μετὰ

554 1878 799 1929 Φιλοξένου
830 1880 908 1933 τῆς
938 1877 1304 1932 Πτερνοκοπίδος
1328 1876 1433 1927 ,νέος
1463 1875 1526 1919 ἔτ’
1548 1875 1628 1930 ὤν,

553 1944 725 2001 πληγὰς
754 1943 980 2001 ὑπέμενον
1010 1945 1250 1988 κονδύλων
1280 1943 1354 1986 καὶ
1384 1946 1613 2000 τρυβλίων

557 2012 703 2056 ὀστῶν
731 2028 779 2055 τε
809 2010 858 2055 τὸ
889 2013 1080 2068 μέγεθος
1108 2010 1327 2062 τοσαύτας
1357 2011 1469 2054 ὥστε
1497 2027 1553 2067 με

502 2090 523 2122 5
554 2082 700 2124 ε’νίοτε
729 2077 1023 2135 τούλάχιστον
1054 2078 1168 2123 ὀκτώ
1200 2079 1432 2135 τραύματα

553 2151 694 2204 ἔχειν·
730 2148 974 2191 ἐλυσιτέλει
1003 2147 1108 2202 γάρ·
1141 2147 1287 2202 ἥττων
1318 2148 1405 2203 εἰμὶ
1435 2145 1522 2202 γὰρ

554 2220 633 2272 τῆς
661 2215 839 2272 ἡδονῆς.
891 2217 1041 2259 ἔπειτα
1071 2213 1147 2258 καὶ
1175 2215 1345 2272 τρόπον
1375 2213 1474 2258 τινὰ

555 2282 604 2327 τὸ
635 2283 818 2339 πρᾶγμά
847 2299 922 2339 μοι
953 2283 1182 2334 λυσιτελὲς
1212 2280 1327 2326 εἶναι
1357 2283 1587 2340 νενόμικα.

553 2346 652 2395 οἷον
682 2354 857 2407 φίλερίς
885 2353 951 2401 τίς
981 2351 1077 2394 ἐστι
1107 2352 1181 2394 καὶ
1209 2351 1400 2407 μάχεταί
1425 2354 1469 2393 τί
1496 2366 1590 2406 μοι·

481 2430 522 2461 10
551 2419 858 2475 μετεβαλόμην
887 2419 999 2475 πρὸς
1028 2421 1206 2474 τοῦτον,
1237 2418 1320 2462 ὅσα
1349 2419 1391 2461 τ’
1414 2419 1568 2473 εἴρηκέ
1592 2434 1647 2473 με

553 2490 701 2537 κακῶς
730 2484 962 2541 ὁμολογῶν
993 2485 1161 2537 εὐθέως
1189 2485 1245 2529 οὐ
1273 2484 1540 2541 βλάπτομαι.

553 2554 751 2610 πονηρὸς
781 2552 844 2596 ὤν
873 2569 921 2596 τε
950 2554 1140 2610 χρηστὸς
1171 2551 1292 2597 εἷναί
1316 2556 1432 2609 φησί
1455 2569 1546 2603 τις·

555 2622 841 2678 ἐγκωμιάζων
869 2624 1032 2665 τοῦτον
1062 2620 1290 2677 ἀπέλαβον
1321 2623 1468 2676 χάριν.

552 2689 756 2745 γλαύκου
785 2690 1025 2746 βεβρωκὼς
1052 2689 1237 2745 τέμαχος
1270 2689 1418 2745 ἑφθὸν
1446 2689 1640 2745 τήμερον

481 2767 521 2799 15
552 2755 715 2813 αὔριον
743 2757 886 2800 ἕωλον
916 2755 1039 2800 τοῦτ’
1062 2759 1179 2811 ἔχων
1208 2755 1291 2799 οὐκ
1322 2756 1529 2811 ἄχθομαι.

553 2828 755 2875 τοιοῦτος
785 2822 808 2867 ὁ
839 2824 1002 2879 τρόπος
1033 2823 1157 2867 ἐστὶν
1185 2823 1215 2880 ἡ
1244 2826 1382 2878 φύσις
1409 2825 1460 2866 τέ
1484 2840 1585 2879 μου.
