1864 3204
613 210 822 246 ΔΙΔΤΜΟΙ
848 227 891 235 -
915 207 1174 244 ΔΡΩΠΙΔΗΣ
1595 205 1677 247 317

228 317 456 357 Athenaeus
496 318 540 368 9,
571 316 652 355 395
669 315 695 354 b
748 310 792 353 ἐν
836 310 879 353 δὲ
915 308 1052 366 Ῥοδίῳ
1095 308 1124 363 ἢ
1170 306 1443 365 Ποππυζούσῃ
1488 310 1678 362 θηλυκῶς

117 370 365 426 (περιστερὰ)
396 371 527 425 εἴρηκε
558 368 749 426 (Ἄλεξις)
781 368 848 409 καὶ
877 366 937 408 ὅτι
966 369 1013 409 αἱ
1037 366 1243 408 Σικελικαὶ
1272 366 1464 420 διάφοροί
1490 366 1565 407 εἰσι
1594 369 1675 406 κτλ.

117 432 156 471 2.
187 428 331 484 τρέφω,
362 443 443 470 non
473 426 644 482 τρέφων,
674 427 725 468 Α.
813 424 967 466 τούτων
995 422 1105 465 πάνυ
1135 421 1286 467 τούτων
1315 425 1367 465 A.

872 536 928 580 58

913 607 991 660 τῆς
1020 605 1287 659 φιλοτησίας
1318 601 1404 658 ἐγώ

388 673 553 732 μεστὰς
581 675 789 729 προπίνω
818 670 863 728 γ’
887 676 988 715 ἴσον
1019 675 1102 729 ἴσῳ
1133 671 1426 726 κεκραμένας.

233 759 461 799 Athenaeus
484 759 678 807 10,431a
707 754 774 795 καὶ
796 752 952 804 ’Ἄλεξις
983 752 1027 793 ἐν
1049 753 1216 805 Δορκίδι
1244 750 1273 806 ἢ
1294 751 1567 806 Ποππυζούσῃ
1596 754 1677 793 κτλ.

122 820 158 858 1.
189 814 279 869 τῆς]
302 819 404 868 τρεῖς
424 818 531 855 recte
550 814 704 854 Iacobs.
722 813 827 853 Add.
844 812 942 852 Ath.
963 812 1058 854 234.
1144 807 1186 863 γ’
1210 811 1302 850 add.
1323 811 1444 850 Mein.
1476 806 1516 849 δ’
1540 810 1679 849 Dindr.

118 871 204 928 (vel
234 869 473 927 προπίνων).
513 872 564 912 cf.
596 871 840 921 Theopomp.
862 871 929 920 32,
952 870 976 908 9
1007 871 1049 908 et
1078 881 1178 920 quae
1207 868 1453 910 adnotantur
1483 867 1532 906 ad
1563 867 1680 906 Alex.

121 932 169 970 fr.
202 932 295 970 291.
344 930 515 970 Bekker.
546 928 695 967 Aneod.
729 929 802 976 70,
831 927 857 965 8
895 924 1128 976 φιλοτησίας
1165 923 1403 972 προπίνειν.
1423 956 1432 964 .
1452 920 1570 974 ,ποτὲ
1607 920 1682 974 μὲν

120 985 219 1026 κατὰ
249 984 416 1038 γενικὴν
444 983 618 1038 λέγεται,
656 982 792 1023 ἄλλοτε
821 980 866 1021 δὲ
896 978 984 1021 κατ’
1017 978 1149 1034 ὀρθὴν
1177 978 1209 1032 ἦ
1236 980 1481 1032 αἰτιατικήν.
1500 977 1580 1021 ,ἂν
1608 977 1683 1032 μὲν

119 1038 196 1083 οὖν
224 1041 326 1083 κατὰ
355 1042 533 1096 γενικήν,
564 1040 749 1093 σημαίνει
778 1035 907 1091 αὐτὴν
935 1036 1008 1090 τὴν
1038 1038 1259 1091 πρόποσιν.
1279 1070 1288 1079 .
1305 1036 1373 1078 καὶ
1401 1036 1476 1090 τὴν
1505 1036 1684 1084 δεξίωσιν

120 1099 196 1152 τὴν
232 1098 277 1140 ἐν
316 1105 369 1154 τῷ
399 1095 660 1154 (προ)πίνειν.
711 1094 862 1148 ἐκλήθη
891 1101 991 1149 γοῦν
1020 1092 1099 1135 άπὸ
1135 1101 1202 1148 τῆς
1233 1092 1392 1147 φιάλης.
1443 1089 1486 1133 τό
1517 1093 1561 1133 δὲ
1590 1090 1680 1132 κατ’

121 1154 253 1210 ὀρθὴν
280 1153 308 1208 ἢ
336 1154 562 1207 αἰτιατικὴν
590 1153 723 1205 μόνως
754 1152 929 1193 τάττεται
959 1151 1023 1192 ἐπὶ
1053 1158 1122 1204 τῆς
1142 1152 1318 1200 κύλικος.
1372 1165 1416 1192 ac
1436 1148 1549 1200 κύλιξ
1570 1153 1683 1201 φιλο-

121 1213 234 1266 τησία
264 1215 390 1254 Arist.
423 1213 520 1265 Lys.
552 1214 646 1263 203,
677 1208 792 1263 χορὸς
822 1205 1048 1261 φιλοτήσιος
1078 1211 1128 1252 fr.
1161 1211 1255 1250 675.

773 1333 1034 1368 ΔΡΩΠΙΔΗΣ

234 1419 372 1468 Neque
402 1418 436 1457 is
466 1430 585 1468 quem
604 1417 722 1455 Plato
752 1417 1034 1455 commemorat
1053 1410 1273 1468 (Charmid.
1299 1415 1378 1453 157
1390 1427 1422 1452 e.
1455 1414 1558 1452 Tim.
1582 1414 1637 1452 20
1647 1409 1686 1467 e)

122 1488 250 1526 neque
279 1474 374 1514 Cliti
405 1477 518 1525 pater
547 1470 724 1526 (Arrian.
756 1473 887 1512 Anab.
919 1473 960 1522 4,
982 1473 1020 1520 8,
1046 1469 1089 1524 1)
1119 1471 1345 1511 comoediae
1374 1482 1522 1510 nomen
1552 1470 1684 1518 dedit3

123 1532 193 1573 sed
222 1532 391 1571 fortasse
411 1531 612 1580 Dropidas
630 1529 891 1575 Atheniensis,
923 1529 992 1579 qui
1023 1528 1163 1568 Curtio
1194 1530 1356 1567 auctore
1387 1528 1445 1581 (3,
1471 1528 1534 1574 13,
1561 1523 1633 1580 15)
1664 1540 1687 1565 a

124 1589 278 1629 civibus
308 1601 397 1627 eum
426 1587 626 1638 Iphicrate
665 1589 705 1626 et
733 1586 1010 1637 Aristogitone
1038 1586 1198 1637 legatus
1228 1585 1279 1624 ad
1307 1585 1518 1624 Persarum
1550 1596 1685 1634 regem

123 1646 266 1686 missus
305 1648 346 1685 et
383 1645 433 1684 ab
463 1644 690 1684 Alexandro
730 1657 783 1683 m.
815 1642 1059 1693 aliquamdiu
1095 1643 1138 1681 in
1176 1642 1357 1682 custodia
1394 1642 1572 1680 retentus
1609 1643 1683 1679 est.

125 1703 286 1742 Arrian.
318 1703 355 1750 3,
378 1702 444 1752 24,
467 1702 507 1740 4.
878 1752 934 1796 59

329 1823 542 1878 εἰσῆλθεν
571 1820 731 1878 ἡταίρα
761 1819 966 1876 φέρουσα
995 1815 1076 1863 τὸν
1105 1818 1282 1875 γλυκύν

330 1890 383 1934 ἐν
412 1885 597 1945 ἀργυρῷ
627 1890 824 1945 ποτηρίῳ
854 1888 1059 1945 πετάχνῳ
1087 1889 1202 1942 τινί,

329 1956 598 2015 ἀστειοτάτῳ
628 1954 711 2012 τὴν
742 1954 861 2007 ὄψιν,
893 1953 1004 1998 οὔτε
1032 1957 1232 2012 τρυβλίῳ

330 2023 435 2068 οὔτε
465 2025 630 2081 φιάλῃ,
661 2031 835 2080 μετεῖχε
865 2022 906 2067 δ’
934 2022 1107 2080 ἀμφοῖν
1135 2030 1234 2066 τοῖν
1265 2022 1478 2078 ῥυθμοῖν.

239 2108 467 2148 Athenaeus
506 2108 692 2159 3‚125f
726 2103 788 2146 ὅτι
822 2103 861 2145 δ’
899 2105 1037 2146 ἔπινον
1077 2105 1144 2145 καὶ
1186 2103 1341 2158 γλυκὺν
1384 2099 1495 2144 οἶνον
1537 2102 1684 2156 μεταξὺ

127 2163 330 2212 ἐσθίοντες
349 2159 505 2214 ’Ἄλεξίς
542 2174 667 2216 φησιν
706 2161 749 2203 ἐν
780 2162 972 2218 Δρωπίδῃ
1002 2160 1221 2217 (δρωπείδῃ
1251 2162 1308 2214 Α)
1339 2164 1419 2201 κτλ.
1482 2163 1588 2201 idem
1621 2164 1685 2211 11,

128 2223 244 2262 4962
271 2219 487 2273 πέταχνον·
516 2219 705 2273 ποτήριον
734 2218 961 2271 ἐκπέταλον,
991 2214 1043 2259 οὗ
1070 2217 1312 2271 μνημονεύει
1326 2217 1478 2267 ’Ἀλεξις
1511 2216 1556 2258 ἐν
1577 2220 1686 2270 Δρω-

129 2277 239 2331 πίδῃ.
287 2276 487 2329 πρόκειται
520 2275 565 2318 δὲ
594 2275 638 2317 τό
668 2275 899 2330 μαρτύριον.
1006 2279 1040 2315 1.
1071 2273 1097 2327 ἡ
1129 2275 1263 2327 ἑταίρα
1294 2279 1335 2315 et
1365 2277 1404 2315 2.
1435 2289 1619 2329 πεταχμῳ
1651 2276 1689 2314 Α

133 2336 227 2375 125.
272 2335 323 2374 cf.
353 2335 559 2385 Aristoph.
580 2335 630 2374 fr.
653 2335 749 2374 288.
830 2348 868 2375 v.
902 2336 922 2372 1
955 2328 1144 2385 φέρουσ’
1166 2327 1311 2371 οἶνον
1339 2331 1493 2385 γλυκύν
1522 2333 1570 2374 K.
1649 2333 1689 2370 4.

131 2389 292 2444 ῥυθμός
321 2388 514 2445 (ρυσμός)
543 2404 618 2442 pro
649 2394 779 2442 σχῆμα
808 2391 961 2441 primus
991 2390 1097 2441 quod
1127 2389 1246 2429 sciam
1276 2390 1532 2428 Democritus
1562 2389 1690 2439 philo·

130 2448 278 2499 sophus
307 2449 528 2499 usurpavit.
879 2499 936 2542 60

1122 2554 1205 2612 τὴν
1234 2555 1418 2611 σπάθην

403 2614 454 2657 ἐν
483 2619 545 2670 τῷ
574 2613 702 2671 μύρῳ
733 2615 949 2668 καθῆκεν.

245 2696 390 2737 Pollux
412 2698 476 2743 10,
494 2697 619 2736 120.1
654 2692 696 2734 τὸ
727 2693 800 2746 μὲν
830 2694 886 2742 εἰς
915 2693 985 2742 τὰς
1014 2692 1221 2745 ληκύθους
1249 2691 1489 2744 καθιέμενον
1519 2690 1582 2732 ἐπὶ
1602 2691 1692 2746 γεύ-

132 2768 224 2806 ματι
261 2753 330 2792 τοῦ
366 2748 495 2803 μύρου
532 2750 713 2790 σπαθίδα
749 2750 815 2791 καὶ
851 2750 1022 2801 σπάθην
1051 2748 1215 2802 κλητέον
1233 2781 1241 2790 .
1261 2781 1269 2789 .
1290 2745 1524 2798 .Ἀλέξιδος.
1546 2747 1610 2789 ,ἕν
1640 2755 1691 2804 τῷ

135 2809 328 2863 Δρωπίδῃ
356 2807 524 2857 σπάθην
553 2806 626 2859 τὴν
655 2807 836 2847 σπαθίδα
866 2806 1045 2854 εἰπόντος
1076 2809 1155 2847 κτλ.
1234 2804 1279 2845 ἐν
1309 2811 1361 2860 τῷ
1390 2805 1515 2859 μύρῳ,
1547 2810 1592 2846 ut
1614 2808 1691 2846 Ho-

133 2880 265 2907 merus
295 2864 339 2905 ἐν
366 2864 463 2918 πυρὶ
491 2860 661 2917 βάλλειν.
688 2887 735 2893 -
769 2866 817 2907 ef.
851 2866 1054 2915 Aristoph.
1086 2865 1134 2903 fr.
1168 2865 1262 2903 205.
1312 2864 1455 2902 Eubul.
1492 2864 1584 2903 100.
