1890 3190
545 213 874 248 ΑΡΧΕΣΤΡΑΤΗ
899 230 943 239 -
966 213 1214 249 ΑΤΛΗΤΗΣ
1614 213 1671 256 29

96 317 229 359 culam
266 319 544 369 aegrotantem
585 318 733 358 fefellit
770 319 813 358 et
855 318 1096 370 vagi-andem
1125 317 1211 359 vini
1240 317 1433 369 lepastam
1465 318 1502 357 ei
1532 319 1669 369 propi-

93 387 195 415 nans
223 374 429 426 potionem
460 375 698 416 medicatam
728 375 824 414 fecit
852 375 1042 415 haurire?
1075 374 1243 415 Oasaub.
1302 373 1502 427 βρυτικήν
1531 375 1668 427 ‘bryti

93 433 193 483 potu
229 431 397 483 inpense
433 431 700 484 gaudentem'
739 431 913 477 Meinek.
961 445 1061 483 quae
1106 433 1386 483 interpretatio
1431 433 1546 472 nulla
1590 435 1666 472 est.

93 489 270 540 primum
300 489 406 529 enim
437 492 484 529 ut
512 489 562 529 ab
593 482 719 538 οἶνος,
752 485 864 541 ὕδωρ
885 487 1024 529 Graeci
1053 502 1271 540 numquam
1303 490 1539 530 derivarunt
1567 489 1666 529 οἰνι-

93 541 188 597 κός,
224 542 435 596 ὑδατικός,
474 546 532 586 ita
571 559 594 585 a
623 545 774 598 βρῦτον
803 558 1021 596 numquam
1050 546 1231 586 fecerunt
1259 543 1459 598 βρυτικός.
1522 547 1666 587 deinde

92 602 135 643 in
184 601 348 643 Graecia
391 606 462 643 aut
504 603 623 642 Italia
665 615 906 653 quemquam
946 603 1056 654 bryti
1095 605 1195 653 potu
1243 604 1489 643 delectatum
1539 604 1662 644 fuisse

42 655 44 658 ’
94 660 184 711 quis
213 659 378 700 credat?
434 660 575 700 melius
604 660 648 699 in
676 659 796 699 Anal.
828 659 921 702 Ath.
953 660 1035 699 225
1066 661 1278 711 proposuit
1308 657 1543 712 Βρεττικήν,
1582 655 1665 701 non

93 717 416 757 animadvertens
446 720 580 757 tamen
609 716 651 756 id
681 717 835 767 ipsum,
874 716 907 755 si
937 730 1059 756 unam
1096 717 1275 757 litteram
1305 718 1526 768 exceperis,
1558 718 1667 758 idem

23 775 26 781 '
93 786 178 815 esse
216 787 307 814 cum
344 787 389 814 oa
425 774 556 814 forma
591 787 710 825 quam
740 774 906 824 praebet
934 774 985 814 A.
1045 774 1195 814 Bruttii
1226 775 1332 814 enim
1362 787 1462 826 quos
1493 775 1666 815 Romani

29 845 36 852 ⁶
92 831 231 871 dicunt
250 831 412 872 Graecis
442 835 538 872 sunt
559 827 755 882 Βρέττιοι,
787 828 999 882 Βρύττιοι,
1031 829 1257 884 Βρούττιοι,
1291 830 1474 884 Βρεύτιοι
1495 831 1662 884 (Athen.

95 888 160 939 14,
184 890 297 930 6500
327 889 448 928 etiam
477 886 557 942 A),
598 885 776 941 Βρέντιοι
808 884 996 942 (Dionys.
1027 885 1219 942 Perieg.).
1279 901 1392 929 serva
1422 890 1508 929 sine
1541 890 1663 929 dubio

93 945 340 1043 fignggatur
368 946 544 992 Bruttia,
573 951 621 985 ut
650 946 692 984 in
723 945 903 986 Alexidis
935 944 1112 1000 Βρεττίᾳ.
1158 948 1336 986 ceterum
1367 947 1418 986 cf.
1450 947 1664 997 Aristoph.

783 1092 971 1128 ΑΣΩΤΟΙ

208 1172 393 1214 ε’Ἁσοοτοι
421 1170 451 1226 ἢ
466 1170 697 1214 Ἐπιστολαί
714 1174 924 1226 Euthyclis
944 1175 1024 1214 fuit
1043 1172 1192 1223 fabula,
1217 1171 1391 1222 ’Ἀσωτος
1414 1175 1662 1215 Timostrati.

93 1231 215 1271 Ennii
243 1231 410 1272 Asotum
444 1232 611 1272 laudant
639 1231 769 1272 Varro
806 1234 847 1272 et
875 1233 1038 1280 Festus,
1072 1230 1234 1272 Caecilii
1266 1232 1453 1272 Nonius.'
1493 1233 1614 1272 Mein.
1645 1233 1666 1271 I

0 1300 17 1347 ὲ
94 1289 190 1329 337.
241 1290 291 1329 cf.
325 1288 370 1332 O.
390 1289 585 1329 Ribbeck.
619 1288 731 1329 Com.
761 1290 877 1329 Rom.
910 1287 981 1328 fr.²
1008 1303 1053 1340 p.
1077 1290 1144 1328 37.
1168 1293 1181 1302 ‘

849 1400 905 1442 46

206 1484 374 1524 Bekker.
397 1483 548 1524 Anecd.
572 1484 704 1535 86,14
733 1487 847 1536 γαμῶ
876 1478 903 1534 ἡ
934 1497 1036 1535 γυνη
1067 1479 1183 1535 λέγει,
1215 1478 1262 1522 οὗ
1284 1488 1497 1535 γαμοῦμαι.
1535 1477 1663 1522 Ἀντι-

9 1518 14 1553 ξ
93 1538 227 1593 φάνης
248 1536 452 1587 Ἀσώτοις.
503 1537 759 1594 ἐγημάμην
788 1537 810 1579 ὁ
841 1536 944 1592 ἀνὴρ
973 1537 1076 1593 λέγει
1104 1536 1196 1579 ἀντὶ
1225 1545 1296 1580 τοῦ
1326 1539 1466 1593 ἔγημα.
1527 1554 1572 1580 ex
1602 1542 1664 1580 his

0 1598 14 1654 g?
94 1601 231 1638 utrum
261 1599 408 1638 dixerit
426 1598 677 1649 Antiphanes
706 1611 788 1638 non
818 1598 1087 1650 cognoscitur.
1125 1599 1196 1638 aut
1217 1598 1391 1648 superba
1411 1611 1512 1638 uxor
1532 1599 1662 1639 activo

9 1663 12 1667 '
91 1658 249 1708 γαμεῖν,
288 1658 359 1695 aut
387 1655 528 1695 infelix
559 1656 720 1695 dotatae
749 1656 929 1695 mulieris
959 1655 1127 1695 maritus
1156 1655 1287 1695 medio
1316 1657 1536 1708 γαμεῖσθαι
1566 1668 1662 1696 usus

93 1715 192 1753 erat.
245 1713 318 1753 «οἱ.
349 1712 515 1755 Porson.
545 1713 685 1764 Eurip.
716 1713 823 1752 Med.
849 1713 960 1752 2643
991 1713 1114 1752 Mein.

752 1882 994 1916 ΑΤΑΗΤΗΣ

10 1975 15 1978 ’
204 1965 398 2005 Batalwm
434 1964 651 2016 significari
687 1965 886 2005 Meursius
916 1965 1022 2004 Bibl.
1055 1966 1141 2006 Att.
1172 1977 1210 2014 p.
1236 1964 1347 2003 1410
1386 1966 1428 2004 et
1457 1964 1662 2004 Hemster-

11 2035 13 2038 ·
91 2022 230 2062 husius
259 2022 385 2062 Arist.
416 2021 524 2062 Plut.
556 2036 597 2073 p.
620 2023 700 2062 365
733 2023 991 2062 coniecerunt
1020 2023 1122 2062 conl.
1153 2021 1356 2061 Plutarch.
1393 2021 1600 2064 Demosth.
1623 2022 1661 2060 4.

10 2087 14 2094 ¹
93 2078 226 2119 Schol.
258 2079 446 2119 Aeschin.
480 2080 643 2130 1‚126.
693 2079 862 2120 Bekker.
901 2079 1053 2119 Anccd.
1094 2081 1194 2130 221,
1219 2080 1286 2118 26.
1347 2079 1399 2118 cf.
1439 2079 1611 2118 Meinek.
1644 2079 1664 2117 I

11 2134 15 2179 'I
94 2137 175 2175 333
197 2148 254 2187 sq.

848 2191 903 2233 47

346 2271 496 2323 ποίαν,
530 2266 710 2325 φράσον
739 2268 841 2326 γάρ,
872 2264 955 2327 ᾖδε
986 2269 1068 2326 τὴν
1098 2271 1377 2321 συναυλίαν;

345 2337 532 2394 ταύτην,
565 2338 797 2380 ἐπίσταται
827 2338 937 2394 γάρ,
970 2337 1073 2381 ἀλλ’
1093 2335 1270 2394 ηὔλουν
1301 2339 1366 2382 ἔτι

343 2405 570 2462 μαθόντες
608 2440 618 2450 .
665 2440 674 2449 .
721 2404 837 2449 ὥστε
867 2403 974 2456 τοὺς
1004 2405 1173 2457 αὐλούς
1203 2406 1261 2449 σύ
1291 2422 1339 2450 τε

344 2490 458 2531 αυτη
487 2477 640 2530 τελετη
673 2478 956 2530 ψεθειθαμεν
986 2473 1314 2531 συντυγχάνεις

298 2552 318 2583 5
342 2541 498 2586 αὐλῶν
528 2543 724 2599 πέραινε.
776 2542 949 2594 δέξεται
979 2543 1028 2586 δὲ
1059 2542 1200 2586 τᾶλλα
1231 2554 1315 2587 σοι.

345 2609 435 2667 ἡδύ
464 2627 507 2655 τι
537 2612 696 2655 κοινόν
729 2611 868 2666 ἐστιν,
900 2604 956 2654 οὗ
985 2612 1121 2668 χωρὶς
1150 2611 1289 2655 πάλιν

349 2677 625 2736 συννεύματ’
649 2677 704 2722 οὐ
735 2678 1023 2736 προβλήμαθ’
1047 2674 1114 2730 οἷς
1143 2682 1409 2736 σημαίνεται

346 2748 525 2791 ἕκαστα.

210 2831 439 2872 Athenaeus
463 2832 528 2882 14,
545 2832 628 2871 618
642 2831 699 2871 ab
728 2827 894 2878 ἀστείως
925 2828 970 2870 δὲ
999 2826 1130 2883 αὐτὴν
1159 2829 1253 2883 (τὴν
1272 2829 1512 2883 συναυλίαν)
1531 2827 1660 2871 Ἀντι-

96 2885 231 2940 φάνης
262 2885 446 2941 φανερὰν
474 2891 585 2928 ποιεῖ
611 2885 655 2927 ἐν
684 2888 742 2942 τῷ
771 2884 938 2943 Αὐλητῇ
967 2886 1093 2941 λέγων
1122 2889 1203 2928 κτλ.
1294 2890 1331 2928 1.
1363 2881 1436 2943 ᾖδε
1466 2886 1557 2942 τὴν]
1589 2889 1661 2939 ηδε
