1864 3204
615 216 834 250 ΑΓΧιΣΗΣ
859 235 899 241 -
925 217 1155 253 ANTIOHH
1590 215 1669 258 167

214 319 344 360 Schol.
375 320 498 360 Arist.
530 320 638 360 Plut.
674 321 796 361 1129.
855 321 967 362 Suid.
1006 325 1047 363 et
1077 322 1312 373 Harpocrat.
1345 320 1532 360 Marcian.
1547 317 1670 388 (sine

100 377 256 418 fabulae
285 379 463 431 nomine)
496 371 777 425 ἀσκωλιάζειν·
808 372 1064 428 ἀσκωλιάζειν
1096 377 1231 431 ἔλεγον
1260 374 1303 416 τὸ
1333 373 1397 416 ἐπὶ
1425 382 1507 416 τῶν
1536 372 1670 416 ἀσκῶν

98 428 290 474 ἅλλεσθαι
329 432 444 474 ἓνεκα
484 435 553 473 τοῦ
590 436 876 486 γελωτοποιεῖν.
935 434 980 475 έν
1021 434 1125 490 μέσῳ
1170 432 1215 475 δὲ
1259 437 1332 472 τοῦ
1375 428 1551 485 θεάτρου
1591 432 1667 473 ἐτί-

96 493 219 531 θεντο
247 483 394 538 ἆσκοὺς
423 488 733 542 πεφυσημένους
773 490 841 531 καὶ
875 476 1187 544 ἀληλιμμένους,
1218 491 1274 538 εἰς
1307 487 1379 538 οὕς
1415 488 1669 542 ἐναλλόμενοι

97 543 339 589 ὠλίσθανον.
399 543 586 600 καθάπερ
617 545 828 600 Εὔβουλος
869 546 911 588 ἐν
943 549 1148 604 Δαμαλεία
1186 546 1263 602 (sie
1292 547 1357 599 V.
1398 561 1478 588 om.
1509 549 1667 600 reliqui,

98 604 283 659 Δαμαλίᾳ
315 605 441 654 Suid„
477 601 696 673 Ἀμαλθεία
728 605 1073 658 Hemsterhusius)
1113 604 1238 657 φησιν
1267 602 1394 652 ου’τως
1424 607 1507 644 κτλ.
1629 608 1664 645 1.

96 645 272 713 τούτοις]
299 661 414 701 τοῦτο
431 635 808 712 Harp.ofex0i19
837 663 948 702 Suid.
1035 664 1078 703 in
1108 664 1216 703 exitu
1246 662 1370 712 χαμαί
1395 663 1486 701 add.
1517 662 1665 715 Bentl„

95 714 184 759 τινά
213 719 365 770 Ι)ἰιι(11’Ἷ
398 716 496 770 τάχα
526 719 589 759 vel
618 715 744 770 μέγαν
772 720 892 760 Mein.
924 718 1079 769 ψιλὸν
1109 716 1268 759 ἀσκὸν
1298 719 1353 766 εἰς
1382 716 1502 770 μέσον
1531 719 1581 759 K.

96 777 135 815 ⁴2.
167 771 514 815 ἕνάλλεσθὼΒιιὶᾱ.
593 771 777 826 καχάζετε
807 777 945 817 Dindf.
950 776 967 829 ]
999 772 1219 844 καγχάζετε,
1251 772 1452 827 κᾶκχέζετε
1472 777 1667 827 Harpoer.

95 833 133 874 3.
162 827 242 871 άπὸ
271 829 533 883 κελεύσματος
565 833 691 884 Suid„
731 846 810 873 om.
842 833 1036 886 Hal-poor.
1154 830 1420 886 ἀπορρέουσιν
1449 829 1666 872 ἆποκελεύ-

87 899 222 941 σματα
251 890 289 928 V
317 889 444 930 Arist.

675 991 738 1025 ΑΝ
741 990 1083 1027 ΑΣΩΙΖΟΜΕΝΟΙ
1127 1015 1130 1018 -

205 1071 267 1112 Cf.
299 1086 400 1123 quae
429 1073 481 1113 ad
511 1072 754 1134 Antiphapis
781 1068 1128 1128 Ἀνασῳζομένους
1159 1074 1413 1113 adnotantur.

862 1185 889 1226 9

357 1264 502 1318 ἕτεροι
531 1264 582 1306 δὲ
610 1269 760 1307 θεοῖσι
790 1264 1184 1319 συμπεπλεγμένοι

351 1330 461 1386 μετὰ
493 1331 713 1388 Καράβου
744 1332 966 1386 σύνεισιν,
999 1327 1048 1381 ὃς
1077 1331 1217 1386 μόνος
1245 1334 1425 1387 βροτῶν

350 1399 542 1443 δύναται
573 1407 809 1443 καταπιεῖν
840 1399 889 1443 ἐκ
919 1398 1112 1452 ζεόντων
1143 1401 1375 1443 λοπαδίων

352 1467 529 1524 ἅθρους
558 1471 815 1524 τεμαχίτας,
848 1466 956 1511 ὥστ’
982 1468 1153 1511 ἐνεῖναι
1182 1468 1295 1524 μηδὲ
1325 1467 1388 1510 ἕ.ν

203 1563 431 1602 Athenaeus
461 1566 508 1614 8,
532 1563 654 1603 340d
685 1560 894 1615 Εὔβουλος
925 1557 964 1601 δ’
990 1560 1034 1602 έν
1058 1555 1393 1616 Ἀνασῳζομένοις
1424 1564 1504 1600 κτλ.
1626 1565 1660 1603 1

91 1633 236 1672 ετᾳιροι
260 1620 311 1659 Α.
393 1623 475 1667 τοῖς
495 1622 627 1659 θεοῖσι
650 1620 820 1660 Casaub.
850 1617 1146 1671 θεοισέχθροισι
1170 1620 1235 1659 vel
1255 1618 1434 1686 θηρίοισι
1456 1619 1660 1659 Herwerd.

89 1678 193 1718 Nov.
211 1677 302 1717 add.
323 1677 413 1716 crit.
431 1678 498 1717 24.
578 1678 617 1718 2.
648 1675 768 1727 μόνος
797 1677 954 1744 βροτων
982 1674 1104 1728 μόνος
1135 1677 1182 1715 A.
1271 1677 1309 1714 4.
1342 1671 1492 1728 ἁδροὺς
1523 1676 1659 1715 Dindf

89 1748 307 1785 τεμαχητας
338 1735 387 1772 A.
475 1729 632 1772 ἀνεῖναι
662 1735 786 1773 Dobr.
819 1731 920 1772 ω’στε
949 1737 1082 1784 μεῖναι
1112 1733 1270 1772 Coraes.

202 1791 310 1830 varia
347 1791 579 1830 helluonum
619 1803 768 1841 genera
805 1791 1103 1830 describuntur:
1149 1791 1218 1829 alii
1248 1802 1365 1829 carne
1397 1790 1659 1840 delectantur,

89 1848 158 1887 alii
189 1861 279 1887 eum
312 1847 586 1887 Callimedonte
617 1847 767 1886 Carabo
799 1844 867 1899 (cf.
899 1848 1067 1897 Antiph.
1101 1848 1167 1897 26,
1191 1843 1235 1900 5)
1266 1847 1472 1896 piscibus„-
1564 1857 1660 1896 συμ-

87 1903 367 1956 πεπλεγμένοι,
413 1907 460 1943 ut
488 1904 682 1943 Herodot.
715 1905 763 1955 3,
785 1905 852 1942 78.
883 1904 1092 1943 Demosth.
1124 1905 1161 1954 9,
1183 1905 1235 1943 51
1271 1900 1573 1954 συμπλακέντας
1604 1903 1659 1941 δι-

92 1959 374 2013 αγωνίζεσθαι.
405 1961 469 2000 hie
498 1961 666 2000 ridicule
697 1957 902 2011 ὀψοφάγοι
931 1962 1142 2011 digladiari
1173 1960 1362 2000 dicuntur
1385 1982 1434 1987 —
1458 1973 1540 1999 non
1572 1973 1658 1999 eum

90 2019 175 2058 deis
205 2019 290 2058 sine
321 2018 461 2068 dubio,
494 2018 563 2057 sed
594 2031 683 2057 cum
713 2018 903 2068 piscibus,
954 2018 1208 2057 scribendum
1238 2018 1344 2056 enim
1377 2013 1499 2067 ἕτεροι
1529 2014 1573 2055 δὲ
1604 2014 1659 2068 δὴ

88 2071 330 2114 θύννοισι
360 2076 573 2125 συμπεπλ.,
605 2075 676 2125 qui
707 2088 827 2126 quam
859 2075 1012 2125 accepti
1043 2075 1196 2113 fuerint
1224 2074 1541 2114 Atheniensibus
1575 2088 1658 2114 sex-

88 2133 266 2173 eentiens
294 2134 498 2172 testantur
527 2132 682 2171 comici.

759 2289 985 2323 ANTIOIIH

204 2371 408 2421 Euripidis
438 2367 694 2422 potissimum
725 2371 972 2421 tragoediam
1002 2370 1162 2410 videtur
1191 2370 1427 2409 traduxisse.
1488 2371 1608 2411 Mein.
1640 2370 1660 2407 Ι

89 2430 185 2468 395.
232 2429 280 2469 cf.
310 2427 430 2467 Hom.
464 2427 538 2469 Od.
574 2430 638 2476 11,
662 2428 746 2466 260
762 2440 822 2477 sq.
854 2426 1087 2477 Apollodor.
1122 2428 1159 2476 3,
1183 2428 1220 2476 5,
1245 2428 1269 2465 5
1301 2430 1342 2465 et
1373 2427 1420 2466 de
1452 2427 1657 2476 Euripidis

92 2485 227 2524 sabula
257 2484 410 2524 Nauck.
442 2498 481 2534 p.
507 2485 588 2524 326
605 2496 663 2535 sq.
697 2485 791 2526 338.

848 2594 901 2636 lO

362 2675 519 2729 Ζῆθον
548 2673 632 2728 μὲν
664 2669 854 2716 ἐλθόνθ’
880 2669 1022 2728 ἁγνὸν
1053 2672 1100 2723 ἐς
1130 2673 1282 2728 Θήβης
1311 2673 1451 2716 πέδον

362 2741 504 2783 οἰκεῖν
534 2740 729 2784 κελεύει·
759 2740 836 2784 καὶ
863 2740 950 2796 γὰρ
982 2737 1251 2794 ἀξιωτέρους

363 2811 608 2863 πωλοῦσιν,
640 2807 701 2859 ὥς
730 2810 873 2864 ἔοικε,
904 2807 1009 2859 τούς
1039 2806 1203 2862 ἄρτους
1234 2807 1346 2850 ἐκεῖ·

363 2873 388 2919 ὁ
417 2874 456 2919 δ’
482 2873 733 2928 ὀξύπεινος·
766 2875 845 2921 τὸν
875 2877 924 2921 δὲ
956 2877 1296 2932 μουσικώτατον
