1864 3204
0 0 183 107 μετ-αἵπ-
198 6 201 9 ¹

0 223 10 301 fr

546 202 859 239 ΜΔΡΔΘΩΝῙΟῙ
882 221 927 228 -
952 202 1159 238 ΠΤΚΤΠΣ
1553 198 1638 242 463

818 316 874 359 26

175 401 441 453 Harpocratio
470 412 598 452 παρα
589 397 636 453 β
646 409 700 438 υσ
712 406 810 439 τον
841 412 968 446 ουτως
999 394 1174 437 ἐκαλεῖτό
1205 411 1241 436 τι
1270 402 1353 437 τῶν
1381 393 1485 464 παρ’
1517 394 1635 448 Ἀθη-

66 456 193 507 ναίοις
223 456 502 510 δικαστηρίων,
543 454 587 496 ἐν
616 450 653 511 ᾤ
683 454 863 504 ἐδίκαζον
892 455 933 495 οἱ
960 453 1020 494 ια’
1031 486 1040 495 .
1089 449 1413 506 ,μνημονεύουσι
1443 448 1485 493 δ’
1508 450 1634 493 αὐτοῦ

60 513 174 556 ἄλλοι
211 529 250 555 τε
290 519 370 555 τῶν
398 520 588 581 κωμικῶν
615 497 682 553 καὶ
715 514 915 565 Τιμοκλῆς
946 510 991 552 ἔν
1014 506 1400 567 Ὀρεσταυτοκλείδῃ.
1460 511 1633 563 Hesych.

60 570 368 626 παράβυστον..
387 567 668 623 ,δικαστήριον
696 583 802 610 ουτω
832 567 1093 622 καλούμενον.
1155 569 1317 620 ‘itaque
1348 570 1563 634 Areopago
1591 570 1634 607 et

0 667 25 687 ·.
62 630 317 682 Areopagitis
337 629 603 680 Parabystum
634 630 676 668 et
706 627 892 667 undecim
922 627 1030 668 viros
1059 626 1280 675 substituit,
1312 638 1412 677 quos
1431 626 1482 665 de
1502 626 1631 666 cuius-

61 687 123 728 vis
148 687 311 740 generis
342 686 532 726 maleficis
562 685 752 738 iudicium
784 685 1002 725 exercuisse
1033 683 1220 724 constat?
1253 683 1374 723 Mein.
1394 682 1415 722 Ι
1436 683 1544 722 432.
1585 682 1634 722 cf.

63 743 327 785 Sohoemann.
362 743 456 783 Ant.
487 756 548 795 gr.
554 739 570 766 ²
599 733 619 781 Ῑ
649 743 748 782 494.

657 886 1044 924 ΠΟΛΤΠΡΑΓΜΩΝ

732 1041 823 1090 εἷθ’
846 1043 870 1088 ὁ
899 1042 1198 1100 Καλλιμέδων
1228 1042 1361 1100 ἄφνω

296 1112 320 1158 ὁ
351 1114 562 1170 Κάραβος
592 1116 875 1170 προσῆλθεν,
909 1112 1145 1168 ἐμβλέπων
1175 1110 1221 1155 δ’
1243 1112 1365 1168 ἐμοί,

296 1181 357 1234 ὥς
385 1186 501 1239 γοῦν
532 1181 706 1236 ἐδόκει,
737 1179 852 1238 πρὸς
880 1181 1040 1237 ἕτερον
1070 1178 1321 1236 ἄνθρωπόν
1352 1195 1454 1223 τινα

298 1249 471 1308 ἐλάλει,
503 1251 676 1302 συνιεὶς
705 1248 750 1293 δ’
773 1248 911 1293 οὐδὲν
943 1249 1127 1300 εἰκότως
1158 1248 1244 1304 ἐγώ

246 1330 267 1362 5
297 1313 364 1364 οἷν
393 1322 549 1376 ἔλεγεν
582 1320 803 1363 ἐπένευον
834 1319 1055 1374 διακενῆς.
1104 1321 1156 1360 Β.
1188 1319 1250 1374 τῷ
1280 1314 1324 1359 δ’
1346 1312 1434 1372 ἄρα

295 1387 516 1445 βλέπουσι
545 1387 682 1444 χωρὶς
712 1386 787 1430 καὶ
818 1387 1038 1430 δοκοῦσιν
1068 1386 1119 1428 αἱ
1145 1384 1290 1440 κόραι.

180 1483 412 1524 Athenaeus
442 1484 495 1535 8,
517 1484 598 1523 339
619 1483 670 1522 ef
702 1479 794 1532 περὶ
833 1478 875 1520 δὲ
910 1477 1221 1531 Καλλιμέδοντος
1251 1483 1322 1518 τοῦ
1353 1473 1598 1532 Καράβου”
1576 1493 1637 1518 οτι

66 1538 133 1580 καὶ
162 1539 355 1592 φίλιχθυς
386 1534 441 1591 ἦν
469 1538 538 1579 καὶ
568 1538 875 1590 διάστροφος
905 1535 1018 1585 τοὺς
1047 1530 1344 1603 ὀφθαλμοὺς
1368 1537 1562 1588 Τιμοκλῆς
1594 1534 1637 1574 ἕν

67 1596 378 1650 Πολυπράγμονι
407 1599 492 1637 κτλ.
567 1599 606 1637 3.
638 1601 738 1649 γοῦν
768 1594 900 1647 Pors]
933 1591 970 1633 δ’
996 1588 1073 1634 οὖν
1101 1594 1150 1634 A.
1209 1587 1251 1632 δ’
1284 1607 1331 1633 ex
1360 1607 1398 1634 v.
1421 1595 1445 1632 2
1477 1594 1520 1633 in
1550 1607 1586 1633 v.
1611 1594 1635 1631 3

2 1697 6 1700 ,
68 1657 162 1706 post
189 1652 289 1707 πρὸς
322 1654 550 1706 transponit
578 1653 694 1696 Pors.
781 1654 821 1693 4.
852 1649 1002 1699 συνιεὶς
1033 1649 1190 1704 Dindf.]
1223 1648 1356 1697 συνεὶς
1387 1651 1437 1693 A.
1516 1651 1559 1689 5.
1591 1650 1636 1689 Β.

69 1713 162 1752 add·
181 1712 464 1809 Glft‘aliorsum
495 1770 677 1819 spectant
705 1780 752 1808 ac
780 1767 968 1807 videntur
998 1765 1204 1817 spectare?
1247 1764 1386 1804 dubito
1417 1766 1553 1804 tamen
1584 1777 1635 1803 an

67 1826 318 1867 scribendum
349 1827 403 1866 sit
432 1824 548 1878 χωρὶς
580 1822 663 1879 (vel
692 1820 852 1878 ἄλλοσ’)
883 1819 915 1874 ἢ
943 1825 1024 1863 κτλ.

720 1970 977 2006 ΠΟΝΤΙΚΟΣ

184 2054 247 2095 Cf.
278 2067 381 2105 quae
411 2054 461 2093 ad
494 2053 734 2105 Antiphanis
764 2053 973 2094 Ponticum
1002 2050 1257 2091 adnotantur.

819 2164 874 2207 28

380 2242 579 2294 πολλοὺς
607 2259 693 2300 γαρ
726 2240 872 2286 ἐνίοθ’
896 2240 924 2298 ἡ
956 2242 1087 2284 πενία
1117 2239 1314 2296 βιάζεται

379 2309 522 2364 ἀνάξι’
547 2308 700 2355 αὐτῶν
730 2313 839 2367 ἔργα
870 2309 992 2366 παρὰ
1023 2308 1170 2365 φύσιν
1199 2314 1363 2351 ποιεῖν.

184 2407 380 2448 Stobaeus
410 2406 549 2447 Floril.
581 2407 654 2455 96,
678 2407 731 2445 22
767 2400 1004 2456 Τιμοκλέους
1038 2403 1240 2442 Ποντικοῦ
1269 2402 1318 2441 A.
1412 2402 1448 2440 1.
1481 2394 1634 2452 gvtoo’]

70 2458 122 2504 εὖ
153 2459 258 2502 ἴσθ’
290 2464 336 2503 Κ.
387 2464 436 2504 ef.
471 2464 577 2503 Plat.
609 2475 710 2503 com.
733 2463 799 2502 19.

741 2584 981 2619 ΠΟΡΦΤΡΑ

186 2668 247 2711 Cf.
278 2680 378 2720 quae
408 2667 455 2707 ad
487 2666 683 2708 Xenarchi
711 2666 959 2718 Povfflaeyram
987 2665 1244 2705 adnotantur.

753 2789 960 2825 ΠΤΚΤΗΣ

188 2874 307 2925 Puyil
335 2873 415 2912 fuit
443 2871 605 2913 Caecilii
634 2871 768 2911 Statii.
818 2870 864 2911 O.
897 2869 1088 2910 Ribbeck.
1119 2867 1229 2908 Com.
1260 2868 1373 2908 Rom.
1405 2863 1474 2907 fr.²
1505 2868 1572 2907 68.
