1864 3204
387 179 595 214 ΑΔΗΑΩΝ
623 179 891 214 ΔΡΑΜΔΤΩΝ
938 178 1356 215 ΑΜΦΙΣΒΗΤΗΣῙΜΑ
1576 178 1661 222 229

847 281 904 324 35

665 359 720 416 νὴ
751 358 835 415 τὴν
862 358 1154 416 Ἀφροδίτην,
1186 353 1224 403 ὦ
1254 359 1384 417 ξένη,

362 428 597 485 βλοσυράν
626 444 678 483 γε
708 427 791 484 τὴν
821 426 971 484 ψυχὴν
998 430 1123 484 ἔχεις.

207 524 441 563 Eustathius
463 525 561 574 677,
583 525 609 562 4
640 522 682 561 οἱ
707 520 752 562 δὲ
781 520 942 562 παλαιοὶ
969 519 1167 574 βλοσυρόν
1196 532 1298 571 φασι
1328 521 1395 562 καὶ
1425 516 1468 562 τὸ
1498 518 1657 574 σεμνόν,

90 576 184 633 παρ’
219 575 279 627 οἷς
309 578 375 619 καὶ
405 585 542 630 χρῆσις
573 568 850 632 Νικοστρατου
880 577 1039 657 φέρεται
1068 577 1171 631 αὕτη
1192 581 1275 619 κτλ.
1328 577 1486 633 ψυχὴν]
1516 577 1659 631 τέχνην

91 638 231 678 Cobet.
263 638 312 677 N.
346 638 372 680 l.
404 639 470 678 74.
502 638 614 678 ‘lena
642 640 728 677 erat
758 640 804 677 ut
833 637 1051 687 suspicor’.

845 747 901 791 36
965 802 1066 846 εἰπέ
1089 795 1189 858 μοι,
1219 805 1310 847 τίνι

364 861 633 914 ἑδιακόνεις;

205 944 487 996 Νικόστρατος.
532 945 704 986 Cramer.
744 945 896 985 Anecd.
931 945 1057 984 Paris.
1098 944 1180 983 1111
1212 944 1410 995 114,11.
1466 945 1659 985 indicavit

88 1004 140 1044 H.
171 1004 319 1043 Iacobi.
843 1056 897 1099 37

201 1140 371 1179 Bekker.
412 1140 561 1180 Aneed.
600 1140 787 1207 343,17
821 1138 964 1178 Suidas
997 1134 1251 1190 Ἀδράστεια,
1293 1138 1378 1177 cod.
1420 1138 1656 1203 Harpocrat.

86 1212 123 1248 p.
157 1199 181 1237 6
212 1197 337 1236 Bekk.
371 1195 468 1236 ἔνιοι
489 1194 623 1247 μέντοι
653 1192 708 1243 ὡς
729 1192 1000 1248 διαφέρουσαν
1019 1191 1382 1247 συγκαταλέγουσιν
1411 1191 1544 1245 αὐτὴν
1564 1188 1657 1248 (τὴν

82 1250 424 1323 Ἀδράστειαν)
455 1259 504 1308 τῇ
540 1250 734 1304 Νεμέσει,
774 1249 830 1299 (ὃς
869 1249 1113 1304 Μένανδρος
1149 1249 1215 1291 καὶ
1257 1250 1541 1305 Νικόστρατος.
1601 1249 1656 1300 ὦς

85 1309 140 1363 μὴ
170 1308 442 1364 διαφέρουσαν
473 1312 583 1352 Suid.
629 1312 678 1351 of.
708 1311 835 1350 Lehrs
865 1310 1012 1360 Popul.
1046 1310 1161 1350 Aufs.
1195 1310 1262 1348 57.
1286 1311 1324 1349 8.

608 1461 610 1463 ,
844 1420 900 1464 38

358 1480 542 1534 ζιγγοῦν
976 1533 978 1536 Ι

199 1561 243 1602 τὸ
280 1560 494 1602 ὑποπίνειν
533 1561 707 1608 Κίλικες.
753 1558 880 1608 οὕτως
920 1558 1200 1611 Νικόστρατος.
1239 1559 1420 1602 Photius.
1482 1562 1653 1602 Bekker.

86 1621 238 1660 Anecd.
269 1622 335 1671 98,
360 1622 383 1660 6
415 1620 552 1672 ζιγοῦν
579 1614 671 1658 ἀντὶ
702 1623 772 1658 τοῦ
802 1617 935 1658 πίνειν
966 1617 1124 1664 Κίλικες
1154 1614 1352 1668 λέγουσιν.

360 1788 584 1843 στήριγμα

201 1869 244 1909 τὸ
273 1867 567 1921 ὑποτιθέμενον
597 1868 643 1937 τῇ
672 1865 805 1921 ἁμάξῃ
835 1867 1014 1919 δίκρουν.
1074 1865 1201 1915 οὕτως
1233 1864 1518 1921 Νικόστρατος.
1550 1869 1654 1908 Ρ1ιο-

85 1930 179 1968 tius.
239 1927 494 1968 scribendum
524 1924 781 1978 στήριγγα.
843 1925 1013 1977 Hesycb.
1037 1923 1262 1976 στήριγγες·
1293 1922 1521 1978 ἐρείσματα·
1553 1925 1594 1964 οἵ
1610 1923 1655 1964 ὁὲ

86 1983 129 2024 τὸ
159 1984 345 2056 δίκρουν,
381 1980 481 2036 ὅπερ
519 1980 759 2023 ὑποτιθέασι
796 1988 849 2037 τῷ
886 1987 956 2034 τῆς
993 1978 1148 2033 ἁμάξης
1187 1983 1304 2047 ζυγῷ.
1366 1984 1415 2022 cf.
1446 1983 1545 2022 Xen.
1578 1984 1654 2033 Eq.

88 2045 124 2093 1,
147 2043 171 2081 5
204 2057 285 2081 των
313 2046 480 2093 κνημῶν
509 2038 554 2079 τὰ
586 2036 708 2081 ὀστᾶ.
756 2038 863 2081 ,ἐστι
892 2036 1096 2092 στήριγγες
1128 2044 1199 2079 τοῦ
1230 2035 1425 2091 σώματος.
1481 2052 1527 2079 ac
1557 2038 1653 2091 στή-

86 2113 200 2151 ριγγα
229 2099 894 2194 Plu1;.Mor.280‹³.40

368 2212 648 2265 Ταραντῖνον

200 2289 344 2333 λεπτὸν
371 2290 439 2331 καὶ
468 2288 663 2341 διαφανὲς
694 2285 867 2342 ἱμάτιον,
898 2287 946 2329 οὐ
975 2286 1135 2338 πάντως
1165 2296 1425 2357 πορφυροῦν,
1467 2288 1522 2338 ὥς
1553 2304 1655 2339 τινες

87 2345 304 2400 ὑπέλαβον.
356 2345 482 2396 οὕτως
504 2343 791 2400 Νικόστρατος.
821 2349 987 2388 Photius
1008 2350 1049 2388 013
1070 2349 1212 2388 Suidas
1224 2349 1325 2399 ,qui
1350 2348 1656 2398 Ταραντινίδιον

87 2406 266 2457 praebet.
315 2406 487 2457 Hesyoh.
513 2407 782 2458 Ταραντῖνον·
813 2402 971 2455 ἱμάτιον
990 2408 1221 2456 γυναικεῖον
1225 2401 1416 2456 λεπτόν,
1446 2403 1653 2458 κρωσσοὺς

89 2459 321 2517 (κροσσοὺς)
354 2461 446 2514 ἔχον
476 2460 519 2501 ἐκ
549 2462 620 2502 τοῦ
651 2459 741 2509 ἕνός
771 2458 926 2513 μέρους.

660 2573 1082 2627 ΔΜΦΙΣΒΗΤΗΣΙΜΑ

841 2651 894 2694 41

202 2734 337 2774 Schol.
370 2734 576 2784 Euripidis
604 2734 751 2773 Phoen.
785 2735 894 2774 1010
932 2733 1176 2785 Σωσιφάνης
1208 2728 1229 2772 ὁ
1258 2731 1439 2785 τραγικὸς
1469 2730 1551 2772 ὑπὸ
1583 2739 1654 2773 τοῦ

89 2790 226 2829 Λαΐου
263 2789 361 2842 φησὶ
407 2787 646 2839 τεθνηκέναι
689 2788 758 2829 τὸν
796 2789 1022 2841 Μενοικέα,
1067 2789 1342 2842 Νικόστρατος
1380 2788 1425 2829 δὲ
1464 2787 1544 2830 ὑπὸ
1585 2796 1654 2846 τῆς

90 2843 284 2910 Σφιγγᾴς.
346 2848 403 2888 ‘si
434 2851 569 2887 tamen
599 2848 633 2887 is
662 2848 834 2889 comicus
863 2848 1114 2888 Nicostratus
1144 2848 1243 2888 est’.
1275 2848 1396 2888 Mein.
