1864 3204
238 196 323 242 180
883 199 1157 236 ErBoerr

238 309 308 343 τοῦ
337 303 553 343 θαλαττίου
591 317 753 354 prorsus
783 305 924 343 inutile
956 318 1039 344 esse
1069 306 1276 355 epitheton
1299 307 1401 354 pisci
1428 305 1608 345 additum
1637 308 1678 345 et
1704 319 1790 357 per·

239 363 365 400 tinere
405 362 455 399 ad
492 363 614 411 θεοῦ,
660 361 766 411 quod
794 364 899 400 reete
927 362 1083 400 addidit
1114 361 1303 400 Cobetus.
1368 363 1424 401 sie
1453 363 1652 413 anguillae
1680 363 1791 412 ipsae

240 419 333 456 deae
363 418 549 456 dicuntur
578 418 642 456 vel
672 431 760 456 eum
781 418 929 457 deabus
950 421 1227 468 comparantur
1250 418 1416 467 Antiph.
1436 419 1528 458 147.
1559 419 1792 458 Anaxandr.

239 476 305 524 39,
328 475 367 512 5.
404 475 549 513 Eubul.
572 475 637 512 37.
661 475 726 513 64.
773 475 908 524 itaque
937 475 1187 514 scribendum
1218 487 1302 514 esse
1331 475 1504 514 arbitror
1537 471 1689 513 λοπάδα
1721 475 1792 514 τοῦ

239 529 455 568 θαλαττίου
482 529 487 582 Ι
513 532 687 582 γλαῦκον
719 527 921 581 φέρουσαν
949 525 1222 582 εὐγενέστερον
1250 533 1373 579 θεοῦ,
1413 531 1538 581 quod,
1569 544 1660 570 cum
1688 533 1793 570 θεοῦ·

239 589 280 624 in
310 588 480 636 primum
509 600 667 626 versum
697 591 802 626 esset
829 588 1080 635 translatum,
1111 588 1394 638 degeneravit
1384 601 1426 626 1n
1446 586 1561 626 τοῦδε
1581 587 1664 625 τοῦ.
1709 601 1747 628 v.
1764 589 1790 627 3

235 641 417 694 λα’βρακα
448 639 496 680 θ’
521 640 655 692 ἑφθὸν
685 637 834 696 (τόνδ’)
866 640 908 681 ἕν
936 640 1106 697 ἁλμαία
1137 640 1297 697 (φέρω).
1328 644 1377 682 cf.
1398 644 1602 693 Aristoph.
1623 644 1673 682 fr.
1690 643 1788 683 419.

987 754 1044 796 45

509 832 803 886 τραγημάτων
834 831 877 872 δ’
895 828 994 873 ἔσθ’
1018 829 1044 886 ἡ
1076 829 1265 886 τράπεζά
1295 842 1366 873 σοι
1395 830 1518 873 πλέα.

507 902 558 941 Β.
592 897 647 940 οὐ
677 898 1025 954 φιλοτραγήμων
1056 899 1146 953 εἰμί
1173 913 1267 948 πως
1295 899 1518 942 ἑκάστοτε.

274 1044 283 1058 '
315 1046 323 1061 ἱ
352 993 577 1032 Athenaeus
611 994 683 1044 14,
706 993 815 1031 6420
853 989 1063 1042 Εὔβουλος
1095 991 1353 1043 Καμπυλίωνι
1392 995 1474 1031 κτλ.
1593 994 1629 1034 2.
1659 989 1705 1031 οὗ
1737 992 1786 1045 C]

239 1062 326 1098 ουχι
354 1049 405 1087 Α.
984 1102 1041 1144 46

509 1178 746 1234 ἀνιακκας,
778 1179 1056 1235 περιμανῶς,
1087 1180 1290 1236 μανέρως

354 1275 496 1313 Suidas
533 1270 745 1320 ἆνιακκας·
791 1269 895 1326 ᾠδῆς
939 1271 1062 1325 ὄνομα
1105 1270 1126 1312 ὁ
1170 1271 1243 1329 (ὥς
1278 1272 1418 1327 Mein.)
1464 1272 1687 1326 περιμανῶς
1724 1273 1791 1314 καὶ

237 1328 427 1382 μανέρως.
479 1328 687 1379 Εὔβουλος
709 1330 993 1398 Kafflnvh'oovc.
1058 1331 1230 1370 Bekker.
1261 1331 1411 1370 Anecd.
1442 1332 1537 1379 405,
1562 1333 1584 1370 7
1629 1345 1677 1370 ex
1718 1332 1790 1371 hac

239 1388 374 1437 glossa
402 1387 503 1425 nihil
532 1387 650 1426 habet
677 1388 754 1425 nisi
783 1383 990 1433 ἆνιακκάς.
1069 1387 1210 1426 Suidas
1239 1384 1416 1439 μανέρως
1446 1386 1511 1426 καὶ
1542 1398 1787 1439 περιμανως·

241 1439 412 1493 ὀνόματα
443 1440 560 1496 ᾠδῆς.
621 1441 830 1495 Εὔβουλος
861 1443 1137 1493 Καμπυλίωνι.

352 1500 412 1538 Of.
445 1503 647 1550 praeterea
678 1500 903 1550 fragmenta
932 1501 1286 1540 Ararotis.8—12.

779 1679 1259 1712 ΚΑΤΑΚΟΛΑΩΜΕΝΟΣ

351 1759 475 1797 Tituli
506 1761 700 1798 rationem
730 1773 811 1799 non
841 1761 1046 1810 intellego,
1095 1761 1380 1811 intellegerem,
1411 1761 1445 1799 si
1475 1763 1578 1800 esset
1607 1762 1787 1812 Κατακη-

237 1814 439 1865 λούμενος.
499 1817 670 1866 Hesych.
693 1815 1047 1868 κατακηλούμενοι·
1080 1814 1406 1868 ἐξοιστρούμενοι,
1438 1814 1784 1869 καταθελγόμενοι.

237 1873 305 1910 sed
335 1873 378 1910 in
409 1875 521 1910 tanta
543 1874 738 1912 Athenaei
769 1875 1001 1921 constantia,
1032 1874 1099 1923 qui
1129 1874 1252 1912 semel
1282 1877 1400 1924 atque
1429 1875 1469 1912 in
1497 1875 1788 1924 praepositione

237 1930 330 1976 sola,
361 1941 442 1966 non
471 1929 513 1966 in
546 1929 664 1967 verbo
695 1931 835 1978 variat,
867 1933 1021 1968 mutare
1049 1942 1130 1968 non
1160 1931 1299 1969 audeo.

985 2039 1040 2081 47

496 2115 568 2159 καὶ
599 2131 761 2159 πνικτα
793 2115 959 2160 Σικελα
990 2119 1221 2159 πατανίων
1251 2116 1513 2172 σωρεύματα

349 2211 579 2250 Athenaeus
611 2213 649 2260 9,
672 2212 785 2250 396a
815 2209 1022 2261 Εὔβουλος
1054 2208 1397 2264 Κατακολλωμένῳ
1427 2213 1507 2250 κτλ.
1547 2212 1690 2251 Pollux
1720 2213 1785 2260 10,

238 2267 318 2304 107
358 2264 399 2303 τὸ
439 2263 482 2304 δὲ
517 2266 714 2305 πατάνιον
743 2263 956 2319 Εὐβούλου
987 2265 1031 2305 ἐν
1061 2269 1412 2306 Κατακολλῶντι
1441 2270 1521 2309 κτλ.
1636 2266 1782 2307 Σικελὰ

235 2322 365 2361 Bentl.
397 2323 437 2360 in
467 2323 590 2373 Poll.]
622 2321 807 2362 σικελικα.
847 2337 897 2362 an
926 2324 1174 2363 ΣικελώνῬ
1219 2325 1269 2363 cf.
1293 2325 1385 2362 132.
1462 2337 1667 2363 πατανιων
1695 2325 1781 2363 sine

235 2381 397 2417 accentu
428 2380 464 2417 A
493 2378 585 2418 Ath.
619 2402 671 2407 —
702 2381 743 2418 in
775 2381 889 2419 Anal.
912 2381 1009 2422 Ath.
1035 2382 1110 2419 171
1145 2381 1364 2420 Meinekius
1393 2381 1615 2430 suspicatur
1644 2381 1707 2420 hic
1741 2383 1786 2420 ut

234 2435 332 2473 alibi
362 2437 477 2485 coqui
507 2449 652 2475 nomen
682 2434 938 2490 (Πατανίων)
969 2437 1221 2476 obscuratum
1250 2437 1384 2476 latere.

979 2558 1033 2600 48

505 2633 604 2677 ἀλλ’
628 2635 713 2678 εἰσὶ
744 2632 900 2691 φιαλαι
931 2636 1077 2691 πέντε,
1108 2637 1382 2691 τραγέλαφοι
1411 2635 1511 2678 δύο.

346 2727 572 2768 Athenaeus
593 2732 610 2766 1
623 2733 655 2779 1,
667 2731 749 2769 500
757 2744 777 2768 e
798 2727 846 2768 οὕ
850 2743 901 2767 τω
908 2727 1193 2797 (τραγέλαφοι)
1214 2743 1235 2767 τ
1242 2744 1256 2767 ι
1266 2744 1322 2768 να
1352 2731 1525 2767 καλεῖται
1553 2742 1583 2767 π
1591 2742 1612 2767 ο
1620 2727 1672 2779 τή
1681 2743 1704 2781 ρ
1713 2743 1726 2766 ι
1735 2742 1761 2766 α
1769 2754 1782 2779 ,

234 2797 293 2821 ων
321 2783 586 2835 μνημονεύει.
635 2784 868 2836 ,Εὔβουλος
900 2783 943 2824 ἐν
973 2784 1316 2838 Κατακολλωμένῳ
1348 2785 1499 2837 (μετακ.
1533 2782 1587 2839 A)
1615 2787 1695 2824 κτλ.
1727 2805 1782 2814 —-

237 2842 287 2878 ef.
297 2839 485 2891 Anfiph.
518 2842 611 2880 224
