1890 3190
122 50 152 58 ἰ
120 0 154 26 ’Ἰ

552 198 582 231 Κ
589 197 712 232 ΑΡΕΣ
745 216 788 223 -
819 195 1127 232 ΚῙΘΔΡΙΣΊἩΣ
1567 193 1622 236 5¹¹1

42 302 301 354 roompotntio
339 302 481 343 fortior
518 303 587 342 flat
626 315 706 342 non
748 301 825 342 iam
872 303 917 341 ut
961 303 1078 341 antea
1121 300 1257 340 vinum
1302 313 1403 350 aqua
1442 300 1622 347 mixtum,

58 359 128 400 nod
158 371 311 399 merum
343 359 426 399 bibi
458 360 581 399 iubet.
634 359 765 410 itaque
797 359 853 399 eis
883 358 987 398 vasis
1018 370 1188 408 quorum
1220 357 1269 396 ad
1302 356 1439 396 vinum
1470 359 1621 407 tempe-

55 415 226 457 rumdam
265 428 360 456 usus
397 419 459 456 est
495 417 638 456 ablatis
676 416 861 455 omnibus
906 414 1027 455 cadus
1070 415 1179 454 solus
1216 416 1257 454 et
1301 413 1489 465 poculum
1530 412 1622 453 effe

38 474 215 516 «rantur.
274 473 485 521 κυαθίζειν
514 474 621 512 enim
651 475 714 512 est
741 474 879 513 vinum
908 484 1015 520 aqua
1042 473 1211 513 miscere.
1271 471 1323 511 cf.
1356 470 1505 521 Diphil.
1530 472 1620 510 107.

57 529 194 582 ithue
222 530 280 570 sio
309 529 392 570 fore
421 530 686 594 fragmentum
708 527 1062 580 redintegrandum
1086 528 1182 568 erit:
1215 525 1325 567 ἔσται
1343 526 1464 574 πότος
1489 524 1496 579 Ι
1521 536 1622 576 σφο-

58 583 268 656 δοότερος·
305 582 457 626 οὐκοῦν
484 579 547 638 μὴ
576 583 764 640 κεράσῃ
794 597 873 633 τις·
915 581 989 624 οὐκ
1019 582 1074 624 ἔτι
1100 584 1105 635 Ι
1133 581 1252 632 ἔξεστι
1281 582 1494 631 κυαθίζειν
1522 581 1621 636 γάρ’.

37 638 196 697 ζ(ιιῗλλά,
227 644 321 695 παῖ’,
351 641 474 695 τρέχε)
501 645 507 693 Ι
535 638 603 682 τόν
640 656 688 683 τε
725 625 854 682 κάδον
890 642 971 681 κτλ.
1033 642 1081 681 de
1112 636 1187 694 γάρ
1218 642 1258 681 ιιι
1290 641 1367 681 fine
1399 641 1620 686 sententiae

57 699 191 754 ponito
220 701 272 744 of.
301 713 402 753 quae
430 700 480 741 ad
512 702 579 750 26,
600 700 653 740 22
684 700 976 740 adnotavimus.

700 869 982 904 ΚΗΠΟΤΡΟΣ

801 948 882 990 116

171 1031 401 1072 Athenaeus
425 1032 489 1080 13,
499 1032 614 1072 5862.
643 1030 714 1083 τῆς
731 1028 944 1082 Σινώπης.
963 1061 972 1070 .
992 1024 1271 1082 .μνημονεύει.
1291 1025 1549 1081 ,Ἀντιφάνης
1580 1026 1626 1068 ἐν

68 1120 78 1130 .
97 1090 331 1144 ,Κηπουρῷ
362 1089 411 1128 of.
443 1089 510 1137 26,
534 1089 602 1129 12.

688 1211 994 1252 ΚΙΘΔΡΙΣΤΗΣ

172 1294 278 1334 Acta
306 1295 369 1334 ost
397 1295 488 1345 post
518 1293 581 1334 Ol.
607 1294 699 1344 112,
723 1295 760 1334 3.
811 1293 860 1333 of.
883 1293 935 1332 fr.
962 1294 1052 1332 117.
1106 1293 1339 1344 ‘Pomponii
1371 1291 1627 1332 Citharistam

41 1351 198 1403 ,laudat
224 1350 382 1391 Nonius
411 1364 447 1393 V.
477 1352 671 1391 irascere?
722 1351 773 1390 cf.
807 1349 852 1391 O.
874 1350 1065 1390 Ribbeck.
1097 1348 1206 1390 Com.
1237 1350 1353 1389 Rom.
1386 1346 1456 1388 fr.²
1471 1363 1511 1400 p.
1529 1351 1623 1389 230.

30 1429 34 1432 ·
59 1409 257 1449 falluntur
287 1408 357 1459 qui
388 1407 661 1448 citharoedum
691 1407 858 1448 eandem
889 1407 1065 1447 fabulam
1097 1419 1183 1447 esse
1213 1407 1392 1446 credunt.
1453 1406 1573 1446 Mein.
1605 1407 1625 1445 I

60 1465 157 1506 313.
178 1465 220 1504 4.
280 1464 531 1504 citharoedus
571 1467 633 1504 est
664 1466 734 1516 qui
765 1464 920 1504 cithara
951 1465 1069 1506 canit.
1126 1464 1174 1503 de
1205 1464 1413 1504 citharista
1442 1464 1493 1504 ef.
1524 1476 1625 1514 quae

60 1521 112 1562 ad
141 1522 266 1562 Arist.
296 1521 402 1562 nub.
434 1522 519 1561 964
547 1522 838 1562 adnotavimus.

800 1644 878 1687 117

202 1722 287 1767 οὐκ
319 1723 507 1779 ἐφύσων
536 1724 586 1766 οἱ
610 1722 826 1773 Λάκωνες
855 1719 915 1773 ὡς
944 1720 1198 1779 ἀπόρθητοί
1227 1736 1363 1773 ποτε;

202 1793 290 1836 νῦν
321 1791 363 1835 δ’
391 1789 666 1848 ὁμηρεύουσ’
690 1792 867 1846 ἔχοντες
896 1792 1166 1847 πορφυροῦς
1195 1791 1532 1847 κεκρυφάλους.

174 1886 351 1927 Clearch.
384 1886 528 1926 Athen.
563 1886 635 1936 15,
658 1886 738 1925 681
754 1898 776 1925 ο
814 1898 889 1933 ορα
926 1881 1020 1932 τοὺς
1058 1882 1100 1923 τὸ
1141 1879 1468 1936 κοσμοσάνδαλον
1505 1882 1626 1926 ἄνευ·

60 1939 205 1993 ρόντας
251 1939 498 1997 (ἀνείροντας
535 1943 654 1982 Mein.
685 1943 728 1982 in
757 1942 818 1984 ed.
848 1939 1018 1995 Athen.)
1057 1939 1426 1994 Λακεδαιμονίους,
1473 1942 1514 1982 οἳ
1556 1940 1627 1983 τὸν

59 1997 326 2040 παλαιότατον
354 2004 426 2051 τῆς
454 2000 658 2051 πολιτικῆς
686 1996 839 2050 κόσμον
867 1995 1193 2065 συμπατήσαντες
1224 1997 1624 2051 ἐξετραχηλίσθησαν.

60 2054 197 2105 διόπερ
227 2059 358 2104 καλῶς
387 2054 476 2110 περὶ
505 2052 640 2096 αὐτῶν
671 2054 832 2106 εἴρηκεν
860 2052 882 2094 ὁ
913 2050 1211 2126 κωμῳδιοποιὸς
1227 2052 1471 2107 Ἀντιφάνης
1492 2054 1536 2096 ἐν
1556 2058 1624 2096 Κι-

59 2114 235 2176 θαριστῇ
254 2116 334 2154 κτλ
381 2113 564 2154 Aeschin.
587 2114 726 2164 3,133
757 2111 1072 2164 Λακεδαιμόνιοι
1101 2110 1141 2152 δ’
1165 2112 1208 2152 οἰ
1232 2112 1473 2178 ταλαίπωροι
1503 2124 1625 2165 προσ-

61 2164 264 2237 αψάμενοι
292 2169 420 2222 μόνον
449 2166 598 2210 τούτων
628 2175 707 2213 τῶν
735 2167 979 2238 πραγμάτων
1008 2167 1048 2219 ἐξ
1077 2165 1202 2222 ἀρχῆς
1222 2168 1313 2237 περὶ
1331 2163 1406 2220 τὴν
1427 2175 1498 2210 τοῦ
1519 2171 1627 2222 ἱεροῦ

0 2248 1 2275 ;
62 2229 303 2279 καταληψιν,
348 2226 391 2267 οἱ
422 2226 502 2267 τῶν
533 2222 737 2278 Ἑλλήνων
773 2224 868 2266 ποτὲ
904 2222 1110 2275 άξιοῦντες
1144 2222 1336 2278 ἡγεμόνες
1376 2222 1501 2278 εἶναι,
1551 2233 1627 2267 νῦν

0 2280 1 2338 f
57 2281 349 2355 ὁμηρεύσοντες
388 2281 458 2322 καὶ
489 2289 559 2336 τῆς
589 2288 798 2335 συμφορας
829 2282 1020 2332 ἐπίδειξιν
1049 2279 1304 2336 ποιησόμενοι
1332 2282 1542 2336 μέλλουσιν
1570 2282 1625 2332 ὦς

57 2337 317 2392 Ἀλέξανδρον
360 2337 680 2391 ἀναπέμπεσθαι.
750 2341 800 2380 cf.
830 2341 1124 2393 Harpocration
1153 2337 1435 2392 ὁμηρεύοντας.
1468 2339 1624 2396 (Mein.)

59 2456 328 2525 Σπαρτιατῶν
341 2454 601 2507 πεντήκοντα,
613 2454 655 2494 οἱ
661 2451 706 2493 δὲ
714 2453 1031 2506 Λακεδαιμόνιοι
1045 2452 1229 2508 πρέσβεις
1246 2452 1472 2506 ἐξέπεμψαν
1488 2455 1543 2502 εἰς
1555 2454 1628 2506 τὴν

59 2507 208 2559 Ἀσίαν,
239 2508 441 2561 ἀξιοῦντες
472 2508 608 2559 αὐτοῖς
639 2511 782 2551 δοῦναι
811 2509 1065 2564 συγγνώμην.
1124 2512 1233 2552 Plut.
1255 2513 1356 2552 Mor.
1380 2513 1499 2552 235b
1529 2510 1624 2564 μετὰ

61 2565 108 2608 δὲ
151 2567 225 2621 τὴν
251 2567 411 2638 ’Ἀγιδος
452 2583 575 2621 ητταν
617 2564 792 2620 ὁμήρους
830 2568 1035 2616 αἰτοῦντος
1070 2565 1331 2620 Ἀντιπάτρου
1378 2567 1627 2619 πεντήκοντα

61 2625 225 2676 παῖδας,
251 2622 450 2679 Ἐτεοκλῆς
480 2623 684 2677 ἐφορεύων
714 2619 799 2664 εἶπε
828 2624 978 2673 παῖδας
1004 2623 1078 2677 μὲν
1097 2623 1145 2665 οὐ
1169 2624 1362 2665 δώσειν..
1383 2623 1626 2677 ,πρεσβύτας

63 2678 100 2720 δ’
123 2679 152 2734 ἢ
179 2686 389 2735 γυναῖκας,
420 2683 456 2723 εἰ
482 2681 677 2735 βούλοιτο,
709 2680 942 2730 διπλασίους
972 2681 1130 2723 δώσειν.
1182 2684 1331 2722 factum
1362 2683 1435 2721 hoc
1465 2685 1527 2722 est
1558 2681 1622 2722 01.

67 2741 165 2791 112,
188 2742 228 2779 3.
286 2740 381 2790 quid
419 2741 625 2791 πορφυροῖ
655 2737 901 2789 κεκρύφαλοι
938 2740 1015 2780 sibi
1052 2740 1180 2780 velint
1216 2740 1372 2787 nescio,
1411 2739 1489 2779 nisi
1519 2739 1623 2779 forte

46 2798 182 2847 ,poeta
211 2796 412 2849 significat
440 2796 773 2837 Lacedaemonios
803 2796 881 2835 iam
913 2796 1126 2836 mulierum
1155 2797 1284 2835 instar
1313 2808 1412 2835 esse.

60 2398 221 2441 Diodor.
245 2401 309 2451 17,
326 2401 378 2439 73
406 2394 659 2451 Ἀντίπατρος
693 2392 867 2450 ὁμήρους
903 2395 1017 2449 ἔλαβε
1051 2396 1142 2446 τοὺς
1178 2395 1517 2448 ἐπιφανεστάτους
1548 2404 1628 2437 τῶν
1706 2451 1709 2453 ‚
