1864 3204
231 215 313 257 268
903 212 1122 252 ΑΝΑΞιΛΑ

231 321 295 359 vel
334 317 533 369 Μυρεψός
565 320 706 358 titulus
728 320 816 358 fuit.
862 319 1019 358 confert
1039 318 1200 358 Grotius
1233 319 1345 357 Stob.
1368 318 1474 357 Flor.
1498 319 1565 366 57,
1587 319 1610 356 7
1632 314 1783 371 (adesp.

233 377 314 414 429
347 373 487 427 Mein.)
519 378 558 414 et
588 376 758 416 Martial.
791 378 970 424 pascitur
998 377 1077 423 hic,
1108 377 1163 415 ibi
1184 376 1314 424 pascit
1343 387 1447 424 ayer.
1499 375 1548 415 cf.
1582 374 1784 414 Herwerd.

233 432 328 471 Obs.
359 433 448 470 crit.
480 433 545 470 62.
570 433 607 473 3.
667 434 840 471 attamen
870 433 997 471 multo
1028 432 1261 471 insolentius
1283 432 1491 481 Anaxilas,
1523 431 1635 471 euius
1665 431 1787 471 verba

233 501 313 527 non
344 489 483 528 dubito
515 489 611 539 quin
641 491 826 539 corrupta
856 490 949 528 sint.

988 554 1037 594 17

506 631 557 674 ἐν
587 639 678 682 τοῖς
707 633 964 687 βαλανείοις
995 629 1050 673 ού
1081 633 1255 674 τίθεται
1285 630 1517 686 λουτήρια.

346 715 486 754 Pollux
509 717 650 765 7,167
678 709 885 763 Ἀναξίλας
916 712 959 753 δὲ
990 712 1115 760 ούτως
1135 711 1362 767 (λουτήρια)
1384 709 1565 764 ὀνομάζει
1595 709 1688 760 τοὺς
1709 713 1788 752 νῦν

233 773 426 822 λουτῆρας
464 769 507 809 ἕν
538 774 797 826 Λουτροποιῶ
838 771 1074 824 (Λυροποιῷ
1107 767 1355 838 Schweigh.)
1388 767 1511 820 λέγων
1542 771 1622 808 κτλ.
1682 770 1788 810 idem

238 830 309 876 10,
340 830 392 867 46
438 825 502 866 ἐπὶ
540 825 584 866 δὲ
621 832 702 866 τῶν
742 832 819 866 νῦν
855 826 1059 879 λουτήρων
1092 823 1297 874 Ἀναξίλας
1337 823 1380 864 ἐν
1418 827 1677 880 Λουτροποιςό
1706 828 1786 865 κτλ.

235 881 279 922 ἐν
309 885 418 923 deest
440 886 483 935 7,
510 886 603 923 167.
640 906 695 912 --
734 897 823 923 cum
853 885 895 923 in
928 885 1112 923 omnibus
1143 883 1314 933 publicis
1349 883 1596 932 privatisque
1635 883 1789 923 balneis

234 935 441 992 λουτήρια,
474 915 503 980 'i.
534 955 569 982 e.
610 942 746 990 pelves
783 942 848 981 vel
884 942 998 980 labra
1034 940 1202 988 fuerint,
1249 951 1336 978 eum
1376 938 1420 978 C.
1452 939 1518 978 Fr.
1558 939 1787 980 Hermanno

236 994 417 1050 (Becker.
441 997 606 1038 Charicl.
612 995 628 1020 ²
649 997 710 1036 ΙΙΙ
733 995 804 1050 75)
837 999 907 1036 aut
935 998 977 1036 in
997 998 1106 1036 exitu
1126 1008 1262 1036 versus
1281 996 1608 1046 interrogationis
1628 996 1788 1047 signum

233 1054 461 1104 ponendum
492 1056 561 1093 aut
589 1047 664 1092 οὖν
692 1067 764 1104 pro
795 1050 842 1092 οὐ
874 1054 1125 1093 scribendum
1155 1055 1226 1092 est.

986 1163 1036 1206 18

562 1244 746 1295 ξανθοῖς
776 1259 823 1286 τε
854 1243 1014 1299 μύροις
1043 1244 1192 1296 χρῶτα
1223 1242 1468 1295 λιπαίνων,

561 1313 772 1366 χλανίδας
801 1310 851 1353 θ’
883 1310 1051 1362 ἕλκων,
1082 1307 1279 1363 βλαύτας
1309 1307 1486 1363 σύρων,

559 1375 754 1434 βολβοὺς
783 1378 995 1432 τρώγων,
1027 1374 1193 1431 τυρούς
1223 1376 1430 1429 κάπτων,

562 1446 626 1504 ςᾶοὶ
657 1446 910 1500 κολάπτων,
943 1443 1143 1500 κήρυκας
1173 1445 1314 1498 ἔχων,

511 1525 531 1556 5
563 1519 675 1558 Χῖον
706 1516 878 1568 πίνων,
910 1512 984 1556 καὶ
1014 1511 1126 1568 πρὸς
1154 1510 1329 1560 τούτοις

564 1582 612 1625 ἐν
643 1584 903 1638 σκυταρίοις
933 1581 1138 1636 ῥαπτοῖσι
1169 1580 1327 1633 φορῶν

559 1650 769 1707 Ἐφεσήια
798 1649 1035 1705 γράμματα
1065 1647 1190 1690 καλοῖ.

348 1736 574 1774 Athenaeus
593 1736 657 1784 12,
675 1735 787 1773 5480
816 1729 863 1771 τοὶ
886 1729 929 1770 ἐκ
949 1736 1019 1770 τοῦ
1036 1727 1218 1778 Ἀναξίλα
1239 1731 1475 1781 Λυροποιοῦ
1495 1730 1574 1767 κτλ.
1613 1728 1789 1775 Αναξίλα

236 1791 467 1842 Λυροποιοῦ
510 1789 695 1843 Casaub.]
731 1786 1094 1840 ἅναξιλαυροποιοῦ
1131 1788 1167 1826 Α
1204 1788 1305 1825 teste
1346 1785 1563 1824 Dindorfio.
1621 1786 1662 1824 in
1700 1798 1787 1825 meo

240 1849 495 1887 Kaibelianae
526 1848 761 1887 conlationis
792 1847 971 1897 exemplo
1001 1844 1100 1884 nihil
1129 1843 1302 1883 invenio.

347 1906 386 1944 4.
418 1901 474 1958 ᾠὰ
505 1901 712 1943 κολάπτων
741 1916 821 1942 non
851 1905 986 1953 aptum
1016 1901 1186 1941 videtur.
1226 1899 1446 1938 certissima
1473 1898 1696 1938 emendatio
1727 1900 1789 1939 est

236 1963 370 2001 fratris
391 1963 468 2000 mei
495 1958 543 1998 ‹3’
568 1958 836 1999 ἕκλάπτων.
887 1959 955 1997 sed
976 1959 1095 1997 etiam
1125 1957 1246 1996 verba
1275 1950 1452 2006 κήρυκας
1482 1952 1584 2004 ἔχων
1603 1958 1789 2006 corrupta

234 2032 317 2059 esse
341 2019 628 2058 demonstravit
649 2017 807 2057 Coraes.
829 2015 1004 2065 Toupius
1036 2011 1137 2052 ἔδων
1167 2010 1320 2066 (Aleae.
1343 2024 1442 2051 eom.
1465 2009 1558 2063 36),
1591 2012 1696 2061 quod
1725 2012 1789 2051 hie

235 2076 397 2114 minime
435 2075 576 2124 placet
609 2073 725 2113 scrib.
764 2067 943 2123 κήρυκας
975 2069 1118 2122 ἐμῶν
1174 2069 1318 2119 Eupol.
1352 2069 1444 2109 163.
1492 2068 1717 2108 Nicomaeh.
1747 2069 1788 2107 4.

238 2134 273 2170 7.
306 2133 498 2180 Ephesiae
534 2133 680 2170 litterae
723 2130 910 2169 videntm
943 2127 1109 2167 nomina
1146 2125 1406 2174 Dactylorum
1447 2123 1655 2163 Idaeorum
1691 2137 1790 2164 esse.

237 2189 360 2227 Clem.
402 2189 515 2226 Alex.
556 2187 701 2226 Strom.
737 2188 779 2236 1,
805 2186 875 2235 15,
899 2185 950 2223 73
988 2179 1091 2229 τιιὲς
1130 2178 1173 2219 δὲ
1209 2177 1483 2231 μυθικώτερον
1521 2185 1601 2218 τῶν
1632 2176 1788 2231 Ἰδαίων

235 2243 490 2295 καλουμένων
522 2239 741 2282 Δακτύλων
771 2237 919 2290 σοφούς
951 2254 1060 2286 τινας
1080 2236 1261 2289 πρώτους
1291 2235 1479 2288 γενέσθαι
1510 2234 1704 2301 λέγουσιν,
1735 2237 1790 2283 εἰς

236 2296 305 2347 οὓς
335 2299 360 2351 η’
391 2315 429 2339 τε
460 2305 539 2339 τῶν
563 2296 760 2350 Ἐφεσίων
789 2295 1010 2363 λεγομένων
1028 2293 1293 2363 γραμμάτων.
1342 2290 1521 2345 ,ευρεσις
1551 2284 1790 2343 ἀναφέρεται

302 2350 545 2425 ,Φρύγες
513 2354 554 2395 δὲ
582 2357 688 2407 ησαν
717 2353 784 2394 καὶ
813 2350 1006 2421 βαρβαροι
1044 2353 1085 2391 οἱ
1105 2347 1244 2390 Ἰδαῖοι
1277 2348 1486 2390 Δάκτυλοι.
1544 2352 1585 2390 et
1615 2351 1651 2398 5,
1673 2351 1712 2400 8,
1734 2350 1788 2390 43

234 2388 498 2465 Ἀνδροκύδης
528 2410 548 2451 ὅ
572 2409 858 2464 Πυθαγορικὸς
888 2426 933 2449 τα
959 2406 1122 2459 Ἐφέσια
1150 2401 1371 2456 καλούμενα
1401 2405 1626 2471 γράμματα.
1674 2417 1788 2458 ,συμ-

238 2467 369 2523 βόλων
399 2468 499 2520 ἔχειν
529 2467 626 2518 φησὶ
657 2468 785 2517 τάξιν.
837 2469 942 2506 Plut.
974 2468 1074 2507 Mor.
1108 2467 1217 2504 706e
1254 2464 1295 2502 οι
1326 2461 1444 2514 μα’γοι
1481 2456 1572 2510 τοὺς
1610 2462 1787 2513 δαιμονι-

238 2525 421 2578 ζομένους
462 2524 664 2565 κελεύουσι
707 2524 751 2564 τὰ
786 2522 949 2575 Ἐφέσια
985 2535 1192 2574 γραμματα
1229 2513 1326 2572 πρὸς
1363 2512 1508 2566 αὖτους
1546 2517 1788 2570 καταλέγειν.

238 2584 409 2634 Hesyeh.
445 2578 607 2632 Ἐφέσια
644 2577 847 2634 γράμματα
885 2580 1042 2630 singula
1079 2579 1295 2618 enumerat.
1338 2577 1400 2615 cf.
1443 2577 1571 2615 Strab.
1605 2577 1668 2626 10,
1691 2576 1785 2615 473.

238 2641 401 2691 P011.2,
426 2640 517 2678 156.
558 2638 970 2690 Wyttenbaeh.Plut.
995 2635 1220 2675 M01.85b.
1257 2632 1784 2683 Lobeck.Ag1aoph.1163.

241 2698 350 2735 1330
371 2709 429 2746 sq
478 2696 657 2736 Schoem.
689 2696 785 2734 Ant.
817 2691 898 2745 gr.²
927 2693 968 2731 11
999 2694 1092 2732 336.
1119 2693 1154 2732 7.
1187 2712 1238 2718 -—
1276 2687 1378 2727 κᾶλοὶ
1411 2689 1514 2739 apud
1543 2689 1699 2728 Atticos
1729 2689 1787 2727 in-

239 2753 438 2792 credibile.
487 2766 537 2791 an
567 2765 647 2790 και
664 2747 748 2790 va?

352 2809 588 2848 describitur
617 2809 736 2848 homo
767 2807 1085 2857 superstitiosus,
1123 2806 1163 2843 in
1193 2817 1345 2844 summa
1373 2803 1596 2842 rusticitate
1626 2802 1786 2852 elegans

238 2866 364 2904 videri
394 2867 568 2914 cupiens.
