1864 3204
591 205 963 240 ΣΦῙΓΓΟΚΑΡῙΩΝ
1010 205 1227 240 ΊῚΤΑΝΕΣ
1293 194 1296 198 ’
1609 205 1693 248 203

130 309 197 348 19.
230 308 378 347 frustra
408 308 698 348 Herwerdenus
729 310 877 349 Mnem.
910 322 1003 350 nov.
1027 310 1084 349 VI
1114 311 1167 349 68
1198 322 1356 350 versum
1386 311 1546 361 explere
1577 323 1691 350 cona—

125 367 215 404 tur:
248 365 469 416 interponit
498 365 605 405 enim
635 378 745 405 suam
777 367 1028 417 Athenaeus,
1060 370 1106 406 ut
1139 369 1190 406 12
1222 370 1262 406 et
1292 367 1349 406 eis
1378 380 1479 418 quae
1510 369 1552 407 in
1583 368 1692 406 exitu

126 421 251 472 addit,
283 422 666 474 interpretationem.
720 423 838 474 Soph.
871 424 921 463 fr.
947 424 1027 463 783
1058 422 1197 475 γραίας
1227 419 1414 473 ἀκάνθης
1444 420 1608 471 πάππος
1638 421 1692 472 ὡ“ς

126 477 377 530 φυσώμενος.
438 480 504 518 23.
536 479 655 518 etiam
688 480 814 519 invito
837 480 1073 520 Casaubono
1104 481 1358 520 scribendum
1387 479 1561 532 μεμυκὸς
1591 479 1691 520 ὄίνω.

126 547 260 575 camus
291 536 397 575 enim
419 532 581 589 (κημός)
614 537 699 575 sine
731 537 853 576 dubio
885 540 1014 577 tectus
1045 540 1132 576 erat
1163 538 1246 576 sive
1276 539 1384 578 corio
1416 539 1499 579 sive
1529 539 1607 578 alia
1637 552 1690 588 re,

124 592 180 630 ita
210 595 346 632 tamen
375 596 421 632 ut
450 592 589 632 fissura
619 596 815 641 maneret,
858 607 936 644 qua
965 595 1272 633 demitterentur
1301 596 1454 634 calculi.
1514 596 1564 634 cf.
1598 595 1689 634 Cra-

124 649 198 687 tin.
235 651 327 691 132.
445 650 511 692 25.
552 646 609 688 ἔν’
633 646 800 688 ἕκαστον
829 650 950 701 ‘quia
978 651 1028 690 de
1059 649 1230 702 singulis
1260 653 1443 691 sontibus
1474 653 1688 702 separatim

122 705 307 749 feruntur
336 706 559 758 suffragia'.
593 706 759 747 casaub.
849 709 917 747 26.
946 707 987 746 οἱ
1011 704 1084 758 μέν
1115 711 1210 747 sunt
1239 709 1273 747 ei
1306 709 1376 759 qui
1405 709 1690 759 absolvuntur3

65 758 69 763 “
121 761 358 801 πλανᾶσθαι
388 766 448 804 est
477 764 518 803 in
550 764 731 804 exsilium
762 765 920 816 expelli.

865 875 943 917 108

238 952 290 996 ἐν
318 952 509 1010 θαλάμῳ
538 955 750 1007 μαλακῶς
780 956 1129 1010 κατακείμενον·
1164 955 1215 998 ἐν
1246 955 1295 998 δὲ
1327 955 1480 1013 κύκλῳ
1511 972 1586 999 νιν

235 1021 512 1075 παρθενικαὶ
541 1022 766 1077 τρυφεραὶ
795 1024 1004 1077 χλανίσιν
1034 1026 1255 1078 μαλακαῖς
1285 1022 1599 1076 κατάθρυπτοι

237 1087 317 1131 τὸν
347 1086 454 1132 πόδ’
477 1086 796 1144 ἀμαρακίνοισι
826 1090 988 1145 μύροις
1017 1093 1231 1146 τρίψουσι
1262 1090 1342 1134 τὸν
1374 1091 1495 1146 ἐμόν.

234 1182 465 1223 Athenaeus
499 1185 562 1234 12,
586 1185 701 1223 5532.
731 1181 825 1231 ἔθος
856 1179 894 1222 δ’
917 1178 970 1236 ἦν
997 1182 1197 1237 Ἀθήνησι
1227 1183 1294 1224 καὶ
1326 1185 1418 1233 τοὺς
1450 1185 1577 1234 πόδας
1611 1201 1690 1226 των

121 1239 368 1291 τρυφώντων
406 1237 631 1290 ἐναλείφειν
667 1239 838 1292 μύροις.
887 1239 1124 1294 ,Εὔβουλος
1163 1240 1206 1280 ἐν
1244 1243 1568 1296 Σφιγγοκαρίωνι
1607 1246 1688 1283 κτλ.

124 1300 158 1334 1.
193 1295 279 1348 νιν]
311 1311 377 1335 νιν
407 1299 455 1336 A.
545 1293 676 1336 ἕνδεκ’
703 1296 880 1337 ’Ἄδωνιν
909 1299 1063 1339 Iaoobs.
1086 1300 1189 1339 Add.
1217 1301 1309 1340 Ath.
1334 1302 1431 1342 293.
1521 1302 1559 1340 2.
1591 1315 1688 1353 παρ-

120 1351 282 1392 θενικαὶ
311 1351 501 1424 τρυφεραὶ
534 1353 717 1405 χλανίσιν
736 1357 930 1404 μαλακαῖς
952 1357 1103 1396 Iacobs.
1108 1355 1124 1409 ]
1146 1355 1376 1408 παρθενικὰ
1399 1355 1576 1410 τρυφερὰ
1597 1360 1688 1409 χλα-

121 1408 266 1448 νιδανα
306 1409 464 1462 μαλακὰ
495 1412 545 1450 Α.
597 1410 779 1466 χλιδαναι
811 1411 916 1463 μάλα
946 1410 1012 1451 καὶ
1044 1413 1323 1468 κατάθρυπτοι
1352 1416 1474 1454 Mein.
1507 1416 1549 1453 in
1580 1416 1688 1465 Ath,

119 1467 348 1517 praeferens
385 1471 520 1508 tamen
550 1464 707 1508 dualem
742 1469 969 1538 παρ’θενικὰ
1002 1469 1178 1540 τρυφερὰ
1206 1493 1250 1499 --
1276 1470 1561 1520 καταθρύπτω.
1651 1474 1687 1511 3.

119 1518 258 1599 μύροις
290 1522 462 1578 Iacobs.]
492 1523 672 1589 μύροισι
677 1527 726 1565 Α.
815 1524 915 1577 ἐμόν
933 1525 988 1580 Α]
1018 1524 1123 1578 άμόν
1153 1529 1216 1567 vel
1245 1524 1373 1580 ἁβρόν
1393 1529 1543 1579 Iacobs,
1576 1526 1690 1567 ἐλλόν

121 1582 360 1629 ‘perm‘cem’
391 1583 536 1630 Mein„
583 1577 720 1633 αἰνόν,
752 1583 1023 1623 Callistratum
1063 1586 1206 1636 gripho
1245 1585 1463 1636 significari
1512 1599 1688 1634 censens,

123 1637 268 1688 Bergk.
326 1639 395 1678 sed
434 1639 528 1690 quid
568 1639 630 1678 hie
667 1652 750 1679 esse
788 1641 916 1691 possit
951 1642 1085 1692 griphi
1122 1655 1202 1681 non
1238 1643 1444 1694 intellego.
1492 1665 1546 1671 —
1593 1657 1629 1682 v.
1665 1645 1683 1681 1

121 1693 404 1746 κατακείμενον
436 1696 583 1746 pendet
613 1710 637 1735 a
666 1697 787 1736 verbo
817 1698 948 1748 posito
979 1698 1020 1736 in
1051 1696 1108 1737 eis
1140 1712 1238 1749 quae
1271 1700 1498 1739 Athenaeus
1530 1701 1686 1750 omisit3

122 1751 164 1789 in
203 1752 313 1790 exitu
351 1754 518 1792 fortasse
557 1753 810 1792 scribendum
849 1752 893 1793 ἐν
931 1751 986 1792 δὲ
1023 1753 1123 1793 δύω
1162 1769 1228 1793 νιν
1263 1759 1344 1794 κτλ.
1406 1757 1453 1795 de
1493 1757 1687 1796 adiectivo

120 1806 348 1859 παρθενικά
379 1822 452 1859 pro
483 1807 674 1858 παρθένω
704 1812 835 1860 posito
867 1812 915 1850 cf.
951 1825 1052 1861 quae
1083 1813 1131 1850 ad
1163 1813 1286 1852 Arist.
1319 1813 1426 1852 Nub.
1458 1814 1536 1852 186
1567 1814 1687 1852 adno-

121 1865 309 1904 tavimus.
398 1867 437 1905 2.
468 1865 712 1916 παρθενικά,
743 1863 941 1921 τρυφερά,
974 1867 1162 1918 χλιδανά,
1192 1867 1370 1919 μαλακά,
1403 1865 1687 1920 καταθρυπτω.

121 1922 158 1959 3.
190 1917 261 1959 τὸν
289 1919 397 1959 πόδα
427 1921 571 1974 μύροις
602 1922 750 1974 τρίβειν
779 1938 897 1966 nemo
930 1938 1116 1975 umquam
1149 1926 1261 1965 dixit.
1293 1929 1413 1976 poeta
1432 1928 1595 1976 scripsit
1626 1927 1686 1966 τώ

120 1972 232 2015 πόδ’
257 2001 309 2005 —
330 1974 470 2030 μύροις
501 1979 729 2032 χρίσουσι
760 1979 1001 2034 τυράννῳ.

795 2138 1006 2172 ΤΙΤΑΝΕΣ

237 2217 424 2256 Fortasse
454 2230 536 2257 non
566 2219 724 2259 diversa
753 2233 777 2259 a
811 2218 992 2268 Τίτθαις.
1052 2222 1171 2260 Mein.
1202 2221 1222 2260 I
1253 2223 1348 2261 367.

866 2330 946 2372 109

926 2410 1222 2468 προσγελῶσά
1251 2426 1299 2460 τε

420 2474 564 2526 λοπάς
593 2478 815 2530 παφλάζει
844 2476 1062 2534 βαρβάρῳ
1094 2477 1335 2534 λαλήματι,

423 2543 599 2598 πηδῶσι
631 2543 674 2586 δ’
706 2545 840 2599 ἰχθῦς
871 2545 922 2587 ἐν
952 2545 1126 2599 μέσοισι
1157 2546 1381 2601 τηγάνοις.

234 2635 463 2675 Athenaeus
497 2639 541 2684 6,
567 2638 682 2677 2293.
710 2635 921 2690 Εὔβουλος
954 2669 962 2678 .
996 2670 1005 2678 .
1039 2669 1048 2678 .
1079 2638 1146 2679 καὶ
1183 2638 1228 2678 ἐν
1270 2642 1405 2678 Τιτᾶσι
1433 2644 1514 2679 κτλ.
1587 2656 1625 2681 v.
1659 2643 1683 2679 2

121 2692 352 2731 Pherecrati
384 2693 528 2732 tribuit
557 2694 792 2734 Eustathius
826 2697 948 2746 1290,
971 2697 1046 2746 45,
1086 2698 1198 2736 cuius
1229 2700 1364 2735 tamen
1397 2701 1534 2736 contra
1563 2699 1683 2737 Athe-

121 2762 264 2787 naeum
287 2750 503 2789 auctoritas
533 2750 645 2788 nulla
675 2754 748 2790 est.
809 2765 845 2791 v.
870 2753 894 2792 3
926 2754 1010 2792 sine
1033 2755 1204 2792 auctoris
1223 2755 1386 2792 nomine
1417 2754 1523 2792 idem
1554 2755 1685 2794 adfert

119 2806 229 2900 11⁸86}
232 2835 255 2902 ἐ
289 2807 351 2900 127.
468 2807 505 2844 2.
547 2805 762 2858 βαρβάροις
801 2805 1023 2859 λαλήμασιν
1060 2810 1201 2848 Eusth.
1241 2831 1286 2837 —
1319 2812 1591 2861 προσγελῶσά.
1633 2813 1682 2851 cf.

135 2874 169 2900 r.
250 2893 269 2914 a
324 2893 330 2901 .
833 2885 838 2891 ·
