1864 3204
474 216 913 252 ΕΚΠΩΜΔΤΟΠΟῙΟΣ
939 236 980 242 -
1006 217 1316 253 ΕΠΙΔΑΤΡῙΟΣ
1587 216 1666 261 321

621 354 826 388 ΕΛΕΝΗΣ
850 354 1160 389 ΜΝΗΣΤΗΡΕΣ

866 432 921 475 73

533 507 640 553 οὐδὲ
671 509 785 564 ῥόαν
813 513 1032 566 γλυκεῖαν
1063 512 1114 555 ἐκ
1144 515 1223 567 τῆς
1252 511 1400 564 δεξιᾶς

381 577 543 632 δέξαιτ’
567 595 626 622 αν
655 577 821 622 αὐτῶν.

218 674 448 714 Athenaeus
471 675 535 724 14,
547 675 661 719 6500
684 671 838 722 ’Ἁλεξις
867 675 1157 725 Μνηστῆρσιν·
1190 670 1289 726 ῥόαν
1319 670 1393 726 γὰρ
1423 672 1466 714 ἐκ
1497 690 1566 727 της
1596 690 1671 727 χει-

105 725 173 782 ρὸς
203 727 355 770 αὐτων.
407 731 808 782 Apostol.13,16b
832 727 1022 802 (Arsen.)
1053 727 1147 770 οὐδὲ
1179 727 1278 783 ῥόαν
1306 734 1497 784 γλυκεῖαν
1527 732 1570 772 ἐκ
1602 738 1671 783 τῆς

22 782 26 785 ’
105 788 237 836 ὁεξιας
276 785 428 836 δέξαιτο
463 785 538 826 αν·
579 785 708 839 ἤγουν
742 786 850 838 παρὰ
888 793 1079 848 πονηραίν
1115 785 1212 831 οὐδὲ
1250 787 1398 854 χρηστὰ
1436 788 1668 841 λαμβάνειν.

105 845 211 884 unde
241 845 348 895 quod
378 857 498 895 supra
527 845 756 895 scripsimus
785 837 955 884 effinxit
970 845 1226 895 Leutscffius,
1257 846 1335 885 nisi
1365 847 1471 896 quod
1502 842 1593 885 οὐδ’
1615 842 1671 885 οἲν

105 899 206 951 §dom
235 902 387 952 posuit.
420 902 531 940 nulla
560 902 809 940 necessitate.
856 902 905 941 cf.
936 901 1136 952 Theophr.
1169 902 1222 941 Η.
1252 903 1307 952 pl.
1342 903 1380 950 2,
1404 904 1441 953 2,
1466 906 1506 942 5.
1548 903 1591 944 C.
1611 904 1667 954 pl.

110 961 144 1008 1,
168 961 207 1006 9,
230 959 268 996 2.
303 958 489 998 Schneid.
522 957 720 1008 Theophr.
742 958 779 996 V
798 958 881 998 496
915 955 1120 1011 (Leutsch.
1152 959 1299 999 Philol.
1331 959 1351 998 Ι
1385 957 1497 1009 159).

863 1069 918 1112 74

378 1119 441 1175 εἷς
469 1126 655 1176 ἕκαστος

210 1206 362 1256 ’Ἄλεξις
387 1204 548 1259 Ἑλένης
577 1212 834 1260 μνηστῆρσιν.
878 1209 1047 1249 Bekker.
1078 1210 1229 1250 Anecd.
1262 1213 1421 1260 96,10.

375 1376 703 1431 θερμολουτεῖν
855 1319 910 1362 75

209 1454 362 1506 ’Ἄλεξις
387 1453 547 1509 Ἑλένης
577 1463 833 1510 μνηστῆρσιν.
884 1459 1054 1499 Bekker.
1086 1462 1234 1501 Anecd.
1267 1463 1338 1507 99,
1365 1463 1432 1503 20.
1485 1462 1536 1501 cf.
1570 1462 1667 1501 Her·

58 1512 67 1525 ⁸
106 1515 232 1565 mipp.
265 1515 333 1554 76.

767 1593 995 1628 ΕΛΑΗΝῙΣ

853 1672 908 1715 76

336 1748 405 1792 ἀεὶ
435 1748 483 1792 δὲ
515 1749 589 1792 καὶ
618 1748 747 1803 ζῶντ’
773 1750 868 1795 ἐστὶ
897 1752 973 1795 καὶ
1002 1752 1256 1809 τεθνηκότα

334 1814 418 1859 τάν
446 1819 500 1873 τῇ
530 1818 732 1875 θαλάττῃ
762 1817 938 1875 πολέμι’
961 1817 1072 1876 ἡμῖν
1100 1823 1254 1877 θηρία.

334 1883 392 1927 ἂν
422 1881 656 1941 ἀνατραπῇ
684 1884 770 1942 γὰρ
801 1890 978 1941 πλοῖον,
1010 1884 1117 1943 εἷθ’,
1149 1885 1210 1939 ὥς
1238 1891 1432 1945 γίνεται,

336 1954 492 2010 ληφθῇ
521 1953 638 1996 νέων
667 1970 753 2008 τις,
785 1955 1135 2000 καταπεπώκασ’
1158 1954 1348 2008 εὐθέως·

283 2030 303 2060 ῠ
334 2018 469 2064 αὐτοί
492 2019 531 2063 τ’
556 2019 668 2064 ἐπὰν
699 2025 942 2079 ληφθῶσιν
971 2022 1062 2067 ὑπὸ
1091 2026 1183 2067 τῶν
1213 2022 1392 2080 ἁλιέων,

335 2091 581 2139 τεθνεῶτες
610 2088 894 2146 ἐπιτρίβουσι
923 2090 1030 2143 τούς
1060 2090 1361 2148 ωνουμένους.

333 2157 412 2211 τῆς
441 2154 598 2208 οὐσίας
625 2158 712 2214 γάρ
743 2159 861 2202 εἰσιν
888 2156 1015 2215 ἡμῶν
1046 2176 1198 2215 ωνιοι,

336 2221 360 2266 ὁ
389 2224 633 2281 πριάμενός
661 2241 709 2269 τε
739 2225 911 2282 πτωχὸς
941 2225 1083 2280 εὐθὺς
1112 2227 1361 2285 ἀποτρέχει.

216 2317 443 2358 Athenaeus
465 2320 503 2369 6,
526 2320 621 2359 226.
633 2322 657 2360 7
681 2317 833 2369 ’Ἄλεξις
865 2318 909 2359 ἐν
932 2317 1133 2372 Ἑλληνίδι
1161 2325 1242 2362 κτλ.
1333 2325 1371 2363 2.
1404 2320 1478 2363 τάν
1506 2325 1661 2367 Iacobs.

102 2374 205 2413 Add.
227 2374 322 2413 Ath.
343 2371 445 2429 133]
476 2372 520 2415 ἐν
548 2377 598 2415 Α.
686 2378 727 2416 4.
757 2376 920 2431 ληφθῇ]
953 2379 1122 2419 fortasse
1151 2375 1283 2445 ὀφθῇ,
1312 2394 1337 2420 a
1366 2382 1553 2431 piscibus
1594 2384 1662 2422 sed

101 2431 260 2470 videtur
294 2432 475 2471 consulto
513 2434 654 2487 ληφθῇ
685 2437 727 2473 et
756 2447 793 2474 v.
816 2435 841 2473 5
872 2436 1091 2485 ληφθῶσιν
1119 2437 1338 2487 scripsisse,
1368 2439 1556 2488 quoniam
1589 2441 1663 2478 bel-

100 2488 182 2526 lwm
211 2489 339 2537 pisces
367 2489 472 2528 inter
501 2491 543 2528 et
572 2490 751 2530 homines
780 2493 1018 2541 perpetuum
1046 2505 1132 2533 esse
1163 2507 1199 2533 v.
1225 2495 1248 2532 2
1281 2495 1452 2534 dixerat.
1542 2493 1664 2548 νέων]

102 2542 229 2583 ναίων
258 2545 306 2584 A.
359 2542 460 2584 νέων
488 2548 550 2586 est
578 2550 735 2589 natans.
774 2582 778 2585 .
847 2549 886 2588 7.
915 2544 1042 2599 ημῖνῗ

727 2682 1034 2739 ΕΠΙΔΑᾯΡΙΟΣ
1091 2711 1093 2713 .

216 2759 370 2809 Unum,
412 2761 481 2800 sed
518 2762 748 2812 ambiguum
787 2765 977 2814 temporis
1016 2777 1094 2815 quo
1131 2765 1268 2804 fabula
1298 2765 1447 2815 scripta
1479 2767 1662 2808 videatur

102 2816 292 2856 indicium
324 2818 552 2857 continetur
581 2818 629 2857 fr.
663 2820 729 2858 77.
789 2820 981 2860 Dinarchi
1019 2822 1060 2860 in
1091 2822 1399 2861 Demosthenem
1437 2825 1564 2864 oratio
1595 2826 1660 2865 ha-

101 2873 187 2912 bita
218 2876 279 2912 est
308 2873 373 2913 01.
410 2875 503 2926 114,
529 2877 565 2913 1.

167 2949 282 2976 Comici
303 2951 424 2984 gneci,
444 2951 490 2978 ed.
510 2951 571 2977 Th.
596 2952 711 2980 Kock.
732 2953 775 2979 11.
1347 2947 1385 2978 21
