1890 3190
293 226 374 269 124
903 231 1226 267 ΑΝΤῙΦΑΝΟΤΣ

293 332 387 370 Ath.
420 325 515 371 335.
581 330 765 384 χριστὸν
802 338 883 385 πῦρ
920 335 1109 385 intellego
1146 336 1279 386 ignem
1315 338 1357 376 in
1392 350 1508 387 quem
1547 341 1750 389 unguenta
1786 339 1847 378 in·

288 389 390 426 ieeta
411 389 540 427 sunt'.
581 393 622 427 at
643 390 691 428 cf.
718 391 809 438 128,
832 391 870 428 4.
908 392 1000 430 145.
1024 393 1116 433 242.
1164 393 1318 432 Alexid.
1345 395 1407 443 15,
1431 395 1469 432 8.
1517 395 1724 446 Theophil.
1745 396 1785 444 4,
1806 396 1844 435 3.

292 444 458 483 Philem.
489 446 558 484 32.
603 446 727 486 Arist.
760 446 853 486 Pae.
885 448 981 486 563.
1024 447 1101 487 Av.
1136 450 1229 488 593.
1276 450 1371 501 Lys.
1406 451 1500 491 70.2

1024 570 1107 613 273

1101 647 1203 690 οὐδ’
1234 642 1352 704 ἦψεν
1383 648 1491 704 κρέα

519 712 619 756 οὐδ’
654 714 926 770 ἐγκέφαλον,
958 714 1084 758 ὤπτα
1115 716 1164 757 δὲ
1195 715 1268 758 καὶ
1299 715 1377 767 τοὶς
1407 720 1601 768 κοιλίας·

472 839 477 844 “
524 781 641 824 οὕτω
673 780 837 838 σφόδρ’
870 778 927 838 ἦν
958 781 1153 838 άρχαῐος.

402 875 631 915 Athenaeus
675 877 710 926 1,
735 876 829 914 121)
874 870 999 927 ζωμὸν
1037 874 1081 915 δὲ
1118 890 1191 915 ουκ
1230 873 1348 916 ἐποίει
1375 876 1576 949 Όμηρος
1584 875 1702 918 θύων
1730 879 1844 931 βοῦς,

289 925 380 969 οὐδ’
419 925 529 982 ἧψεν
566 929 660 983 κρέα
693 955 741 959 --
774 926 828 983 ἧν
864 928 1038 985 ἀρχαῖος.
1103 929 1342 984 Ἀντιφάνης
1381 935 1488 986 φησί.
1548 929 1658 987 ἧψεν
1685 936 1844 989 Dindf.]

287 982 385 1038 ἧψε.
448 989 480 1027 si
512 986 631 1027 etiam
661 1001 760 1038 quae
789 990 1050 1040 praecedunt,
1082 993 1128 1029 ut
1156 991 1324 1030 coniecit
1342 993 1583 1041 Meineffius,
1614 995 1709 1032 sunt
1729 993 1844 1032 Anti·
1875 991 1877 993 ’

287 1045 448 1094 phanis,
483 1045 538 1084 sie
568 1045 777 1085 scribenda
797 1048 933 1085 erunt.
966 1042 1073 1085 ἀλλ’
1105 1045 1193 1085 οὐκ
1223 1043 1382 1086 ἐποίει
1412 1046 1589 1099 ζωμόν,
1615 1043 1706 1087 οὐδ’
1736 1042 1847 1099 ἦψεν

287 1099 392 1152 κρέα.
450 1102 558 1141 idem
587 1102 809 1142 Meinekius
839 1103 995 1142 confert
1025 1103 1156 1143 Schol.
1177 1103 1296 1144 Hom.
1321 1104 1369 1143 11.
1393 1105 1460 1156 21,
1484 1106 1564 1144 362
1595 1098 1703 1144 οἶδεν
1719 1103 1844 1156 Ὅμη-
1878 1113 1880 1115 ’

289 1170 356 1207 ρος
387 1155 537 1208 ε’ψησιν
565 1163 714 1210 κρεῶν,
744 1156 968 1211 χρωμένους
998 1156 1042 1198 δὲ
1072 1155 1161 1206 τοὺς
1191 1157 1325 1210 ἥρωας
1355 1157 1402 1199 οὐ
1433 1157 1674 1213 παρεισάγει.

560 1358 629 1402 άεὶ
659 1359 709 1403 δὲ
740 1358 852 1415 πρὸς
883 1360 1116 1402 Μούσαισι
1146 1362 1219 1403 καὶ
1250 1362 1399 1416 λόγοις
1428 1362 1590 1417 πάρει,

561 1425 679 1469 ὅπου
709 1443 757 1470 τε
788 1430 951 1482 σοφίας
981 1429 1115 1483 ἔργον
1147 1428 1402 1480 ἐξετάζεται.

400 1521 630 1561 Athenaeus
673 1523 716 1571 1,
748 1523 772 1561 3
790 1522 815 1560 b
852 1519 989 1573 διόπερ
1035 1518 1166 1561 ἐκεῖνα
1210 1537 1290 1561 των
1329 1518 1592 1572 Ἀντιφάνους
1635 1520 1721 1574 ἐρεῖ
1758 1525 1839 1564 κτλ.

290 1578 327 1615 2.
359 1575 460 1616 ὅπου
493 1592 531 1616 τε
560 1575 700 1630 VL]‘
687 1576 788 1616 όπου
818 1578 950 1618 BCD.
1018 1575 1120 1617 όπου
1159 1593 1194 1617 τι
1233 1580 1351 1621 Mein.
1389 1581 1450 1619 ed.
1490 1581 1581 1619 mai.
1621 1593 1695 1630 pro
1724 1577 1849 1632 πάρει
1878 1603 1879 1607 =

293 1648 326 1672 v.
364 1636 383 1671 1
416 1635 637 1674 Meinekius
667 1631 732 1686 ἄρ’
765 1629 811 1673 εἶ.
871 1648 964 1674 nam
1003 1629 1104 1673 εἶναι
1139 1637 1236 1687 dici,
1283 1650 1364 1676 non
1404 1639 1587 1688 παρεῖναι
1624 1631 1720 1689 πρός
1750 1650 1840 1682 τινι,

290 1691 391 1729 conl.
423 1692 629 1730 Demosth.
663 1692 842 1743 19,127
880 1685 934 1755 ἧν
968 1688 1055 1737 ὅλος
1093 1690 1190 1744 πρὸς
1228 1692 1280 1745 τῷ
1316 1691 1499 1744 λήμματι.
1559 1693 1660 1732 addo
1691 1693 1842 1743 Diphil.

292 1748 357 1785 99.
416 1750 552 1786 eontra
581 1748 727 1787 Eubul.
761 1744 813 1787 63
851 1742 951 1799 πρὸς
980 1746 1177 1787 τούτοισιν
1206 1746 1250 1788 δὲ
1279 1745 1323 1803 (i.
1347 1764 1379 1789 e.
1403 1748 1622 1801 praeterea)
1652 1747 1842 1801 παρέσται
1872 1762 1874 1765 ’

287 1812 349 1840 σοι
388 1805 604 1842 κτλ.1]υο
640 1817 720 1843 non
758 1805 974 1854 pertinent.
1033 1805 1200 1845 fortasse
1237 1809 1368 1845 tamen
1406 1807 1655 1846 scribendum
1685 1803 1752 1845 καὶ
1781 1802 1839 1844 λό-

287 1870 430 1910 γοισιν
460 1854 505 1899 εἶ
530 1861 593 1900 vel
623 1859 722 1912 πρὸς
754 1859 944 1908 Μούσας
975 1856 1031 1899 σύ
1063 1859 1130 1900 καὶ
1157 1858 1333 1915 λόγους
1348 1860 1496 1915 φέρει.

1022 1984 1106 2026 275

431 2060 613 2115 νήττας,
646 2061 887 2116 σχαδόνας,
920 2058 1053 2116 κάρυ’
1087 2061 1342 2117 ἐντραγεῖν,
1375 2061 1444 2118 ᾤ’,
1477 2062 1709 2117 ἐγκρίδας,

431 2127 685 2183 ῥαφανῖδας
715 2126 961 2184 ἀπλύτους,
993 2131 1283 2184 γογγυλίδας,
1315 2130 1530 2185 χόνδρον,
1561 2129 1674 2184 μέλι.

402 2221 632 2261 Athenaeus
663 2224 700 2270 2,
724 2225 776 2262 56
793 2236 813 2262 e
844 2218 903 2262 ὅτι
923 2220 967 2262 δὲ
988 2221 1030 2262 τὸ
1049 2220 1219 2262 α’πλυτοι
1240 2222 1303 2263 ἐπὶ
1326 2239 1407 2263 των
1427 2220 1706 2276 ραφανίδων’
1683 2221 1845 2263 ακούειν
1876 2247 1877 2250 =

289 2275 382 2316 δεῖ.
410 2277 603 2328 ..δηλοῖ
634 2273 876 2350 Ἀντιφάνης
913 2275 1079 2331 γράφων
1119 2282 1199 2320 κτλ.
1291 2283 1326 2319 1.
1364 2278 1566 2331 ἐντραγεῖν
1603 2278 1842 2332 Schweigh]

291 2330 517 2386 ἐντρώγειν.
568 2329 616 2373 ὠ”
638 2333 790 2388 Dindf.]
824 2333 894 2390 ᾠὰ.
939 2350 1019 2376 non
1045 2338 1263 2377 audiendus
1292 2340 1353 2377 est
1382 2337 1591 2376 Ruhnken.
1623 2337 1724 2376 Tim.
1750 2338 1843 2376 189.

1023 2459 1107 2500 276

942 2538 992 2579 ἓν
1021 2536 1195 2592 νόσημα
1225 2534 1347 2578 τοῦτ’
1380 2538 1487 2591 ἔχει·

495 2602 565 2645 ἀεὶ
591 2600 678 2658 γάρ
710 2603 942 2655 ὀξύπεινός
973 2603 1081 2646 ἐστι.
1143 2607 1192 2646 Β.
1226 2601 1453 2646 Θετταλὸν
1480 2603 1622 2657 λέγεις

493 2672 655 2726 κομιδῆ
685 2670 766 2714 τόν
796 2669 956 2727 ἄνδρα.

408 2765 635 2804 Athenaeus
674 2767 718 2815 2,
741 2766 794 2804 47
811 2765 836 2803 b
881 2762 923 2803 τὸ
969 2761 1013 2803 δὲ
1058 2761 1266 2812 ὀξύπεινος
1284 2796 1292 2804 .
1321 2795 1330 2805 .
1357 2796 1365 2804 .
1382 2762 1448 2803 καὶ
1486 2740 1726 2814 Ἀντιφάνης
1762 2765 1843 2803 κτλ.
1862 2788 1871 2815 1

293 2821 509 2860 Herculem
540 2822 753 2872 significari
785 2821 1069 2861 animadvertit
1098 2822 1331 2861 Meinekius.
1391 2834 1438 2860 ex
1467 2820 1667 2861 Alcestide
1697 2823 1768 2861 aut
1797 2833 1843 2862 ox

293 2876 486 2930 Omphale
515 2877 851 2919 Philothebaeove
881 2882 1109 2929 excerptum
1140 2891 1224 2917 esse
1246 2876 1401 2929 potest.
