1864 3204
574 203 793 238 NANMON
818 221 857 229 —
884 203 1130 238 ΟΙΔΠΙΟΤΣ
1553 199 1634 243 189

821 340 878 382 70

340 420 388 462 τί
412 417 511 461 ποτ’
535 417 637 461 ἔσθ’
662 415 958 470 ἁπαξάπαντα
988 417 1346 473 διαπεπρισμένα
1417 434 1419 436 ’

340 484 488 543 ἡμίσε’
510 483 705 541 ἀκριβῶς
734 483 928 542 ὡσπερεὶ
958 484 1012 529 τὰ
1043 486 1271 541 σύμβολα;

182 581 311 621 Schol.
357 581 497 631 Eurip.
545 581 649 620 Med.
693 582 774 621 613
827 578 1031 633 σύμβολα“
1089 579 1131 618 οἵ
1178 577 1479 629 ἐπιξενούμενοί
1526 590 1630 618 τισιν

69 634 321 690 ἀστράγαλον
350 634 658 689 κατατέμνοντες
687 636 862 690 θάτερον
889 634 965 688 μὲν
993 632 1107 676 αὐτοὶ
1135 639 1317 687 κατεῖχον
1344 634 1485 688 μέρος,
1516 635 1634 676 θάτε-

117 710 140 734 ν
168 691 214 733 δὲ
245 694 538 746 κατελίμπανον
567 697 647 742 τοῖς
677 690 1013 745 ὑποδεξαμένοις,
1045 692 1128 744 ἴνα,
1159 691 1307 733 εἰ·δέοι
1338 689 1458 732 πάλιν
1487 689 1634 740 αὐτοὺς

70 767 97 803 η
135 749 226 799 τοὺς
265 749 430 791 ἐκείνων
468 748 751 800 ἕπιξενοῦσθαι
786 748 886 803 πρὸς
914 745 1130 802 ἀλλήλους,
1169 747 1406 803 ἐπαγόμενοι
1435 748 1478 789 τὸ
1508 748 1633 801 ἥμισυ

69 805 336 861 οἷστραγάλιον
371 805 604 847 άνανεοῐντο
635 806 708 859 τὴν
737 808 884 856 ξενίαν.
935 806 1145 860 Εὔβουλος
1177 803 1329 860 Ξούθῳ
1359 808 1441 847 κτλ.
1502 805 1632 854 οὕτως

62 862 283 913 εΕλλοὶδιος.
375 869 412 904 1.
452 861 541 904 ἔσθ’
564 861 831 914 ἁπαξάπαντα
861 864 1000 905 Cobet.
1031 866 1081 905 N.
1113 865 1139 903 l.
1175 862 1274 917 131]
1316 861 1426 903 ἐστὶν
1460 860 1632 903 ἅπαντα.

71 924 109 961 2.
138 917 270 974 ἡμίσε’
303 920 442 975 Mein.]
471 918 658 974 ἡμίσεως.
747 918 916 975 ὡσπερεὶ
946 919 1086 975 Mein.]
1116 917 1250 973 ὥσπερ
1281 920 1350 968 εἰς.

187 979 347 1031 ‘agitur
383 979 432 1018 de
471 980 591 1019 rebus
622 979 861 1030 quibusdam
892 979 1186 1019 accuratissime
1216 980 1256 1017 in
1288 979 1385 1018 duas
1415 981 1548 1029 partes
1578 979 1632 1017 di-

78 1036 186 1077 visis.
236 1036 336 1075 illud
368 1038 501 1075 autem
532 1036 696 1076 dubium
726 1039 804 1087 est,
837 1034 1016 1087 σύμβολα
1045 1036 1229 1075 Eubulus
1259 1038 1392 1074 utrum
1425 1036 1474 1074 de
1504 1036 1635 1086 hospi-

76 1093 149 1133 tali
180 1106 231 1132 an
259 1093 482 1132 nummaria
510 1095 660 1132 tessera.
690 1094 871 1144 intellegi
901 1093 1088 1133 voluerit.
1123 1092 1262 1132 eadem
1293 1093 1399 1131 enim
1429 1093 1635 1142 utriusque

75 1152 162 1189 erat
204 1150 329 1199 ratio,
376 1150 542 1190 docente
582 1150 746 1190 Polluce
777 1151 814 1201 9,
840 1151 924 1190 713
969 1151 1089 1190 Mein.
1141 1150 1190 1189 cf.
1237 1149 1442 1200 Hermipp.
1477 1151 1635 1189 61.14.

72 1206 277 1258 Aristoph.
309 1207 358 1245 fr.
382 1207 449 1247 44.
479 1206 672 1257 Archipp.
696 1208 737 1247 8.

542 1330 812 1364 ΟΔΤΣΣΕΤΣ
836 1331 870 1364 H
899 1330 1160 1364 [IANOHTAI

186 1412 389 1460 Panoptas
417 1412 495 1450 iam
518 1411 717 1458 Cratinus,
749 1412 904 1451 diverso
925 1414 1059 1451 tamen
1079 1412 1164 1452 sine
1184 1411 1305 1451 dubio
1327 1412 1504 1462 consilio,
1537 1412 1632 1451 scri-

75 1471 219 1518 pserat.
270 1468 319 1507 ef.
351 1481 452 1518 quae
481 1469 532 1507 ad
562 1468 677 1507 illum
706 1468 871 1508 titulum
900 1469 1178 1509 adnotavimus
1208 1471 1250 1507 et
1279 1469 1401 1507 Mein.
1432 1469 1453 1507 I
1483 1470 1577 1508 365.

828 1580 880 1622 71

822 1654 847 1700 ὁ
877 1655 919 1700 δ’
944 1656 1090 1714 ἱερεὺς
1120 1656 1357 1714 εὐηγορῶν

217 1726 268 1769 ἐν
297 1726 449 1781 μέσοις
478 1724 684 1769 αὐτοῖσιν
714 1726 851 1776 ἑστι-ὸς
881 1727 964 1782 τὴν
994 1724 1140 1781 καλὴν
1170 1726 1342 1782 σκευὴν
1372 1728 1488 1782 ἔχων

219 1790 348 1837 οἶνον
379 1793 618 1845 ἐξέσπενδε
648 1794 839 1851 κοτύλῳ.

188 1888 415 1928 Athenaeus
448 1891 511 1938 11,
537 1889 657 1928 4780
688 1886 895 1939 Εὔβουλος
927 1886 971 1928 ἐν
995 1885 1178 1928 Ὀδυσσεῖ
1211 1885 1239 1940 ἢ
1279 1887 1514 1936 Πανόπταις
1554 1891 1635 1929 κτλ.

78 1946 118 1984 1.
149 1941 351 1997 εὕηγορῶν
378 1944 519 1996 Mein.]
551 1940 752 1997 εὐήγορος.
842 1947 879 1985 2.
910 1941 1112 1998 αὐτοῖσιν]
1145 1942 1325 1984 ἀστοῖσιν
1355 1946 1477 1985 Mein,
1567 1940 1640 1997 τὴν

75 1998 222 2053 καλὴν]
269 1999 526 2053 παγκάλην
570 2002 620 2040 Κ.

736 2125 981 2160 ΟῙΔΙΠΟΤΣ

834 2205 888 2247 72

302 2279 327 2323 ὁ
355 2284 531 2338 πρῶτος
561 2280 712 2335 εὑρών
741 2281 983 2338 τάλλότρια
1013 2284 1218 2327 δειπνεῖν
1248 2281 1364 2339 ἀνὴρ

304 2348 542 2406 δημοτικὸς
572 2343 630 2406 ἦν
658 2367 746 2406 τις,
778 2348 837 2402 ὥς
866 2353 1009 2406 ἔοικε,
1041 2346 1146 2403 τούς
1175 2350 1387 2407 τρόπους.

303 2415 423 2469 ὅστις
453 2417 496 2461 δ’
521 2418 595 2461 ἐπὶ
625 2419 815 2462 δεῖπνον
844 2415 873 2474 ἢ
902 2422 1041 2474 φίλον
1069 2419 1155 2463 τιν’
1178 2415 1208 2475 ἦ
1239 2419 1370 2471 ξένον

303 2485 495 2537 καλέσας
525 2488 675 2530 ἔπειτα
706 2485 936 2541 συμβολὰς
965 2486 1213 2542 ἐπράξατο,

250 2562 272 2594 5
303 2552 451 2608 φυγὰς
479 2555 655 2609 γένοιτο
685 2555 828 2610 μηδὲν
858 2558 1044 2598 οἴκοθεν
1075 2555 1239 2611 λαβών.

197 2646 428 2687 Athenaeus
461 2650 498 2697 6,
521 2650 637 2687 2398
668 2645 877 2700 Εὔβουλος
907 2646 952 2689 ἐν
981 2648 1167 2688 Οἰδίποδι
1198 2652 1280 2689 κτλ.
1372 2653 1410 2689 1.
1439 2650 1488 2688 cf.
1521 2649 1643 2688 Theo-

84 2715 218 2753 pomp.
242 2704 308 2742 34.
340 2705 459 2743 etiam
479 2705 661 2744 Eubulus
692 2706 777 2746 sine
807 2707 929 2746 dubio
957 2707 1191 2757 Euripidem
1221 2720 1291 2757 per
1321 2706 1524 2756 perediam
1556 2707 1640 2745 imi·

85 2760 361 2854 ιῗίιιιτῆἒῖουέιιε
382 2774 550 2855 gersam
583 2763 608 2800 5
640 2775 798 2813 quoque
828 2776 912 2804 esse
942 2764 1167 2814 suspicatur
1200 2764 1434 2805 Meinekius.
1485 2763 1537 2802 cf.
1572 2763 1638 2802 Di-

85 2829 111 2865 p
174 2844 183 2854 .
262 2846 272 2864 ,
325 2838 376 2844 —
411 2847 420 2855 .
