1890 3190
405 222 580 258 ΣΑΠΦΩ.
605 241 646 249 -
672 222 983 258 murman
1009 223 1041 256 H
1067 221 1239 257 ‘rrxszN
1551 221 1605 263 97

778 324 864 367 200

855 401 967 459 ταχύ
997 403 1086 459 γὰρ
1115 404 1287 458 γίνεται
1342 418 1346 422 ’

312 466 675 528 κάκκλησιαστής
702 471 939 521 οἰκόσιτος.

156 565 388 605 Athenaeus
419 567 466 614 6,
497 565 607 605 247f
641 566 815 604 καλεῖται
858 560 900 602 δ’
939 561 1132 611 οἰκόσιτος
1171 560 1192 603 ὅ
1228 562 1282 616 μὴ
1320 567 1473 616 μισθοῦ
1509 561 1622 614 ἀλλὰ,

36 638 43 664 ¹.
73 623 190 673 ροῖκα
229 626 279 677 τῇ
315 621 426 662 πόλει
455 618 679 674 ὑπηρετῶν.
724 617 970 672 Ἀντιφάνης
1001 617 1152 674 Σκύθῃ
1179 623 1260 661 κτλ.
1378 623 1416 660 2.
1448 618 1607 675 κᾶκκλ.]

43 679 149 719 κοιλ.
178 678 228 718 A.
317 677 510 726 οἰκόσιτος
540 680 601 718 est
629 679 697 729 qui
728 678 836 719 domi
867 681 1001 729 cenat3
1044 678 1187 718 deinde
1216 678 1284 729 qui
1315 679 1400 718 sine
1430 679 1610 719 convivis

39 734 182 786 benat3
213 735 356 775 deinde
387 737 454 786 qui
486 736 534 775 de
565 748 636 776 suo
665 736 907 787 patrimonio
930 736 1051 786 vivit3
1083 735 1254 785 denique
1283 737 1352 786 qui
1381 737 1508 787 gratis
1539 737 1609 775 ali-

38 792 137 832 nid
178 792 285 834 facit,
343 792 407 832 hic
444 793 477 832 si
512 794 618 832 recte
647 792 877 832 Athenaeus
917 805 1052 832 vocem
1082 793 1370 842 interpretatus
1401 795 1483 842 est,
1522 806 1609 832 sen-

38 859 44 867 ⁴
75 849 176 888 wtia
203 849 298 889 haec
328 862 414 889 esse
445 849 624 889 videtur:
657 851 703 889 ut
731 849 871 900 inopia
890 849 1157 889 Athenienses
1188 850 1319 900 coegit
1348 852 1395 889 ut
1425 852 1610 900 sumptus

35 906 226 950 ·ublicos
264 909 510 957 coercerent,
555 919 647 946 mox
684 908 806 946 etiam
846 907 915 958 qui
953 906 1206 946 contionibus
1236 907 1374 956 populi
1406 906 1610 946 intersunt

2 973 3 1010 j
40 963 264 1005 mercedem
301 963 496 1014 accipient
533 963 699 1003 nullam.
750 966 924 1003 ceterum
955 975 1103 1003 nomen
1134 959 1418 1014 ἐκκλησιαστής
1449 964 1611 1004 comicis

38 1021 251 1071 praeterea
278 1032 362 1060 ιιοιι
389 1020 514 1061 fuisse
544 1021 588 1059 in
616 1033 691 1061 usu
721 1020 932 1061 adnotavit
961 1020 1101 1060 Cobet.
1134 1019 1184 1061 V.
1213 1017 1264 1059 1.²
1295 1021 1391 1060 345.
1414 1022 1451 1060 6.

782 1131 864 1174 201

283 1209 522 1266 σαράβαρα
553 1210 629 1253 καὶ
659 1211 851 1266 χιτῶνας
879 1208 1044 1287 πάντες
1074 1210 1380 1262 ἐνδεδυκότες.

19 1351 25 1354 ,
156 1303 298 1344 Pollux
329 1306 366 1356 7,
389 1305 442 1344 59
483 1302 527 1344 ἔν
564 1301 609 1343 δὲ
646 1307 728 1351 τοῖς
759 1301 944 1352 Σκύθαις
969 1283 1231 1356 Ἀντιφάνης
1246 1303 1323 1356 ἔφη
1350 1308 1432 1345 κτλ.
1491 1321 1537 1344 τα
1568 1304 1613 1345 δὲ

4 1358 29 1409 J
43 1364 206 1401 τοιαῦτα
235 1356 410 1412 ὀνόματα
438 1358 608 1413 μηνύειν
635 1375 683 1413 με
712 1359 780 1401 καὶ
809 1359 863 1413 μὴ
894 1360 1091 1414 κρίνειν
1130 1360 1337 1416 (probare)
1368 1361 1512 1413 νόμιζε.
1573 1366 1613 1402 ct

20 1415 22 1417 ’
44 1418 111 1469 10,
130 1419 210 1458 168
229 1414 470 1484 Ἀντιφάνης
500 1416 546 1458 ἐν
565 1414 752 1466 Σκύθαις
781 1415 810 1470 ἢ
833 1417 1002 1471 Ταύροις
1031 1421 1114 1459 κτλ.
1165 1420 1374 1460 Bekkerus
1394 1420 1612 1471 utrubique

4 1475 100 1517 sic
138 1476 184 1514 ut
219 1475 449 1526 scripsimus
480 1472 750 1523 ἐνδεδυκότες.
800 1477 917 1516 initio
946 1474 1014 1515 καὶ
1044 1476 1272 1516 addendum
1303 1490 1402 1528 esse,
1432 1477 1510 1517 nisi
1541 1487 1611 1514 σα-

12 1543 22 1569 ,ζ
43 1529 201 1583 ράβαρα
237 1532 407 1582 primam
444 1533 686 1584 tertiamque
722 1533 939 1583 producat,
978 1533 1202 1574 Meinekius
1231 1533 1431 1574 admonet.
1491 1534 1607 1575 Phot.

1 1591 7 1638 ᾖ.
44 1585 274 1640 σαράβαρα·
304 1585 429 1655 ἐσθὴς
452 1588 653 1641 Περσική·
685 1587 785 1629 ἔνιοι
813 1587 859 1628 δὲ
884 1586 1042 1655 λέγουσι
1061 1588 1222 1655 βρακία.
1268 1587 1461 1655 σάραπις·
1492 1588 1614 1642 χιτών

1 1641 27 1694 J*
48 1642 246 1696 Περσικὸς
285 1640 532 1696 μεσόλευκος.
605 1646 779 1698 Hesycb.
819 1641 1047 1699 σαράβαρα·
1091 1660 1137 1685 τα
1177 1645 1268 1700 περὶ
1306 1661 1376 1695 τας
1414 1647 1613 1698 κνημῖδας

1 1697 218 1755 ’(κνήμας
229 1698 269 1755 Ῥ)
289 1699 503 1754 ἐνδύματα.
549 1706 591 1742 et
610 1701 786 1742 σκέλεαι·
819 1701 866 1742 τὰ
898 1708 977 1742 τῶν
1006 1703 1157 1743 σκελῶν
1187 1702 1460 1755 σκεπάσματα.
1494 1703 1612 1756 Πάρ-

7 1759 115 1797 ὲθοι
144 1756 365 1811 σαράβαρα.
426 1759 600 1799 Lobeck.
631 1760 786 1800 Patbol.
818 1760 922 1811 prol.
956 1762 1037 1799 112
1076 1759 1311 1813 ‘oaodssapoe
1342 1774 1443 1808 quae
1473 1762 1612 1801 eodem

3 1860 23 1870 Α,
43 1815 162 1855 modo
191 1829 216 1855 a
244 1815 400 1856 Latinis
431 1817 678 1867 scribuntur,
720 1817 901 1857 derivata
943 1817 1114 1857 fortasse
1149 1831 1174 1857 a
1202 1819 1435 1858 vestimenti
1465 1818 1615 1858 Persici

43 1872 222 1987 ιιοςιιίιιο
237 1870 440 1924 σάραπις)
481 1874 532 1915 cf.
554 1873 789 1914 Tertullian.
810 1874 914 1914 Pan.
937 1874 977 1914 4.
1008 1874 1170 1914 Resurr.
1193 1887 1300 1914 carn.
1323 1875 1389 1914 58.
1422 1874 1615 1915 Gesenius

43 1933 81 1983 Τ*
115 1935 205 1971 3Ἶο
691 1953 694 1955 -

4 1994 9 2008 “
545 2011 858 2046 mummi-112
882 2012 918 2045 H
941 2011 1112 2046 ΤΤΧΩΝ

175 2089 238 2131 Cf.
268 2090 440 2131 Meinek.
473 2091 492 2130 I
522 2092 618 2134 336.
674 2092 847 2144 Hesych.
890 2089 1050 2144 Τύχων·
1087 2090 1185 2132 ἔνιοι
1221 2090 1289 2132 τὸν
1312 2089 1475 2145 Ἑρμῆν,
1513 2089 1622 2132 ἄλλοι

7 2144 96 2186 ἕδὲ
138 2144 212 2186 τὸν
251 2145 340 2215 περὶ
366 2143 620 2200 Ἀφροδίτην.
690 2149 824 2190 Strab.
858 2151 931 2200 13,
962 2151 1044 2190 588
1081 2143 1177 2189 οὐδὲ
1210 2147 1285 2202 γὰρ
1317 2146 1501 2198 Ἡσίοδος
1540 2145 1622 2190 οἶδε

8 2222 10 2255 j
54 2201 259 2255 Πρίαπον,
288 2200 378 2243 ἀλλ’
411 2202 512 2244 ἔοικε
542 2209 624 2253 τοῖς
650 2201 842 2253 Ἀττικοῖς
866 2201 1046 2259 Ὀρθάνῃ
1076 2204 1144 2245 καὶ
1176 2204 1382 2259 Κονισάλῳ
1415 2207 1482 2256 (cf.
1515 2208 1619 2247 Plat.

8 2272 158 2301 com
179 2262 363 2309 174‚12.
389 2261 460 2313 13)
491 2260 559 2302 και
592 2258 750 2314 Τύχωνι
780 2260 848 2301 καὶ
879 2266 960 2310 τοῖς
991 2259 1193 2310 τοιούτοις.
1237 2264 1404 2304 Diodor.
1423 2266 1462 2315 4,
1481 2266 1505 2303 6
1527 2269 1618 2303 τοῦ·

10 2314 11 2361 ]
51 2329 122 2356 τον
152 2314 197 2356 δὲ
226 2316 297 2357 τὸν
325 2315 429 2357 θεὸν
459 2315 687 2372 (Πρίαπον)
720 2316 823 2366 τινὲς
852 2316 927 2371 μὲν
949 2313 1197 2370 Ἰθύφαλλον
1226 2316 1485 2372 ὀνομάζουσι,
1515 2319 1620 2368 τινὲς

10 2373 29 2423 J
50 2370 95 2412 δὲ
129 2371 312 2425 Τύχωνα.
364 2374 557 2415 Clement.
587 2376 701 2415 Alex.
731 2376 935 2427 Protrept.
969 2378 1148 2426 10,102
1180 2375 1220 2415 τί
1245 2392 1323 2429 γαρ
1352 2373 1520 2444 ἡγεῖσθε
1550 2373 1619 2416 τὸι

25 2429 230 2483 1Τυφιιῑνα
261 2427 481 2484 (Meursius
513 2427 699 2486 Τύχωνα)
732 2428 902 2502 Ἑρμῆνς
939 2433 1076 2484 Etym.
1108 2435 1279 2483 ιιι.773,
1304 2437 1324 2473 1
1362 2430 1502 2486 Τύχων
1535 2433 1615 2473 Τύ-

48 2498 197 2538 χωνος·
229 2486 380 2539 δαίμων
411 2485 491 2527 ε’στι
511 2485 632 2544 (τῶν)
659 2487 748 2541 περὶ
768 2487 842 2540 τὴν
859 2485 1111 2541 Ἀφροδίτην.
1158 2494 1319 2541 poterat
1338 2493 1473 2531 tamen
1493 2492 1615 2531 etiam

24 2544 163 2583 ‘miles
193 2544 277 2594 ipse
312 2542 453 2596 Τύχων
481 2546 695 2596 adpellari,
726 2546 755 2585 i.
777 2559 808 2585 e.
839 2547 1044 2587 Fortunae
1060 2548 1188 2596 filius.
1221 2549 1268 2586 ut
1298 2561 1380 2588 non
1412 2548 1615 2587 reicienda

30 2600 262 2640 videantur
306 2614 406 2651 quae
445 2601 494 2641 de
530 2602 604 2642 hoc
642 2602 759 2642 titulo
797 2604 839 2642 et
875 2603 1087 2644 similibus
1108 2604 1349 2644 Ritschelius
1390 2604 1614 2655 disputavit

14 2662 35 2716 1,,
48 2655 211 2708 Parerg.
242 2657 372 2697 Plaut.
408 2659 502 2698 164.
523 2660 561 2698 5.

788 2735 873 2779 202

350 2846 361 2857 .
429 2812 482 2856 ἐν
511 2812 684 2871 Κύπρῳ
714 2812 824 2871 φής,
857 2816 955 2858 εἰπέ
981 2830 1080 2871 μοι,
1111 2814 1288 2871 διήγετε

253 2878 400 2923 πολύν
429 2880 618 2936 χρόνον;
662 2884 714 2924 Β.
744 2880 824 2925 τὸν
854 2883 997 2926 πάνθ’
1014 2883 1097 2933 ἕως
1127 2876 1184 2939 ἦν
1215 2880 1239 2926 ὁ
1268 2883 1475 2939 πόλεμος.

123 2954 239 2981 comio}
260 2955 383 2987 graeci.
403 2955 449 2983 ed.
469 2956 530 2982 Th.
551 2955 668 2984 Kook.
704 2956 748 2984 11.
1323 2956 1342 2988 7
