1864 3204
218 218 302 260 266
445 260 448 262 ,
885 216 1103 255 ΑΝΑΞιΛΑ

219 320 437 374 ἐργαλεῖον,
474 318 500 360 ὃ
519 322 559 360 οἷ
577 321 651 360 νῦν
672 318 935 373 σκάλευθρον.
966 323 1016 361 cf.
1041 324 1107 368 10,
1131 324 1209 361 113
1239 324 1281 362 et
1301 322 1349 361 de
1377 322 1576 362 antitheto
1607 322 1771 372 Antiph.

221 382 311 418 169.
352 380 510 418 Alexid.
542 381 578 417 7.
604 381 698 419 209.
745 379 938 418 Andocid.
972 381 1008 428 2,
1033 380 1100 416 22.
1124 380 1163 417 3.

973 501 1026 534 12

333 583 493 622 Titulus
524 582 679 623 dubius.
720 583 770 622 cf.
802 583 851 622 fr.
884 584 950 622 33.
989 582 1157 621 Meinek.
1190 583 1209 621 Ι
1240 583 1335 624 469.

890 704 1105 738 ΚΑΑΤΨῺ

333 752 395 791 Of.
427 753 597 792 Meinek.
627 752 649 791 Ι
678 753 774 792 407.

972 817 1024 857 10

407 895 742 950 παραγεύσεταί
767 906 838 937 σοι
870 897 1050 948 πρῶτον
1079 892 1106 950 ἡ
1137 898 1279 950 γραῦς
1308 897 1389 937 τοῦ
1420 896 1576 937 ποτοῦ.

332 990 559 1028 Athenaeus
596 991 641 1039 4,
674 991 766 1027 171.
799 990 822 1027 2
851 984 1055 1036 Ἀναξίλας
1086 986 1130 1026 ἐν
1161 990 1354 1038 Καλυψοῖ
1378 988 1502 1037 φησίν
1529 990 1609 1027 κτλ.
1677 1000 1774 1038 παρ-

217 1042 422 1097 ογεύσεταί
457 1048 498 1084 et
542 1058 666 1083 ποτου
696 1045 744 1084 Α.
805 1046 920 1084 scrib.
961 1042 1251 1097 προγεύσεται.
1313 1045 1507 1084 Cinesiam
1556 1045 1773 1084 cautiorem

217 1103 369 1142 factum
400 1103 456 1141 eis
493 1115 594 1152 quae
633 1102 738 1151 apud
769 1101 909 1141 Circen
937 1115 1147 1152 perpessus
1177 1103 1230 1141 sit
1261 1101 1332 1151 (cf.
1365 1102 1415 1140 fr.
1448 1103 1495 1139 11
1530 1103 1571 1140 et
1603 1099 1673 1154 13)
1704 1113 1773 1151 po-

218 1160 427 1209 culumque
459 1160 637 1198 oblatum
667 1159 863 1209 attingere
893 1160 1099 1198 nolentem
1128 1173 1151 1197 a
1181 1158 1352 1209 Calypso
1383 1158 1608 1197 confirmari
1639 1159 1774 1197 censet

218 1216 362 1266 Bergk.
392 1217 439 1254 R.
473 1229 506 1255 c.
539 1216 622 1254 Att.
655 1216 737 1254 404
766 1218 850 1254 not.
883 1216 932 1254 cf.
964 1216 1012 1253 fr.
1049 1217 1100 1254 13
1131 1228 1220 1254 cum
1249 1215 1386 1254 adnot.

978 1325 1024 1365 11

546 1400 710 1459 ῥύγχος
740 1406 900 1459 φορῶν
929 1400 1056 1445 ὕειον
1085 1400 1295 1459 ᾐσθόμην
1323 1402 1436 1445 τότε.

330 1499 557 1537 Athenaeus
580 1500 616 1548 3,
640 1498 728 1537 95b
755 1493 982 1544 Ἀναξίλας.
1002 1527 1010 1536 .
1029 1494 1094 1536 ,ἐν
1125 1497 1320 1545 Καλυψοῖ
1334 1497 1414 1537 κτλ.
1456 1495 1654 1536 Cinesiam
1677 1497 1773 1548 quid

218 1568 241 1593 a
271 1554 382 1594 Circe
412 1567 622 1605 perpessus
660 1554 714 1593 sit
750 1554 853 1604 apud
885 1553 1056 1604 Calypso
1093 1566 1254 1593 narrare
1285 1555 1419 1593 censet
1447 1553 1659 1604 Bergkius.
1705 1553 1774 1592 sed

218 1611 312 1651 haec
341 1625 504 1661 prorsus
533 1612 684 1650 incerta
715 1613 818 1652 sunt.
877 1611 1070 1659 Καλυψοῖ
1096 1606 1282 1664 Oasaub]
1312 1607 1465 1660 καμψοὶ
1493 1609 1546 1660 P,
1584 1611 1773 1660 καλυψοῖ,

219 1669 289 1707 sed
319 1669 375 1707 ita
404 1671 450 1706 ut
479 1670 638 1718 καμψοῖ
661 1668 742 1718 legi
773 1668 919 1718 possit,
953 1668 1002 1706 A.

921 1812 1076 1846 KIPKH

333 1882 392 1921 Cf.
426 1883 596 1922 Meinek.
627 1882 648 1921 I
677 1883 772 1922 407.
806 1883 901 1920 227.
924 1882 962 1923 8.

971 2003 1023 2043 12

276 2081 381 2132 τούς
410 2083 493 2138 μὲν
524 2080 817 2137 ὀρειονόμους
847 2079 978 2135 ὑμῶν
1008 2080 1184 2134 ποιήσει
1215 2081 1442 2136 δέλφακας
1470 2079 1725 2135 ἠλιβάτους,

276 2147 382 2200 τοὺς
413 2149 463 2193 δὲ
494 2150 757 2204 πάνθηρας,
789 2147 957 2197 ἄλλους
986 2146 1219 2203 ἀγρώστας
1249 2146 1437 2202 λῦκους,

277 2219 471 2268 λέοντας.

333 2301 562 2340 Athenaeus
594 2302 631 2351 9,
655 2300 797 2339 374ef
826 2296 1033 2347 Ἀναξίλας
1064 2294 1105 2337 δ’
1138 2296 1182 2337 ἐν
1212 2297 1344 2352 Κίρκῃ
1373 2295 1440 2336 καὶ
1470 2295 1687 2362 ἀρσενικῶς
1717 2297 1772 2338 εἴ·

221 2370 314 2422 ρηκε
342 2354 409 2395 τὸν
439 2355 622 2407 δέλφακα
652 2353 719 2394 καὶ
751 2354 814 2394 ἐπὶ
845 2355 992 2394 τελείου
1022 2352 1177 2394 τέθεικε
1207 2353 1380 2405 τοῦνομα
1410 2351 1534 2394 εἰπών
1562 2357 1643 2394 κτλ.
1734 2357 1772 2394 1.

221 2410 472 2464 ὀρειονόμους
503 2413 668 2465 Bergk]
701 2408 947 2476 ὀρεινόμους
964 2413 1012 2451 A.
1067 2408 1277 2463 ἠλιβάτους
1308 2411 1447 2462 Mein]
1480 2407 1694 2462 ὑλιβάτους
1724 2413 1774 2452 A.

221 2471 269 2510 cf.
304 2470 523 2520 Antiphan.
558 2471 652 2520 133,
675 2472 712 2509 3.
770 2463 1016 2520 ακυληβότας
1046 2483 1092 2508 ex
1130 2468 1246 2508 Hom.
1279 2467 1356 2508 Od.
1392 2470 1463 2517 10,
1487 2469 1566 2506 241
1599 2468 1791 2508 Lobeck.‘

219 2525 743 2577 Ρ111Ὑ11.637,χιληβότας
776 2522 1445 2592 Ρο.1·3.11ρ.80.μεσπιλοβότας
1475 2525 1524 2563 Κ.
1565 2525 1666 2563 conl.
1698 2524 1772 2564 od.

224 2585 288 2633 10,
312 2584 392 2621 242
424 2596 514 2622 cum
535 2583 723 2632 Amphid.
748 2583 821 2630 38,
845 2584 882 2621 3.
934 2582 1002 2621 sed
1031 2595 1081 2621 ne
1111 2575 1361 2647 ὀρειονόμους
1391 2581 1549 2630 quidem
1579 2593 1669 2619 sues
1687 2593 1772 2620 esse

221 2640 416 2690 comperi3
455 2640 621 2678 forta-sse
659 2635 991 2688 ἕλειονόμους.
1052 2639 1130 2677 nisi
1165 2638 1292 2678 forte
1307 2638 1348 2676 in
1388 2637 1656 2676 conlocatione
1687 2649 1771 2676 ver-

220 2696 360 2735 borum
402 2696 628 2735 Athenaeus
666 2695 818 2746 aliquid
857 2695 1056 2745 turbavit,
1095 2694 1289 2734 Anaxilas
1328 2696 1461 2733 autem
1493 2693 1653 2743 scripsit
1681 2690 1772 2740 τοὺς

221 2750 295 2803 μὲν
324 2748 440 2803 ὑμῶν
468 2766 509 2792 π.
532 2751 568 2790 ὃ.
590 2751 808 2803 μεσπιλοβ.,
835 2750 842 2799 Ι
869 2748 959 2796 τοὺς
989 2748 1033 2788 δὲ
1062 2764 1104 2789 π.
1137 2746 1410 2801 ὀρειονόμους,
1440 2746 1581 2795 ἄλλους
1612 2745 1651 2788 δ’
1683 2745 1772 2800 ἆγρ.

222 2810 303 2846 κτλ.
364 2822 452 2848 cum
473 2822 613 2848 versus
643 2810 666 2846 2
697 2809 752 2848 sit
780 2810 868 2847 tetr.
891 2808 1080 2855 creticus,
1110 2821 1149 2849 v.
1172 2809 1196 2846 3
1227 2821 1293 2846 και
1322 2807 1385 2846 vel
1414 2802 1444 2855 ἡ
1472 2803 1629 2852 λέοντας
1650 2805 1771 2845 Mein.

231 2887 271 2892 ——
307 2866 577 2915 Eurylochum
609 2866 658 2904 de
689 2864 880 2904 sociorum
913 2876 1005 2903 casu
1031 2877 1190 2903 nau-are
1220 2864 1436 2902 arbitratur
1465 2863 1699 2902 Lobeckius.
