1864 3204
243 252 326 294 334
890 248 1143 286 ΑΛΕΞΙΔΟΣ

450 350 618 392 ἐνθάδε
649 348 902 391 συνόντων·
935 346 993 403 μὴ
1025 348 1201 402 γένοιτό
1230 363 1305 402 μοι
1334 348 1458 404 μόνῳ

447 417 627 472 νύκτωρ
646 414 910 472 ,ἀπαντῆσαι
941 418 1087 465 καλῶς
1114 413 1395 471 πεπραγόσιν

393 495 413 525 5
444 482 552 539 ὑμῖν
583 483 686 538 περὶ
714 481 794 526 τὸν
823 485 1098 538 βαλλισμόν·
1132 482 1186 526 οὐ
1216 483 1302 538 γὰρ
1334 481 1391 525 ἄν
1420 497 1527 525 ποτε

448 551 687 606 θοίμάτιον
717 549 1008 607 ἀπενέγκαιμι
1038 549 1096 607 μὴ
1130 551 1277 607 φύσας
1306 551 1460 607 πτερά.

357 647 583 686 Athenaeus
614 647 652 695 8,
676 647 788 684 3620
810 643 959 692 ’Ἄλεξις
990 643 1034 683 ἐν
1063 643 1230 696 Κουρίδι
1261 644 1363 695 φησί
1388 646 1467 684 κτλ.
1565 645 1603 683 1.
1642 640 1796 696 κῶμον]

245 703 390 767 κιόμων
427 704 474 743 Α.
568 700 635 741 καὶ
666 699 714 753 δὴ
744 716 817 753 γαρ
847 699 910 740 ἐπὶ
939 700 1009 740 τὸν
1036 716 1073 741 κ.
1104 697 1226 753 ἆνθρ.
1257 703 1407 741 Iacobs.
1438 701 1540 740 Add.
1574 699 1668 739 Ath.
1702 701 1794 739 196.

244 761 376 811 κῶμον
406 762 588 798 πλεῖστον
615 753 746 823 ἆνθρ.
766 759 910 798 Naber.
941 759 1086 798 Mnem.
1117 771 1207 798 nov.
1240 759 1339 797 VIII
1369 758 1464 796 258.
1562 757 1600 795 2.
1631 753 1797 807 προσιὸν

244 813 376 855 οἰστῶν
414 816 566 856 Iacobs.
606 810 851 867 προσιόντων
880 811 935 861 ὥς
965 829 1002 854 κ.
1033 815 1151 854 Mein.
1266 817 1303 856 3.
1337 815 1380 854 B.
1411 808 1466 865 μή
1493 815 1573 852 κτλ.
1604 813 1724 855 Mein.
1754 813 1797 851 in

245 874 339 915 Ath.
428 874 466 911 4.
499 872 657 911 ‘malim
687 872 857 918 κακῶς’.
887 870 1007 910 Mein.
1039 871 1100 909 ed.
1131 868 1227 910 min.

366 930 404 969 5.
436 928 632 995 βαλλίζειν
661 929 766 967 idem
799 930 859 967 est
887 928 992 978 quod
1024 923 1230 992 ἑορτάζειν.
1281 927 1426 966 Athen.
1458 928 1571 967 3622.
1599 923 1797 976 βαλλίζου-

244 997 310 1026 σιν
330 986 371 1024 οί
386 983 483 1024 κατὰ
506 981 577 1036 τὴν
597 981 712 1023 πόλιν
732 983 779 1037 τῇ
799 983 904 1038 θεῷ,
937 985 1043 1034 quod
1072 984 1156 1034 ipse
1178 985 1466 1034 interpretatur
1493 977 1741 1033 κωμάζουσιν
1771 977 1797 1032 ἢ

246 1040 498 1095 χορεύουσιν,
538 1042 641 1080 unde
671 1041 861 1080 Italoium
892 1042 1047 1082 ballare.
1106 1041 1268 1091 adparet
1298 1041 1346 1079 de
1377 1039 1698 1079 comissatoribns
1726 1050 1794 1077 no-

248 1101 401 1140 cturnis
431 1100 516 1150 agi3
564 1098 689 1137 multa
725 1100 859 1136 tamen
890 1098 1096 1137 remanent
1135 1098 1318 1148 obscura,
1366 1098 1459 1148 quia
1487 1109 1588 1147 quae
1618 1095 1799 1146 proxima

247 1159 360 1196 erant
390 1156 619 1194 Athenaeus
650 1155 794 1193 omisit.

450 1285 473 1329 6
503 1287 586 1341 μὲν
618 1278 702 1328 οὖν
732 1283 834 1340 ἐμὸς
863 1286 985 1340 υἱός,
1018 1280 1116 1328 οἷον
1144 1283 1270 1339 ὑμεῖς
1300 1284 1454 1340 ἀρτίως

453 1355 613 1409 εἴδετε,
645 1356 848 1403 τοιοῦτος
876 1354 1076 1408 γέγονεν,
1111 1354 1339 1396 Οἰνοπίων
1370 1368 1436 1401 τις
1465 1347 1494 1406 ἢ

450 1421 627 1477 Μάρων
656 1437 721 1471 τις
749 1417 779 1476 ἦ
809 1420 1019 1476 Κάπηλος
1047 1417 1077 1476 ἢ
1108 1421 1181 1463 καὶ
1219 1423 1452 1476 Τιμοκλῆς.

449 1488 609 1545 μεθύει
638 1488 726 1545 γὰρ
757 1487 895 1531 οὐδὲν
924 1483 1080 1544 ἦττον·
1115 1487 1138 1530 ὁ
1169 1486 1211 1530 δ’
1242 1488 1392 1544 ἕτερος
1423 1513 1474 1518 -
1505 1488 1552 1529 τί
1576 1484 1634 1528 ἂν

400 1568 420 1598 5
451 1554 629 1612 τύχοιμ’
661 1554 909 1611 ὁνομοὶσας;
941 1559 1106 1611 βῶλος,
1139 1553 1348 1612 ἄροτρον,
1378 1553 1570 1611 γηγενὴς

451 1623 705 1680 ἄνθρωπος.

359 1709 586 1747 Athenaeus
625 1709 696 1755 10,
727 1708 845 1747 443d
873 1705 1022 1755 ’Ἀλεξις
1060 1704 1099 1746 δ’
1133 1705 1178 1746 ἐν
1214 1704 1381 1757 Κουρίδι
1417 1703 1510 1756 περί
1544 1718 1648 1752 τινος
1677 1701 1798 1744 πλέον

245 1765 429 1812 πίνοντος
474 1759 753 1815 διαλεγόμενός
799 1775 924 1814 φησιν
968 1765 1049 1802 κτλ.
1119 1764 1350 1802 Eustathius
1393 1763 1518 1810 1623,
1557 1764 1607 1801 51
1650 1759 1800 1808 ’Ἄλεξις

246 1817 440 1861 σκώπτων
475 1818 562 1859 τινὰ
600 1835 654 1867 ως
691 1818 872 1870 μέθυσον
901 1818 969 1859 καὶ
998 1817 1122 1869 ἐξώλη
1159 1819 1300 1870 φησίν·
1344 1817 1547 1861 Οἰνοπίων
1576 1831 1633 1865 τις
1662 1814 1691 1868 ἢ
1718 1815 1800 1856 καὶ

250 1877 411 1931 Μάρων
448 1874 478 1927 ἠ
518 1879 736 1928 Τιμοκλῆς·
782 1875 927 1926 μεθύει
965 1874 1074 1943 γάρ,
1106 1873 1226 1915 ουδὲν
1264 1873 1395 1927 ετερον
1432 1873 1612 1925 ἐμφαίνει
1640 1870 1669 1925 ἢ
1697 1869 1750 1920 ὥς
1779 1869 1801 1912 6

255 1934 408 1987 Μάρων
446 1931 535 1985 περὶ
572 1928 683 1972 οἶνον
717 1929 920 1985 ἠσχολεῖτο
950 1928 997 1971 οὐ
1026 1929 1149 1984 μόνον
1178 1929 1395 1982 κτώμενος,
1433 1927 1531 1970 ἀλλὰ
1562 1929 1628 1970 καὶ
1656 1929 1797 1972 πίνων.

246 2007 283 2033 v.
314 1993 341 2031 4
379 1988 447 2045 (ab
477 1987 498 2028 6
532 1985 572 2028 δ’
605 1987 750 2042 ἕτερος)
793 2003 852 2041 sq
897 1991 1131 2030 Eustathius
1171 1991 1271 2040 962,
1302 1990 1356 2028 34
1390 1985 1583 2037 Ἀλέξιδος
1621 1984 1666 2026 δέ
1699 1996 1800 2035 φασι

247 2053 318 2088 τοῦ
345 2052 523 2098 κωμικοῦ
553 2042 573 2085 ὁ
607 2045 731 2098 λόγος.
820 2049 857 2086 3.
890 2044 955 2085 καὶ
985 2047 1075 2086 add.
1107 2047 1245 2085 Dindf.
1276 2059 1333 2092 τις
1363 2045 1525 2084 Porson.
1614 2045 1651 2085 4
1681 2037 1799 2095 ἧττον

246 2104 430 2155 Person]
471 2101 603 2156 ἕτερον
640 2105 688 2143 Α.
788 2105 824 2143 5.
856 2098 1010 2154 τύχοιμι
1040 2103 1088 2142 A.
1120 2125 1173 2131 —
1205 2103 1252 2141 de
1293 2101 1510 2150 Oenopione
1547 2101 1596 2140 ef.
1633 2101 1798 2139 Preller.

248 2163 374 2213 Myth.
405 2159 485 2211 gr.²
514 2161 535 2199 I
565 2161 659 2200 352.
690 2161 786 2200 564.
841 2160 990 2199 Maron
1027 2162 1149 2199 notus
1188 2173 1234 2197 ex
1265 2158 1455 2208 Odyssea.
1501 2158 1704 2197 Timoclem
1741 2156 1798 2194 di-

247 2232 405 2258 veisum
438 2231 460 2255 a
490 2218 637 2256 comico
676 2230 762 2257 esse
791 2219 924 2256 censet
953 2216 1174 2255 Meinek.1
1205 2217 1300 2254 389.
1416 2215 1456 2252 4.
1490 2212 1529 2252 τί
1554 2210 1608 2252 ἂν
1636 2214 1716 2255 κτλ.
1747 2213 1796 2251 ef.

248 2289 347 2325 quae
379 2274 659 2314 adnotavimus
690 2274 739 2312 ad
770 2273 894 2312 Arist.
928 2273 1034 2312 Nub.
1069 2273 1191 2312 1378.
1293 2273 1331 2310 5.
1361 2266 1528 2322 γηγενής
1559 2270 1696 2320 aliter,
1727 2269 1796 2308 sed

246 2334 343 2370 item
380 2330 574 2370 translata
611 2330 899 2380 significatione
937 2329 1060 2368 Arist.
1098 2329 1205 2368 Nub.
1245 2329 1339 2367 853.
1384 2349 1433 2354 —
1473 2327 1642 2366 alterum
1671 2325 1797 2364 filium

247 2389 492 2437 helluonem,
535 2388 704 2426 alterum
750 2386 955 2436 stupidum
999 2386 1151 2435 solique
1194 2385 1460 2435 agriculturae
1499 2383 1674 2422 deditum
1713 2393 1797 2421 esse

247 2448 360 2495 pater
388 2444 520 2483 nescio
552 2443 640 2493 quis
669 2444 861 2493 queritur.

988 2495 1068 2537 109

519 2573 615 2618 ἐπεὶ
645 2574 783 2617 πάλαι
812 2575 1110 2628 δεδείπναμεν

351 2657 504 2706 ’Ἀλεξις
537 2655 579 2696 ἐν
608 2655 788 2708 Κουρίδι.
832 2656 1060 2695 Athenaeus
1094 2657 1157 2706 10,
1179 2655 1305 2693 422e.
1351 2655 1400 2693 cf.
1433 2653 1640 2703 Hermipp.
1674 2654 1739 2692 60.

642 2779 902 2812 ΚΡΑΤΕΤΑΣ
927 2780 961 2811 Η
986 2776 1403 2811 ΦΑΡΜΑΚΟΠΩΛΗΣ

360 2851 566 2901 Duplieem
611 2849 732 2888 fuisse
776 2848 932 2887 fabulae
975 2848 1208 2897 editionem,
1254 2847 1421 2885 alteram
1466 2846 1556 2882 ante
1595 2843 1794 2893 01.115,

246 2908 412 2945 alteiam
442 2908 532 2956 post
562 2905 624 2945 Ol.
651 2907 744 2957 118,
767 2907 790 2943 2
821 2905 979 2954 factam,
1011 2904 1198 2942 Meinekii
1229 2905 1289 2942 est
1318 2901 1513 2972 sententia
1541 2900 1560 2938 1
1582 2900 1677 2938 388.
1701 2901 1796 2938 395.
