1864 3204
0 0 177 127 W
303 0 316 5 ,,

1 126 13 148 1
26 130 34 146 ’.

0 155 18 174 (⁴

458 214 943 250 ΔΠΕΓΛΑΤΚΩΜΕΝΟΣ
969 233 1010 240 -
1035 215 1323 250 ΑΡΧΙΛΟΧΟΣ
1589 213 1674 257 305

668 351 1121 388 ΑΠΟΚΟΠΤΟΜΕΝΟΣ

222 432 295 472 Vel
330 429 661 483 Ἀποκοπτομένῃ.
718 433 892 472 Meinek.
924 433 945 472 I
974 434 1072 473 397.
1123 445 1173 472 an
1201 418 1572 489 Ἀποκοιμῶμενοςῗ
1622 433 1671 472 ef.

108 489 252 540 Eupol.
285 490 382 532 208.
426 502 517 529 nam
549 490 645 540 quid
676 490 731 529 sit
756 486 1095 541 Ἀποκοπτόμενος
1125 491 1278 536 nescio,
1309 491 1387 530 nisi
1417 490 1519 530 forte
1550 490 1675 529 Amor

108 546 357 598 intellegitur
376 542 422 585 τὰ
437 542 558 598 πτερὰ
579 541 899 597 ἆποκοπτόμενος
916 542 993 596 ὑφ’
1007 544 1178 598 ἑταίρας.
1200 547 1541 597 cf.Aristophont.
1556 548 1619 597 11,
1633 547 1672 586 5.

922 736 1095 790 λέγεται
1126 733 1211 790 γὰρ
1243 735 1375 791 λόγος

310 800 399 846 ὑπὸ
429 805 522 846 ταῖν
551 806 797 859 σοφιστῶν,
829 801 888 859 μή
919 804 1133 846 πέτεσθαι
1159 796 1243 846 Δτὸν
1273 802 1387 847 θεὸν

312 870 392 914 τὸν
412 868 608 926 Ἔρωτα,
638 869 743 923 τοὺς
772 869 814 914 δ’
839 871 1060 927 ἐρῶντας·
1105 872 1254 915 αἰτίαν
1286 870 1328 914 δ’
1351 873 1470 927 ἔχειν

315 938 492 982 ἐκεῖνον
522 934 689 993 ἄλλως,
721 937 999 996 ἠγνοηκότας
1029 940 1079 982 δὲ
1109 936 1216 991 τούς

264 1017 284 1048 5
315 1014 507 1063 γραφεῖς
535 1009 694 1063 ἔχοντα
724 1008 950 1063 πτέρυγας
980 1005 1120 1051 αὐτὸν
1149 1010 1414 1064 ζωγραφεῖν.

223 1102 454 1141 Athenaeus
488 1103 552 1150 13,
570 1101 687 1141 562d
709 1099 860 1150 ’Ἀλεξις
892 1099 936 1141 ἐν
958 1098 1286 1156 Ἀποκοπτομένῳ
1316 1105 1398 1142 κτλ.
1439 1104 1672 1144 Eustathius

111 1160 205 1207 987,
229 1160 283 1198 25
306 1156 455 1206 ’Ἀλεξις
485 1156 530 1197 δὲ
559 1153 606 1197 οὐ
638 1156 707 1197 τὸν
727 1156 886 1211 ’Έρωτα
915 1156 1108 1198 πέτεσθαι
1136 1157 1261 1211 λέγει,
1291 1155 1390 1199 ἀλλὰ
1425 1158 1516 1206 τοὺς
1546 1158 1671 1211 ἐρῶν-

110 1229 192 1262 τας.
296 1217 335 1256 3.
364 1212 492 1262 ἄλλως
520 1213 651 1255 αἰτίαν
681 1213 809 1267 ἔχειν,
848 1217 875 1256 i.
905 1230 940 1256 e.
980 1229 1189 1268 perperam
1227 1217 1377 1257 alatum
1414 1219 1562 1268 putari.
1622 1219 1672 1257 cf.

110 1272 295 1313 Pherecr.
329 1273 419 1311 147.
860 1326 913 1369 21

381 1401 438 1447 οὖ
467 1407 803 1461 συμποσίαρχος
830 1397 890 1460 ἦν
918 1405 1030 1461 γάρ,
1061 1404 1176 1449 ἀλλά
1207 1407 1365 1462 δήμιος

380 1470 404 1515 ὁ
435 1474 651 1529 Χαιρέας,
682 1473 888 1525 κυάθους
918 1476 1159 1528 προπίνων
1189 1478 1374 1518 εἴκοσιν.

221 1567 451 1607 Athenaeus
483 1569 555 1617 10,
578 1569 690 1607 4310
711 1566 864 1616 ’Ἀλεξις
896 1565 938 1606 έν
965 1564 1286 1622 Ἀποκοπτομένῃ
1315 1570 1397 1608 κτλ.
1449 1583 1550 1620 quae
1580 1574 1672 1622 post

109 1622 263 1663 εἴκοσιν
292 1624 330 1663 A
360 1623 526 1674 praebet
555 1622 645 1662 ἴσον
674 1622 747 1677 ἴσῳ
777 1622 897 1663 πάλιν
926 1622 1000 1677 τὴν
1029 1624 1189 1676 μείζονα
1209 1623 1349 1680 ᾔτουν,
1381 1639 1426 1665 ea
1446 1640 1493 1665 ex
1515 1627 1671 1678 Sophili

111 1681 158 1724 fr,
191 1682 216 1720 3
246 1677 414 1734 (Athen.
434 1680 515 1720 431
531 1678 572 1732 a)
604 1684 753 1723 temere
783 1682 954 1732 repetita
983 1695 1068 1722 esse
1098 1682 1200 1722 vidit
1230 1682 1592 1734 Schweighaeuser.
1617 1706 1670 1712 —

109 1737 286 1786 carm'feoe
321 1749 395 1787 per
432 1736 562 1776 iocum
593 1738 740 1777 dicitur
769 1737 962 1779 Chaereas
991 1739 1125 1779 nescio
1155 1739 1262 1791 quis,
1303 1741 1410 1790 quod
1446 1741 1672 1781 interficere

109 1794 284 1834 voluerit
311 1794 499 1834 convivas
528 1794 651 1834 nimia
679 1795 854 1845 potione.

741 1917 1031 1954 ΔΡΧῙΛΟΧΟΣ

222 1994 436 2050 Ἀρχίλοχοι
466 1998 621 2039 Cratini
651 1999 812 2040 maioris
844 1999 975 2039 fuerat
1003 2000 1216 2040 comoedia.
1261 2000 1311 2040 cf.
1343 2001 1424 2041 hui.
1457 2002 1518 2041 ed.
1552 2002 1570 2040 I
1604 2005 1670 2043 11.

110 2054 280 2096 Meinek.
312 2055 332 2094 I
362 2056 458 2096 390.
860 2109 916 2152 22

207 2181 243 2230 ὦ
274 2185 356 2243 τὴν
387 2185 552 2244 εὐτυχῆ
582 2190 726 2231 ναίων
754 2189 929 2242 Πάρον,
962 2187 1087 2244 ὄλβιε
1117 2190 1316 2244 πρέσβυ,

205 2254 235 2310 ἢ
264 2255 481 2298 κάλλιστα
512 2255 639 2311 φέρει
669 2256 792 2311 χώρα
823 2256 908 2298 δύο
940 2259 1032 2298 τῶν
1062 2258 1356 2311 συναπασῶν,

204 2322 376 2377 κόσμον
406 2323 490 2379 μὲν
517 2324 768 2379 μακάρεσσι
799 2326 949 2378 λίθον,
981 2328 1168 2379 θνητοῖς
1196 2324 1246 2367 δὲ
1277 2327 1575 2376 πλακοῦντας.

221 2416 452 2456 Athenaeus
486 2418 550 2468 14,
573 2417 692 2456 6441>
727 2414 790 2456 ὅτι
820 2415 864 2455 δὲ
893 2415 1039 2464 καλοὺς
1068 2419 1320 2464 πλακοῦντας
1351 2416 1396 2458 έν
1426 2420 1566 2473 Παρίῳ
1597 2427 1669 2460 τοῦ

102 2468 398 2523 Ἑλλησπόντου
427 2475 573 2525 φαγεῖν
602 2471 709 2511 ἔστιν
729 2472 769 2512 οἱ
785 2471 1099 2525 ἐπιδημήσαντες
1119 2473 1452 2526 μαρτυρήσουσιν.
1483 2474 1671 2527 ’Ἄλεξις

109 2526 199 2580 γὰρ
230 2525 541 2580 πεπλάνηται
574 2527 722 2581 λέγων
752 2527 868 2577 τοὺς
899 2528 949 2568 ἐκ
983 2527 1174 2582 Πάρου·
1207 2529 1309 2583 λέγει
1339 2529 1384 2570 δὲ
1403 2529 1531 2580 οὕτως
1552 2531 1597 2572 έν
1618 2539 1670 2572 τῶ

113 2583 414 2639 ἐπιγραφομένῳ
447 2581 658 2639 Ἀρχιλόχῳ
695 2588 777 2626 κτλ.
883 2589 917 2627 1.
957 2582 1103 2638 εὐτυχῆ
1130 2584 1189 2640 A]
1230 2585 1383 2639 εὐτείχη
1414 2589 1567 2629 Dindf..
1606 2575 1669 2630 εὖ·

110 2645 216 2693 τειχῆ
244 2642 364 2681 Mein.
395 2642 445 2682 ef.
475 2642 646 2683 Lobeck.
678 2643 806 2682 Paral.
840 2644 933 2683 245.
1009 2641 1145 2696 ὄλβιαε
1177 2645 1330 2696 πρεσβυ
1361 2646 1412 2683 A.
1492 2647 1529 2685 2.
1562 2661 1586 2696 η
1617 2649 1668 2688 A.

109 2699 216 2748 quod
246 2699 299 2738 M.
323 2698 567 2738 Schmidtius
598 2695 789 2751 (Hesych.
821 2696 952 2767 πάγον
981 2697 1157 2754 εὐτειχῆ)
1187 2702 1237 2740 ab
1269 2701 1435 2739 Alexide
1468 2702 1669 2754 Euripidis

110 2756 308 2794 canticum
339 2755 530 2794 Androm.
564 2757 673 2794 1010
711 2750 743 2794 ὦ
771 2755 875 2807 Φοῖβ
915 2752 937 2795 ὁ
967 2753 1182 2809 πυργώσας
1213 2755 1284 2795 τὸν
1315 2754 1357 2794 ἐν
1382 2753 1486 2811 Ἰλίῳ
1515 2756 1669 2812 εὐτειχῆ

109 2810 240 2862 πάγον
268 2811 432 2862 parodia
462 2824 690 2862 expressum
720 2825 804 2852 esse
836 2813 951 2864 dicit,
983 2827 1108 2864 paene
1140 2814 1349 2853 ridiculum
1382 2818 1454 2853 est.
1507 2818 1668 2857 omniuo

111 2869 249 2908 malim
277 2867 384 2918 quod
415 2867 506 2907 Pari
536 2870 702 2909 naturae
732 2870 860 2921 magis
892 2871 1080 2910 convenit
1110 2866 1313 2920 εὐαυγῆ.
1354 2867 1491 2921 Eurip.
1525 2872 1667 2924 Suppl-

177 2938 296 2966 Oonssoi
314 2938 431 2972 graeei.
453 2938 501 2966 ed.
519 2938 581 2967 Th.
600 2939 717 2966 Kook.
747 2939 789 2967 11.
1354 2938 1398 2970 20
