<?xml version="1.0" encoding="UTF-8"?>
<!DOCTYPE html PUBLIC "-//W3C//DTD XHTML 1.0 Transitional//EN"
    "http://www.w3.org/TR/xhtml1/DTD/xhtml1-transitional.dtd">
<html xmlns="http://www.w3.org/1999/xhtml" xml:lang="en" lang="en">
 <head>
  <title>
</title>
<meta http-equiv="Content-Type" content="text/html;charset=utf-8" />
  <meta name='ocr-system' content='tesseract 3.04.00' />
  <meta name='ocr-capabilities' content='ocr_page ocr_carea ocr_par ocr_line ocrx_word'/>
</head>
<body>
  <div class='ocr_page' id='page_1' title='image "./comicorumatticor02kockuoft_0484.png"; bbox 0 0 1864 3204; ppageno 0'>
   <div class='ocr_carea' id='block_1_1' title="bbox 206 153 1127 198">
    <p class='ocr_par' dir='ltr' id='par_1_1' title="bbox 206 153 1127 198">
     <span class='ocr_line' id='line_1_1' title="bbox 206 153 1127 198; baseline -0.001 -11"><span class='ocrx_word' id='word_1_1' title='bbox 206 157 289 198; x_wconf 80' lang='lat'><strong>478</strong></span> <span class='ocrx_word' id='word_1_2' title='bbox 828 153 1127 187; x_wconf 78' lang='grc' dir='ltr'><strong>ΦΙΛΗΜΟΝΟΣ</strong></span> 
     </span>
    </p>
   </div>
   <div class='ocr_carea' id='block_1_2' title="bbox 745 298 1215 349">
    <p class='ocr_par' dir='ltr' id='par_1_2' title="bbox 745 298 1215 349">
     <span class='ocr_line' id='line_1_2' title="bbox 745 298 1215 349; baseline 0 -1"><span class='ocrx_word' id='word_1_3' title='bbox 745 298 1215 349; x_wconf 77' lang='grc' dir='ltr'><strong>ΦΙΛΗΜΩΝ</strong></span> 
     </span>
    </p>
   </div>
   <div class='ocr_carea' id='block_1_3' title="bbox 440 403 1537 521">
    <p class='ocr_par' dir='ltr' id='par_1_3' title="bbox 440 403 1537 521">
     <span class='ocr_line' id='line_1_3' title="bbox 440 403 1537 454; baseline 0.003 -12"><span class='ocrx_word' id='word_1_4' title='bbox 440 404 608 442; x_wconf 84' lang='lat' dir='ltr'><strong>Meinek.</strong></span> <span class='ocrx_word' id='word_1_5' title='bbox 641 403 848 442; x_wconf 82' lang='lat' dir='ltr'>Menandri</span> <span class='ocrx_word' id='word_1_6' title='bbox 877 405 919 442; x_wconf 76' lang='lat' dir='ltr'><strong>et</strong></span> <span class='ocrx_word' id='word_1_7' title='bbox 948 403 1115 441; x_wconf 87' lang='lat' dir='ltr'><strong>Philem.</strong></span> <span class='ocrx_word' id='word_1_8' title='bbox 1146 403 1340 452; x_wconf 85' lang='lat' dir='ltr'>reliquiae</span> <span class='ocrx_word' id='word_1_9' title='bbox 1370 416 1458 442; x_wconf 71' lang='lat' dir='ltr'>XLII</span> <span class='ocrx_word' id='word_1_10' title='bbox 1479 417 1537 454; x_wconf 88' lang='lat' dir='ltr'><strong>sq.</strong></span> 
     </span>
     <span class='ocr_line' id='line_1_4' title="bbox 598 470 1375 521; baseline 0.001 -12"><span class='ocrx_word' id='word_1_11' title='bbox 598 472 789 521; x_wconf 85' lang='lat' dir='ltr'><strong>Droysen.</strong></span> <span class='ocrx_word' id='word_1_12' title='bbox 817 471 1048 510; x_wconf 91' lang='lat' dir='ltr'><strong>Hellenism.</strong></span> <span class='ocrx_word' id='word_1_13' title='bbox 1082 470 1122 508; x_wconf 91' lang='lat' dir='ltr'>H</span> <span class='ocrx_word' id='word_1_14' title='bbox 1154 471 1248 509; x_wconf 84' lang='lat'><strong>220.</strong></span> <span class='ocrx_word' id='word_1_15' title='bbox 1281 472 1375 510; x_wconf 85' lang='grc'><strong>247.</strong></span> 
     </span>
    </p>
   </div>
   <div class='ocr_carea' id='block_1_4' title="bbox 858 577 1113 626">
    <p class='ocr_par' dir='ltr' id='par_1_4' title="bbox 858 577 1113 626">
     <span class='ocr_line' id='line_1_5' title="bbox 858 577 1113 626; baseline 0 0"><span class='ocrx_word' id='word_1_16' title='bbox 858 577 1113 626; x_wconf 73' lang='grc' dir='ltr'><strong>ΑΓΡΟΙΚΟΣ</strong></span> 
     </span>
    </p>
   </div>
   <div class='ocr_carea' id='block_1_5' title="bbox 206 658 1762 771">
    <p class='ocr_par' dir='ltr' id='par_1_5' title="bbox 206 658 1762 771">
     <span class='ocr_line' id='line_1_6' title="bbox 321 658 1762 716; baseline -0.001 -13"><span class='ocrx_word' id='word_1_17' title='bbox 321 665 382 703; x_wconf 84' lang='lat' dir='ltr'><strong>Cf.</strong></span> <span class='ocrx_word' id='word_1_18' title='bbox 413 676 513 714; x_wconf 80' lang='lat' dir='ltr'><strong>quae</strong></span> <span class='ocrx_word' id='word_1_19' title='bbox 544 663 592 701; x_wconf 80' lang='lat' dir='ltr'><strong>ad</strong></span> <span class='ocrx_word' id='word_1_20' title='bbox 622 662 862 713; x_wconf 75' lang='lat' dir='ltr'><strong>Antiphanis</strong></span> <span class='ocrx_word' id='word_1_21' title='bbox 884 660 1095 714; x_wconf 77' lang='grc' dir='ltr'><em>’Ἀγροικον</em></span> <span class='ocrx_word' id='word_1_22' title='bbox 1132 665 1173 701; x_wconf 78' lang='lat' dir='ltr'><strong>et</strong></span> <span class='ocrx_word' id='word_1_23' title='bbox 1202 663 1252 701; x_wconf 83' lang='lat' dir='ltr'><strong>ad</strong></span> <span class='ocrx_word' id='word_1_24' title='bbox 1282 662 1525 704; x_wconf 86' lang='lat' dir='ltr'>Philemonis</span> <span class='ocrx_word' id='word_1_25' title='bbox 1551 658 1762 716; x_wconf 76' lang='grc' dir='ltr'><em>Ὑποβολι-</em></span> 
     </span>
     <span class='ocr_line' id='line_1_7' title="bbox 206 721 608 771; baseline 0.005 -12"><span class='ocrx_word' id='word_1_26' title='bbox 206 723 325 771; x_wconf 88' lang='grc' dir='ltr'><strong>μαῖον</strong></span> <span class='ocrx_word' id='word_1_27' title='bbox 356 721 608 761; x_wconf 80' lang='lat' dir='ltr'><strong>adnotantur.</strong></span> 
     </span>
    </p>
   </div>
   <div class='ocr_carea' id='block_1_6' title="bbox 972 774 992 813">
    <p class='ocr_par' dir='ltr' id='par_1_6' title="bbox 972 774 992 813">
     <span class='ocr_line' id='line_1_8' title="bbox 972 774 992 813; baseline 0 0"><span class='ocrx_word' id='word_1_28' title='bbox 972 774 992 813; x_wconf 93' lang='lat'><strong>1</strong></span> 
     </span>
    </p>
   </div>
   <div class='ocr_carea' id='block_1_7' title="bbox 209 850 1763 1019">
    <p class='ocr_par' dir='ltr' id='par_1_7' title="bbox 209 850 1763 1019">
     <span class='ocr_line' id='line_1_9' title="bbox 323 850 1763 908; baseline 0 -14"><span class='ocrx_word' id='word_1_29' title='bbox 323 856 551 895; x_wconf 77' lang='lat' dir='ltr'><strong>Athenaeus</strong></span> <span class='ocrx_word' id='word_1_30' title='bbox 589 856 634 905; x_wconf 87' lang='lat'><strong>3,</strong></span> <span class='ocrx_word' id='word_1_31' title='bbox 669 855 758 894; x_wconf 91' lang='lat' dir='ltr'><strong>81d</strong></span> <span class='ocrx_word' id='word_1_32' title='bbox 801 852 992 905; x_wconf 85' lang='grc' dir='ltr'><em>Φιλήμων</em></span> <span class='ocrx_word' id='word_1_33' title='bbox 1034 851 1078 892; x_wconf 79' lang='grc' dir='ltr'><strong>ἐν</strong></span> <span class='ocrx_word' id='word_1_34' title='bbox 1113 850 1301 908; x_wconf 79' lang='grc' dir='ltr'><strong><em>Ἀγροίκῳ</em></strong></span> <span class='ocrx_word' id='word_1_35' title='bbox 1346 852 1392 894; x_wconf 78' lang='grc' dir='ltr'><strong>τὰ</strong></span> <span class='ocrx_word' id='word_1_36' title='bbox 1438 853 1617 894; x_wconf 77' lang='grc' dir='ltr'><em>κυδώνια</em></span> <span class='ocrx_word' id='word_1_37' title='bbox 1659 857 1763 907; x_wconf 83' lang='grc' dir='ltr'><em>μῆλα</em></span> 
     </span>
     <span class='ocr_line' id='line_1_10' title="bbox 209 909 1762 964; baseline 0.001 -14"><span class='ocrx_word' id='word_1_38' title='bbox 209 911 483 964; x_wconf 79' lang='grc' dir='ltr'><em>στρούθεια</em></span> <span class='ocrx_word' id='word_1_39' title='bbox 514 913 636 950; x_wconf 77' lang='grc' dir='ltr'><strong>καλεῖ.</strong></span> <span class='ocrx_word' id='word_1_40' title='bbox 695 909 908 962; x_wconf 78' lang='grc' dir='ltr'><em>στρούθεια</em></span> <span class='ocrx_word' id='word_1_41' title='bbox 939 909 1038 963; x_wconf 90' lang='lat' dir='ltr'><strong>VL]</strong></span> <span class='ocrx_word' id='word_1_42' title='bbox 1072 910 1266 962; x_wconf 82' lang='grc' dir='ltr'><em>στρουθία</em></span> <span class='ocrx_word' id='word_1_43' title='bbox 1297 912 1345 951; x_wconf 94' lang='lat' dir='ltr'><strong>A.</strong></span> <span class='ocrx_word' id='word_1_44' title='bbox 1377 913 1425 952; x_wconf 84' lang='lat' dir='ltr'><strong>cf.</strong></span> <span class='ocrx_word' id='word_1_45' title='bbox 1446 912 1616 952; x_wconf 85' lang='lat' dir='ltr'><strong>Lobeck.</strong></span> <span class='ocrx_word' id='word_1_46' title='bbox 1640 912 1762 963; x_wconf 86' lang='lat' dir='ltr'><strong>Soph.</strong></span> 
     </span>
     <span class='ocr_line' id='line_1_11' title="bbox 209 966 1184 1019; baseline -0.002 -11"><span class='ocrx_word' id='word_1_47' title='bbox 209 970 272 1008; x_wconf 89' lang='lat' dir='ltr'><strong>Ai.</strong></span> <span class='ocrx_word' id='word_1_48' title='bbox 299 971 390 1008; x_wconf 88' lang='grc'><strong>116.</strong></span> <span class='ocrx_word' id='word_1_49' title='bbox 444 969 589 1007; x_wconf 87' lang='lat' dir='ltr'><strong>Eubul.</strong></span> <span class='ocrx_word' id='word_1_50' title='bbox 614 969 694 1008; x_wconf 88' lang='lat'><strong>104</strong></span> <span class='ocrx_word' id='word_1_51' title='bbox 725 966 942 1019; x_wconf 77' lang='grc' dir='ltr'><em>στρούθιον</em></span> <span class='ocrx_word' id='word_1_52' title='bbox 972 966 1184 1017; x_wconf 85' lang='grc' dir='ltr'><em>στέφανον.</em></span> 
     </span>
    </p>
   </div>
   <div class='ocr_carea' id='block_1_8' title="bbox 867 1090 1099 1124">
    <p class='ocr_par' dir='ltr' id='par_1_8' title="bbox 867 1090 1099 1124">
     <span class='ocr_line' id='line_1_12' title="bbox 867 1090 1099 1124; baseline -0.004 0"><span class='ocrx_word' id='word_1_53' title='bbox 867 1090 1099 1124; x_wconf 79' lang='grc' dir='ltr'><strong>ΑΓΤΡΤΗΣ</strong></span> 
     </span>
    </p>
   </div>
   <div class='ocr_carea' id='block_1_9' title="bbox 211 1158 1764 1312">
    <p class='ocr_par' dir='ltr' id='par_1_9' title="bbox 211 1158 1764 1312">
     <span class='ocr_line' id='line_1_13' title="bbox 329 1158 1764 1212; baseline 0.001 -14"><span class='ocrx_word' id='word_1_54' title='bbox 329 1158 623 1212; x_wconf 77' lang='grc' dir='ltr'><em>Μητραγύρτης</em></span> <span class='ocrx_word' id='word_1_55' title='bbox 653 1162 715 1199; x_wconf 72' lang='lat' dir='ltr'><strong>est</strong></span> <span class='ocrx_word' id='word_1_56' title='bbox 743 1160 995 1211; x_wconf 75' lang='lat' dir='ltr'><strong>Antiphanis‚</strong></span> <span class='ocrx_word' id='word_1_57' title='bbox 1025 1159 1186 1200; x_wconf 76' lang='lat' dir='ltr'><strong>Ariolus</strong></span> <span class='ocrx_word' id='word_1_58' title='bbox 1216 1159 1287 1199; x_wconf 89' lang='lat' dir='ltr'><strong>Cn.</strong></span> <span class='ocrx_word' id='word_1_59' title='bbox 1309 1161 1463 1203; x_wconf 83' lang='lat' dir='ltr'><strong>Naevii.</strong></span> <span class='ocrx_word' id='word_1_60' title='bbox 1506 1161 1551 1200; x_wconf 92' lang='grc' dir='ltr'><strong>Ο.</strong></span> <span class='ocrx_word' id='word_1_61' title='bbox 1574 1161 1764 1201; x_wconf 80' lang='lat' dir='ltr'>Ribbeck.</span> 
     </span>
     <span class='ocr_line' id='line_1_14' title="bbox 211 1214 1032 1312; baseline -0.005 -55"><span class='ocrx_word' id='word_1_62' title='bbox 211 1218 320 1257; x_wconf 86' lang='lat' dir='ltr'><strong>Com.</strong></span> <span class='ocrx_word' id='word_1_63' title='bbox 353 1219 465 1256; x_wconf 87' lang='lat' dir='ltr'><strong>Rom.</strong></span> <span class='ocrx_word' id='word_1_64' title='bbox 496 1214 568 1256; x_wconf 86' lang='lat' dir='ltr'><strong>fr.²</strong></span> <span class='ocrx_word' id='word_1_65' title='bbox 599 1218 638 1255; x_wconf 86' lang='lat'><strong>9.</strong></span> <span class='ocrx_word' id='word_1_66' title='bbox 941 1270 968 1311; x_wconf 74' lang='grc'><strong><em>2</em></strong></span> <span class='ocrx_word' id='word_1_67' title='bbox 1005 1271 1032 1312; x_wconf 76' lang='lat'><strong>3</strong></span> 
     </span>
    </p>
   </div>
   <div class='ocr_carea' id='block_1_10' title="bbox 441 1341 1536 1473">
    <p class='ocr_par' dir='ltr' id='par_1_10' title="bbox 441 1341 1536 1473">
     <span class='ocr_line' id='line_1_15' title="bbox 442 1341 1439 1405; baseline 0 -14"><span class='ocrx_word' id='word_1_68' title='bbox 442 1341 476 1391; x_wconf 72' lang='grc' dir='ltr'><em>ὦ</em></span> <span class='ocrx_word' id='word_1_69' title='bbox 510 1350 605 1398; x_wconf 73' lang='grc' dir='ltr'><strong>πῶς</strong></span> <span class='ocrx_word' id='word_1_70' title='bbox 635 1348 837 1403; x_wconf 81' lang='grc' dir='ltr'><em>πονηρόν</em></span> <span class='ocrx_word' id='word_1_71' title='bbox 869 1349 991 1392; x_wconf 81' lang='grc' dir='ltr'><em>ἐστιν</em></span> <span class='ocrx_word' id='word_1_72' title='bbox 1022 1347 1270 1405; x_wconf 74' lang='grc' dir='ltr'><em>ἀνθρώπου</em></span> <span class='ocrx_word' id='word_1_73' title='bbox 1300 1350 1439 1403; x_wconf 83' lang='grc' dir='ltr'><em>φύσις</em></span> 
     </span>
     <span class='ocr_line' id='line_1_16' title="bbox 441 1413 1536 1473; baseline 0.003 -15"><span class='ocrx_word' id='word_1_74' title='bbox 441 1414 491 1458; x_wconf 86' lang='grc' dir='ltr'><strong>τὸ</strong></span> <span class='ocrx_word' id='word_1_75' title='bbox 522 1417 742 1458; x_wconf 82' lang='grc' dir='ltr'><em>σύνολον·</em></span> <span class='ocrx_word' id='word_1_76' title='bbox 774 1413 828 1458; x_wconf 81' lang='grc' dir='ltr'><strong>οὐ</strong></span> <span class='ocrx_word' id='word_1_77' title='bbox 853 1414 938 1471; x_wconf 76' lang='grc' dir='ltr'><strong>γὰρ</strong></span> <span class='ocrx_word' id='word_1_78' title='bbox 969 1416 1028 1458; x_wconf 79' lang='grc' dir='ltr'><strong>ἄν</strong></span> <span class='ocrx_word' id='word_1_79' title='bbox 1058 1415 1158 1459; x_wconf 82' lang='grc' dir='ltr'><em>ποτ’</em></span> <span class='ocrx_word' id='word_1_80' title='bbox 1182 1415 1348 1472; x_wconf 78' lang='grc' dir='ltr'><em>ἐδεήθη</em></span> <span class='ocrx_word' id='word_1_81' title='bbox 1379 1417 1536 1473; x_wconf 83' lang='grc' dir='ltr'><em>νόμου.</em></span> 
     </span>
    </p>
   </div>
   <div class='ocr_carea' id='block_1_11' title="bbox 398 1550 1534 1744">
    <p class='ocr_par' dir='ltr' id='par_1_11' title="bbox 398 1550 1534 1744">
     <span class='ocr_line' id='line_1_17' title="bbox 443 1550 1370 1608; baseline 0.002 -15"><span class='ocrx_word' id='word_1_82' title='bbox 443 1555 527 1593; x_wconf 85' lang='grc' dir='ltr'><strong>οἰέι</strong></span> <span class='ocrx_word' id='word_1_83' title='bbox 556 1567 598 1593; x_wconf 86' lang='grc' dir='ltr'><strong>τι</strong></span> <span class='ocrx_word' id='word_1_84' title='bbox 627 1553 718 1594; x_wconf 73' lang='grc' dir='ltr'><strong>τῶν</strong></span> <span class='ocrx_word' id='word_1_85' title='bbox 748 1550 900 1594; x_wconf 79' lang='grc' dir='ltr'><em>ἄλλων</em></span> <span class='ocrx_word' id='word_1_86' title='bbox 930 1553 1163 1608; x_wconf 79' lang='grc' dir='ltr'><em>διαφέρειν</em></span> <span class='ocrx_word' id='word_1_87' title='bbox 1191 1554 1370 1608; x_wconf 81' lang='grc' dir='ltr'><em>θηρίων</em></span> 
     </span>
     <span class='ocr_line' id='line_1_18' title="bbox 443 1617 1492 1676; baseline 0.003 -16"><span class='ocrx_word' id='word_1_88' title='bbox 443 1617 714 1671; x_wconf 78' lang='grc' dir='ltr'><em>ἅνθρωπον;</em></span> <span class='ocrx_word' id='word_1_89' title='bbox 771 1618 877 1662; x_wconf 78' lang='grc' dir='ltr'><em>οὐδὲ</em></span> <span class='ocrx_word' id='word_1_90' title='bbox 907 1619 1069 1675; x_wconf 81' lang='grc' dir='ltr'><em>μικρὸν</em></span> <span class='ocrx_word' id='word_1_91' title='bbox 1099 1618 1198 1662; x_wconf 78' lang='grc' dir='ltr'><strong>ἀλλ’</strong></span> <span class='ocrx_word' id='word_1_92' title='bbox 1226 1619 1255 1675; x_wconf 81' lang='grc' dir='ltr'><em>ἢ</em></span> <span class='ocrx_word' id='word_1_93' title='bbox 1285 1621 1492 1676; x_wconf 82' lang='grc' dir='ltr'><em>σχήματι·</em></span> 
     </span>
     <span class='ocr_line' id='line_1_19' title="bbox 398 1685 1534 1744; baseline 0.004 -17"><span class='ocrx_word' id='word_1_94' title='bbox 398 1695 418 1727; x_wconf 84' lang='grc'><strong>5</strong></span> <span class='ocrx_word' id='word_1_95' title='bbox 449 1685 604 1741; x_wconf 56' lang='lat' dir='ltr'><strong>:vti-dyst</strong></span> <span class='ocrx_word' id='word_1_96' title='bbox 631 1685 726 1729; x_wconf 80' lang='grc' dir='ltr'><em>ἐστὶ</em></span> <span class='ocrx_word' id='word_1_97' title='bbox 755 1685 918 1742; x_wconf 82' lang='grc' dir='ltr'><em>τᾶλλα,</em></span> <span class='ocrx_word' id='word_1_98' title='bbox 950 1689 1082 1730; x_wconf 83' lang='grc' dir='ltr'><em>τοῦτο</em></span> <span class='ocrx_word' id='word_1_99' title='bbox 1113 1686 1155 1729; x_wconf 80' lang='grc' dir='ltr'><strong>δ’</strong></span> <span class='ocrx_word' id='word_1_100' title='bbox 1179 1686 1326 1743; x_wconf 77' lang='grc' dir='ltr'><em>ὀρθὸν</em></span> <span class='ocrx_word' id='word_1_101' title='bbox 1355 1691 1534 1744; x_wconf 78' lang='grc' dir='ltr'><strong>θηρίον.</strong></span> 
     </span>
    </p>
   </div>
   <div class='ocr_carea' id='block_1_12' title="bbox 210 1778 1770 2852">
    <p class='ocr_par' dir='ltr' id='par_1_12' title="bbox 210 1778 1769 2453">
     <span class='ocr_line' id='line_1_20' title="bbox 325 1778 1764 1834; baseline 0.003 -15"><span class='ocrx_word' id='word_1_102' title='bbox 325 1780 518 1819; x_wconf 80' lang='lat' dir='ltr'><strong>Stobaeus</strong></span> <span class='ocrx_word' id='word_1_103' title='bbox 547 1781 687 1819; x_wconf 86' lang='lat' dir='ltr'><strong>Floril.</strong></span> <span class='ocrx_word' id='word_1_104' title='bbox 711 1782 811 1828; x_wconf 86' lang='grc'><strong>2,26</strong></span> <span class='ocrx_word' id='word_1_105' title='bbox 843 1779 1066 1832; x_wconf 84' lang='grc' dir='ltr'><em>Φιλήμονος</em></span> <span class='ocrx_word' id='word_1_106' title='bbox 1093 1778 1281 1834; x_wconf 81' lang='grc' dir='ltr'><em>Ἀγύρτου</em></span> <span class='ocrx_word' id='word_1_107' title='bbox 1311 1783 1346 1821; x_wconf 91' lang='grc' dir='ltr'><strong>Α</strong></span> <span class='ocrx_word' id='word_1_108' title='bbox 1377 1784 1417 1822; x_wconf 78' lang='lat' dir='ltr'><strong>et</strong></span> <span class='ocrx_word' id='word_1_109' title='bbox 1446 1783 1565 1822; x_wconf 80' lang='lat' dir='ltr'><strong>Mare.</strong></span> <span class='ocrx_word' id='word_1_110' title='bbox 1598 1796 1659 1833; x_wconf 84' lang='lat' dir='ltr'><strong>ap.</strong></span> <span class='ocrx_word' id='word_1_111' title='bbox 1681 1783 1764 1823; x_wconf 90' lang='lat' dir='ltr'><strong>Mo-</strong></span> 
     </span>
     <span class='ocr_line' id='line_1_21' title="bbox 211 1837 1765 1893; baseline 0.002 -17"><span class='ocrx_word' id='word_1_112' title='bbox 211 1838 371 1876; x_wconf 87' lang='lat' dir='ltr'><strong>rellium</strong></span> <span class='ocrx_word' id='word_1_113' title='bbox 401 1837 506 1893; x_wconf 55' lang='lat' dir='ltr'>Bibl3</span> <span class='ocrx_word' id='word_1_114' title='bbox 537 1849 608 1875; x_wconf 86' lang='lat' dir='ltr'><strong>ms.</strong></span> <span class='ocrx_word' id='word_1_115' title='bbox 639 1851 701 1887; x_wconf 87' lang='lat' dir='ltr'><strong>gr.</strong></span> <span class='ocrx_word' id='word_1_116' title='bbox 732 1839 802 1877; x_wconf 75' lang='lat' dir='ltr'><strong>lat.</strong></span> <span class='ocrx_word' id='word_1_117' title='bbox 836 1839 931 1877; x_wconf 85' lang='lat'><strong>319.</strong></span> <span class='ocrx_word' id='word_1_118' title='bbox 993 1837 1235 1890; x_wconf 78' lang='grc' dir='ltr'><em>Λυκούργου</em></span> <span class='ocrx_word' id='word_1_119' title='bbox 1266 1838 1383 1879; x_wconf 84' lang='lat' dir='ltr'><strong>Gesn.</strong></span> <span class='ocrx_word' id='word_1_120' title='bbox 1413 1852 1541 1890; x_wconf 85' lang='lat' dir='ltr'><strong>marg.</strong></span> <span class='ocrx_word' id='word_1_121' title='bbox 1574 1842 1614 1878; x_wconf 79' lang='lat' dir='ltr'><strong>et</strong></span> <span class='ocrx_word' id='word_1_122' title='bbox 1645 1840 1765 1879; x_wconf 79' lang='lat' dir='ltr'><strong>Scho-</strong></span> 
     </span>
     <span class='ocr_line' id='line_1_22' title="bbox 213 1891 1766 1945; baseline 0.002 -12"><span class='ocrx_word' id='word_1_123' title='bbox 213 1895 324 1933; x_wconf 88' lang='lat' dir='ltr'><strong>wius.</strong></span> <span class='ocrx_word' id='word_1_124' title='bbox 407 1896 442 1931; x_wconf 93' lang='lat'><strong>1.</strong></span> <span class='ocrx_word' id='word_1_125' title='bbox 475 1894 504 1931; x_wconf 84' lang='grc' dir='ltr'><strong><em>ώ</em></strong></span> <span class='ocrx_word' id='word_1_126' title='bbox 527 1898 612 1940; x_wconf 78' lang='grc' dir='ltr'><strong>πῶς</strong></span> <span class='ocrx_word' id='word_1_127' title='bbox 633 1895 682 1942; x_wconf 86' lang='lat' dir='ltr'><strong>A,</strong></span> <span class='ocrx_word' id='word_1_128' title='bbox 712 1895 818 1944; x_wconf 90' lang='lat' dir='ltr'>quod</span> <span class='ocrx_word' id='word_1_129' title='bbox 846 1908 896 1933; x_wconf 90' lang='lat' dir='ltr'><strong>ne</strong></span> <span class='ocrx_word' id='word_1_130' title='bbox 926 1908 1112 1945; x_wconf 84' lang='lat' dir='ltr'><strong>graecum</strong></span> <span class='ocrx_word' id='word_1_131' title='bbox 1143 1896 1303 1945; x_wconf 84' lang='lat' dir='ltr'><strong>quidem</strong></span> <span class='ocrx_word' id='word_1_132' title='bbox 1334 1899 1407 1935; x_wconf 77' lang='lat' dir='ltr'><strong>est.</strong></span> <span class='ocrx_word' id='word_1_133' title='bbox 1448 1901 1530 1943; x_wconf 75' lang='grc' dir='ltr'><strong>φεῦ</strong></span> <span class='ocrx_word' id='word_1_134' title='bbox 1550 1891 1604 1942; x_wconf 81' lang='grc' dir='ltr'><strong>ὥς</strong></span> <span class='ocrx_word' id='word_1_135' title='bbox 1635 1897 1660 1935; x_wconf 91' lang='grc'><strong>3</strong></span> <span class='ocrx_word' id='word_1_136' title='bbox 1681 1897 1766 1938; x_wconf 82' lang='lat' dir='ltr'><strong>eod.</strong></span> 
     </span>
     <span class='ocr_line' id='line_1_23' title="bbox 213 1947 1765 2004; baseline 0.003 -15"><span class='ocrx_word' id='word_1_137' title='bbox 213 1951 363 1990; x_wconf 85' lang='lat' dir='ltr'><strong>Sehow.</strong></span> <span class='ocrx_word' id='word_1_138' title='bbox 407 1955 485 1998; x_wconf 83' lang='grc' dir='ltr'><strong>φεῦ</strong></span> <span class='ocrx_word' id='word_1_139' title='bbox 518 1949 646 1999; x_wconf 73' lang='lat' dir='ltr'><strong>(extra</strong></span> <span class='ocrx_word' id='word_1_140' title='bbox 675 1947 748 2004; x_wconf 86' lang='lat' dir='ltr'><strong>v.)‚</strong></span> <span class='ocrx_word' id='word_1_141' title='bbox 781 1947 834 1997; x_wconf 77' lang='grc' dir='ltr'><strong>ὥς</strong></span> <span class='ocrx_word' id='word_1_142' title='bbox 865 1950 1128 2002; x_wconf 78' lang='grc' dir='ltr'><em>παμπόνηρον</em></span> <span class='ocrx_word' id='word_1_143' title='bbox 1157 1952 1311 1991; x_wconf 89' lang='lat' dir='ltr'><strong>Duebn.</strong></span> <span class='ocrx_word' id='word_1_144' title='bbox 1357 1951 1516 1998; x_wconf 78' lang='grc' dir='ltr'><em>πάντως</em></span> <span class='ocrx_word' id='word_1_145' title='bbox 1547 1964 1588 1991; x_wconf 82' lang='grc' dir='ltr'><strong>π.</strong></span> <span class='ocrx_word' id='word_1_146' title='bbox 1622 1951 1665 1994; x_wconf 86' lang='lat' dir='ltr'><strong>C.</strong></span> <span class='ocrx_word' id='word_1_147' title='bbox 1695 1953 1765 1993; x_wconf 87' lang='lat' dir='ltr'><strong>Fr.</strong></span> 
     </span>
     <span class='ocr_line' id='line_1_24' title="bbox 212 2005 1765 2059; baseline 0.002 -14"><span class='ocrx_word' id='word_1_148' title='bbox 212 2008 348 2046; x_wconf 82' lang='lat' dir='ltr'><strong>Herm.</strong></span> <span class='ocrx_word' id='word_1_149' title='bbox 380 2007 481 2045; x_wconf 78' lang='lat' dir='ltr'><strong>Mus.</strong></span> <span class='ocrx_word' id='word_1_150' title='bbox 513 2007 638 2046; x_wconf 86' lang='lat' dir='ltr'><strong>Rhen.</strong></span> <span class='ocrx_word' id='word_1_151' title='bbox 660 2007 697 2044; x_wconf 91' lang='lat' dir='ltr'><strong>V</strong></span> <span class='ocrx_word' id='word_1_152' title='bbox 731 2008 825 2046; x_wconf 88' lang='lat'><strong>608.</strong></span> <span class='ocrx_word' id='word_1_153' title='bbox 875 2012 960 2054; x_wconf 81' lang='grc' dir='ltr'><strong>πῶς</strong></span> <span class='ocrx_word' id='word_1_154' title='bbox 991 2005 1038 2046; x_wconf 82' lang='grc' dir='ltr'><strong>οὗ</strong></span> <span class='ocrx_word' id='word_1_155' title='bbox 1070 2007 1115 2047; x_wconf 83' lang='lat' dir='ltr'><strong>G.</strong></span> <span class='ocrx_word' id='word_1_156' title='bbox 1139 2009 1188 2047; x_wconf 89' lang='lat' dir='ltr'><strong>A.</strong></span> <span class='ocrx_word' id='word_1_157' title='bbox 1209 2008 1409 2059; x_wconf 86' lang='lat' dir='ltr'><strong>Hirschig.</strong></span> <span class='ocrx_word' id='word_1_158' title='bbox 1440 2009 1545 2047; x_wconf 90' lang='lat' dir='ltr'><strong>Ann.</strong></span> <span class='ocrx_word' id='word_1_159' title='bbox 1577 2009 1663 2048; x_wconf 75' lang='lat' dir='ltr'><strong>crit.</strong></span> <span class='ocrx_word' id='word_1_160' title='bbox 1699 2010 1765 2048; x_wconf 90' lang='lat'><strong>18.</strong></span> 
     </span>
     <span class='ocr_line' id='line_1_25' title="bbox 210 2060 1764 2115; baseline 0.003 -14"><span class='ocrx_word' id='word_1_161' title='bbox 210 2066 315 2103; x_wconf 80' lang='lat' dir='ltr'><strong>reete</strong></span> <span class='ocrx_word' id='word_1_162' title='bbox 342 2064 488 2102; x_wconf 85' lang='lat' dir='ltr'><strong>Naber.</strong></span> <span class='ocrx_word' id='word_1_163' title='bbox 510 2064 655 2103; x_wconf 89' lang='lat' dir='ltr'><strong>Mnem.</strong></span> <span class='ocrx_word' id='word_1_164' title='bbox 685 2076 776 2104; x_wconf 81' lang='lat' dir='ltr'><strong>nOV.</strong></span> <span class='ocrx_word' id='word_1_165' title='bbox 793 2064 892 2102; x_wconf 90' lang='lat' dir='ltr'><strong>VIII</strong></span> <span class='ocrx_word' id='word_1_166' title='bbox 921 2065 1002 2103; x_wconf 87' lang='lat'><strong>408</strong></span> <span class='ocrx_word' id='word_1_167' title='bbox 1034 2060 1130 2114; x_wconf 84' lang='grc' dir='ltr'><em>οἴμ’</em></span> <span class='ocrx_word' id='word_1_168' title='bbox 1154 2060 1237 2114; x_wconf 79' lang='grc' dir='ltr'><strong>ὥς,</strong></span> <span class='ocrx_word' id='word_1_169' title='bbox 1267 2065 1373 2115; x_wconf 88' lang='lat' dir='ltr'>quod</span> <span class='ocrx_word' id='word_1_170' title='bbox 1402 2065 1764 2115; x_wconf 77' lang='lat' dir='ltr'><strong>frequentissimum</strong></span> 
     </span>
     <span class='ocr_line' id='line_1_26' title="bbox 212 2120 1766 2170; baseline 0.002 -11"><span class='ocrx_word' id='word_1_171' title='bbox 212 2123 272 2160; x_wconf 72' lang='lat' dir='ltr'><strong>est</strong></span> <span class='ocrx_word' id='word_1_172' title='bbox 300 2120 403 2170; x_wconf 83' lang='lat' dir='ltr'>apud</span> <span class='ocrx_word' id='word_1_173' title='bbox 434 2120 616 2159; x_wconf 81' lang='lat' dir='ltr'><strong>comicos.</strong></span> <span class='ocrx_word' id='word_1_174' title='bbox 667 2120 716 2158; x_wconf 85' lang='lat' dir='ltr'><strong>ef.</strong></span> <span class='ocrx_word' id='word_1_175' title='bbox 747 2120 929 2170; x_wconf 86' lang='lat' dir='ltr'>inprimis</span> <span class='ocrx_word' id='word_1_176' title='bbox 960 2121 1083 2160; x_wconf 75' lang='lat' dir='ltr'><strong>Arist.</strong></span> <span class='ocrx_word' id='word_1_177' title='bbox 1105 2121 1194 2160; x_wconf 84' lang='lat' dir='ltr'><strong>Pae.</strong></span> <span class='ocrx_word' id='word_1_178' title='bbox 1216 2122 1311 2162; x_wconf 84' lang='grc'><strong>425.</strong></span> <span class='ocrx_word' id='word_1_179' title='bbox 1341 2122 1496 2161; x_wconf 87' lang='lat' dir='ltr'><strong>Thesm.</strong></span> <span class='ocrx_word' id='word_1_180' title='bbox 1521 2123 1618 2160; x_wconf 88' lang='grc'><strong>920.</strong></span> <span class='ocrx_word' id='word_1_181' title='bbox 1643 2123 1766 2162; x_wconf 86' lang='grc'><strong>1185.</strong></span> 
     </span>
     <span class='ocr_line' id='line_1_27' title="bbox 216 2176 1768 2229; baseline 0.003 -15"><span class='ocrx_word' id='word_1_182' title='bbox 216 2176 365 2215; x_wconf 74' lang='lat' dir='ltr'><strong>Oratin.</strong></span> <span class='ocrx_word' id='word_1_183' title='bbox 387 2177 479 2226; x_wconf 86' lang='lat'><strong>183,</strong></span> <span class='ocrx_word' id='word_1_184' title='bbox 496 2178 533 2217; x_wconf 91' lang='lat'><strong>3.</strong></span> <span class='ocrx_word' id='word_1_185' title='bbox 565 2176 743 2215; x_wconf 85' lang='lat' dir='ltr'><strong>Phereer.</strong></span> <span class='ocrx_word' id='word_1_186' title='bbox 768 2178 859 2224; x_wconf 91' lang='lat'><strong>108,</strong></span> <span class='ocrx_word' id='word_1_187' title='bbox 878 2179 943 2217; x_wconf 89' lang='grc'><strong>20.</strong></span> <span class='ocrx_word' id='word_1_188' title='bbox 976 2178 1081 2228; x_wconf 91' lang='lat' dir='ltr'>quod</span> <span class='ocrx_word' id='word_1_189' title='bbox 1101 2178 1144 2216; x_wconf 89' lang='lat' dir='ltr'><strong>in</strong></span> <span class='ocrx_word' id='word_1_190' title='bbox 1164 2177 1349 2217; x_wconf 82' lang='lat' dir='ltr'><strong>Gnomol.</strong></span> <span class='ocrx_word' id='word_1_191' title='bbox 1373 2177 1512 2217; x_wconf 88' lang='lat' dir='ltr'><strong>Urbin.</strong></span> <span class='ocrx_word' id='word_1_192' title='bbox 1534 2178 1598 2217; x_wconf 92' lang='lat' dir='ltr'><strong>W.</strong></span> <span class='ocrx_word' id='word_1_193' title='bbox 1617 2178 1768 2229; x_wconf 79' lang='lat' dir='ltr'><strong>Meyeri</strong></span> 
     </span>
     <span class='ocr_line' id='line_1_28' title="bbox 215 2229 1768 2285; baseline 0.003 -14"><span class='ocrx_word' id='word_1_194' title='bbox 215 2234 266 2271; x_wconf 85' lang='lat'><strong>25</strong></span> <span class='ocrx_word' id='word_1_195' title='bbox 298 2236 359 2272; x_wconf 75' lang='lat' dir='ltr'><strong>est</strong></span> <span class='ocrx_word' id='word_1_196' title='bbox 387 2229 448 2270; x_wconf 73' lang='grc' dir='ltr'><strong>ἀεὶ</strong></span> <span class='ocrx_word' id='word_1_197' title='bbox 480 2230 671 2285; x_wconf 80' lang='grc' dir='ltr'><em>πονηρόν,</em></span> <span class='ocrx_word' id='word_1_198' title='bbox 713 2233 762 2271; x_wconf 85' lang='lat' dir='ltr'><strong>ab</strong></span> <span class='ocrx_word' id='word_1_199' title='bbox 803 2233 960 2272; x_wconf 90' lang='lat' dir='ltr'><strong>homine</strong></span> <span class='ocrx_word' id='word_1_200' title='bbox 991 2234 1216 2273; x_wconf 78' lang='lat' dir='ltr'><strong>Christiano</strong></span> <span class='ocrx_word' id='word_1_201' title='bbox 1247 2235 1515 2285; x_wconf 76' lang='lat' dir='ltr'><strong>excogitatum</strong></span> <span class='ocrx_word' id='word_1_202' title='bbox 1545 2247 1629 2275; x_wconf 88' lang='lat' dir='ltr'><strong>esse</strong></span> <span class='ocrx_word' id='word_1_203' title='bbox 1658 2235 1768 2275; x_wconf 81' lang='lat' dir='ltr'><strong>vide-</strong></span> 
     </span>
     <span class='ocr_line' id='line_1_29' title="bbox 212 2286 1769 2344; baseline 0.002 -17"><span class='ocrx_word' id='word_1_204' title='bbox 212 2292 289 2328; x_wconf 76' lang='lat' dir='ltr'><strong>tur.</strong></span> <span class='ocrx_word' id='word_1_205' title='bbox 379 2290 418 2328; x_wconf 88' lang='lat'><strong>4.</strong></span> <span class='ocrx_word' id='word_1_206' title='bbox 456 2287 680 2341; x_wconf 70' lang='grc' dir='ltr'><em>ἄνθρωπον</em></span> <span class='ocrx_word' id='word_1_207' title='bbox 717 2290 807 2328; x_wconf 82' lang='lat' dir='ltr'><strong>add.</strong></span> <span class='ocrx_word' id='word_1_208' title='bbox 840 2289 1004 2330; x_wconf 84' lang='lat' dir='ltr'><strong>Gesner.</strong></span> <span class='ocrx_word' id='word_1_209' title='bbox 1099 2286 1188 2328; x_wconf 77' lang='grc' dir='ltr'><strong>ἀλλ’</strong></span> <span class='ocrx_word' id='word_1_210' title='bbox 1216 2286 1245 2341; x_wconf 77' lang='grc' dir='ltr'><em>ἢ</em></span> <span class='ocrx_word' id='word_1_211' title='bbox 1274 2287 1413 2344; x_wconf 90' lang='lat' dir='ltr'><strong>Mein.]</strong></span> <span class='ocrx_word' id='word_1_212' title='bbox 1443 2286 1556 2330; x_wconf 70' lang='grc' dir='ltr'><strong>ἀλλὰ.</strong></span> <span class='ocrx_word' id='word_1_213' title='bbox 1589 2291 1638 2330; x_wconf 84' lang='lat' dir='ltr'><strong>ef.</strong></span> <span class='ocrx_word' id='word_1_214' title='bbox 1670 2304 1769 2342; x_wconf 81' lang='lat' dir='ltr'><strong>quae</strong></span> 
     </span>
     <span class='ocr_line' id='line_1_30' title="bbox 215 2340 1767 2399; baseline 0.001 -15"><span class='ocrx_word' id='word_1_215' title='bbox 215 2347 264 2384; x_wconf 84' lang='lat' dir='ltr'><strong>ad</strong></span> <span class='ocrx_word' id='word_1_216' title='bbox 294 2346 419 2385; x_wconf 79' lang='lat' dir='ltr'><strong>Arist.</strong></span> <span class='ocrx_word' id='word_1_217' title='bbox 450 2347 525 2396; x_wconf 84' lang='lat' dir='ltr'><strong>Eq.</strong></span> <span class='ocrx_word' id='word_1_218' title='bbox 549 2347 630 2386; x_wconf 84' lang='lat'><strong>780</strong></span> <span class='ocrx_word' id='word_1_219' title='bbox 660 2347 930 2396; x_wconf 83' lang='lat' dir='ltr'>congessimus</span> <span class='ocrx_word' id='word_1_220' title='bbox 961 2347 1154 2397; x_wconf 82' lang='lat' dir='ltr'><strong>exempla.</strong></span> <span class='ocrx_word' id='word_1_221' title='bbox 1239 2340 1332 2385; x_wconf 80' lang='grc' dir='ltr'><em>οὐδὲ</em></span> <span class='ocrx_word' id='word_1_222' title='bbox 1359 2342 1515 2399; x_wconf 83' lang='grc' dir='ltr'><em>μικρόν,</em></span> <span class='ocrx_word' id='word_1_223' title='bbox 1544 2343 1640 2386; x_wconf 72' lang='grc' dir='ltr'><strong>ἀλλὰ</strong></span> <span class='ocrx_word' id='word_1_224' title='bbox 1671 2346 1767 2399; x_wconf 83' lang='grc' dir='ltr'><strong><em>σχή-</em></strong></span> 
     </span>
     <span class='ocr_line' id='line_1_31' title="bbox 216 2399 1703 2453; baseline 0.003 -14"><span class='ocrx_word' id='word_1_225' title='bbox 216 2417 317 2452; x_wconf 82' lang='grc' dir='ltr'><em>ματα</em></span> <span class='ocrx_word' id='word_1_226' title='bbox 347 2399 483 2453; x_wconf 75' lang='grc' dir='ltr'><em>πλάγι’</em></span> <span class='ocrx_word' id='word_1_227' title='bbox 508 2400 588 2441; x_wconf 80' lang='grc' dir='ltr'><em>ἐστὶ</em></span> <span class='ocrx_word' id='word_1_228' title='bbox 617 2404 698 2441; x_wconf 79' lang='grc' dir='ltr'><strong>κτλ.</strong></span> <span class='ocrx_word' id='word_1_229' title='bbox 730 2403 888 2442; x_wconf 91' lang='lat' dir='ltr'><strong>Duebn.</strong></span> <span class='ocrx_word' id='word_1_230' title='bbox 1698 2407 1703 2409; x_wconf 75' lang='grc'><strong>’</strong></span> 
     </span>
    </p>

    <p class='ocr_par' dir='ltr' id='par_1_13' title="bbox 214 2460 1770 2852">
     <span class='ocr_line' id='line_1_32' title="bbox 300 2460 1768 2510; baseline 0.002 -13"><span class='ocrx_word' id='word_1_231' title='bbox 300 2472 437 2498; x_wconf 84' lang='lat' dir='ltr'><strong>versus</strong></span> <span class='ocrx_word' id='word_1_232' title='bbox 467 2472 490 2497; x_wconf 87' lang='lat' dir='ltr'>a</span> <span class='ocrx_word' id='word_1_233' title='bbox 519 2460 640 2498; x_wconf 74' lang='lat' dir='ltr'><strong>tertio</strong></span> <span class='ocrx_word' id='word_1_234' title='bbox 669 2460 832 2499; x_wconf 79' lang='lat' dir='ltr'><strong>ultimos</strong></span> <span class='ocrx_word' id='word_1_235' title='bbox 862 2473 885 2498; x_wconf 85' lang='lat' dir='ltr'>a</span> <span class='ocrx_word' id='word_1_236' title='bbox 914 2460 1078 2510; x_wconf 86' lang='lat' dir='ltr'><strong>reliquis</strong></span> <span class='ocrx_word' id='word_1_237' title='bbox 1108 2460 1345 2510; x_wconf 83' lang='lat' dir='ltr'><strong>separandos</strong></span> <span class='ocrx_word' id='word_1_238' title='bbox 1374 2462 1415 2499; x_wconf 77' lang='lat' dir='ltr'><strong>et</strong></span> <span class='ocrx_word' id='word_1_239' title='bbox 1444 2461 1595 2499; x_wconf 77' lang='lat' dir='ltr'><strong>incerto</strong></span> <span class='ocrx_word' id='word_1_240' title='bbox 1626 2463 1768 2510; x_wconf 79' lang='lat' dir='ltr'><strong>poetae</strong></span> 
     </span>
     <span class='ocr_line' id='line_1_33' title="bbox 215 2515 1767 2567; baseline 0.002 -14"><span class='ocrx_word' id='word_1_241' title='bbox 215 2515 479 2566; x_wconf 81' lang='lat' dir='ltr'><strong>adsignandos</strong></span> <span class='ocrx_word' id='word_1_242' title='bbox 510 2529 594 2555; x_wconf 88' lang='lat' dir='ltr'><strong>esse</strong></span> <span class='ocrx_word' id='word_1_243' title='bbox 623 2518 758 2555; x_wconf 77' lang='lat' dir='ltr'><strong>censet</strong></span> <span class='ocrx_word' id='word_1_244' title='bbox 777 2516 1011 2555; x_wconf 87' lang='lat' dir='ltr'><strong>Meinekius.</strong></span> <span class='ocrx_word' id='word_1_245' title='bbox 1050 2517 1160 2556; x_wconf 81' lang='lat' dir='ltr'>ouius</span> <span class='ocrx_word' id='word_1_246' title='bbox 1189 2517 1247 2554; x_wconf 88' lang='lat' dir='ltr'><strong>rei</strong></span> <span class='ocrx_word' id='word_1_247' title='bbox 1276 2528 1432 2555; x_wconf 82' lang='lat' dir='ltr'><strong>causam</strong></span> <span class='ocrx_word' id='word_1_248' title='bbox 1460 2529 1541 2555; x_wconf 87' lang='lat' dir='ltr'><strong>non</strong></span> <span class='ocrx_word' id='word_1_249' title='bbox 1560 2517 1767 2567; x_wconf 82' lang='lat' dir='ltr'><strong>perspicio.</strong></span> 
     </span>
     <span class='ocr_line' id='line_1_34' title="bbox 214 2572 1768 2623; baseline 0.002 -13"><span class='ocrx_word' id='word_1_250' title='bbox 214 2574 284 2611; x_wconf 72' lang='lat' dir='ltr'><strong>aut</strong></span> <span class='ocrx_word' id='word_1_251' title='bbox 303 2573 468 2610; x_wconf 76' lang='lat' dir='ltr'><strong>alteram</strong></span> <span class='ocrx_word' id='word_1_252' title='bbox 495 2585 706 2622; x_wconf 81' lang='lat' dir='ltr'><strong>personam</strong></span> <span class='ocrx_word' id='word_1_253' title='bbox 736 2572 831 2612; x_wconf 85' lang='lat' dir='ltr'><strong>haee</strong></span> <span class='ocrx_word' id='word_1_254' title='bbox 860 2573 969 2623; x_wconf 90' lang='lat' dir='ltr'>loqui</span> <span class='ocrx_word' id='word_1_255' title='bbox 999 2586 1087 2612; x_wconf 87' lang='lat' dir='ltr'><strong>eum</strong></span> <span class='ocrx_word' id='word_1_256' title='bbox 1118 2572 1294 2612; x_wconf 82' lang='lat' dir='ltr'>Schowio</span> <span class='ocrx_word' id='word_1_257' title='bbox 1324 2574 1395 2612; x_wconf 74' lang='lat' dir='ltr'><strong>aut</strong></span> <span class='ocrx_word' id='word_1_258' title='bbox 1422 2573 1529 2611; x_wconf 74' lang='lat' dir='ltr'><strong>inter</strong></span> <span class='ocrx_word' id='word_1_259' title='bbox 1559 2586 1595 2611; x_wconf 91' lang='lat' dir='ltr'><strong>v.</strong></span> <span class='ocrx_word' id='word_1_260' title='bbox 1617 2574 1641 2611; x_wconf 84' lang='lat'>2</span> <span class='ocrx_word' id='word_1_261' title='bbox 1672 2576 1714 2612; x_wconf 80' lang='lat' dir='ltr'><strong>et</strong></span> <span class='ocrx_word' id='word_1_262' title='bbox 1743 2574 1768 2613; x_wconf 88' lang='lat'><strong>3</strong></span> 
     </span>
     <span class='ocr_line' id='line_1_35' title="bbox 214 2628 1770 2677; baseline 0.001 -10"><span class='ocrx_word' id='word_1_263' title='bbox 214 2629 406 2667; x_wconf 84' lang='lat' dir='ltr'><strong>nonnulla</strong></span> <span class='ocrx_word' id='word_1_264' title='bbox 436 2629 612 2668; x_wconf 86' lang='lat' dir='ltr'><strong>omisisse</strong></span> <span class='ocrx_word' id='word_1_265' title='bbox 643 2628 857 2668; x_wconf 72' lang='lat' dir='ltr'><strong>Stobaeum</strong></span> <span class='ocrx_word' id='word_1_266' title='bbox 887 2629 1024 2677; x_wconf 86' lang='lat' dir='ltr'><strong>eredo,</strong></span> <span class='ocrx_word' id='word_1_267' title='bbox 1063 2630 1194 2668; x_wconf 84' lang='lat' dir='ltr'><strong>omnia.</strong></span> <span class='ocrx_word' id='word_1_268' title='bbox 1233 2631 1365 2668; x_wconf 80' lang='lat' dir='ltr'><strong>tamen</strong></span> <span class='ocrx_word' id='word_1_269' title='bbox 1395 2642 1442 2668; x_wconf 87' lang='lat' dir='ltr'><strong>ex</strong></span> <span class='ocrx_word' id='word_1_270' title='bbox 1472 2629 1608 2668; x_wconf 82' lang='lat' dir='ltr'><strong>eadem</strong></span> <span class='ocrx_word' id='word_1_271' title='bbox 1636 2629 1770 2669; x_wconf 73' lang='lat' dir='ltr'><strong>fabula</strong></span> 
     </span>
     <span class='ocr_line' id='line_1_36' title="bbox 217 2684 1768 2736; baseline 0.001 -13"><span class='ocrx_word' id='word_1_272' title='bbox 217 2684 356 2734; x_wconf 72' lang='lat' dir='ltr'><strong>petita.</strong></span> <span class='ocrx_word' id='word_1_273' title='bbox 378 2707 433 2713; x_wconf 85' lang='lat'>—</span> <span class='ocrx_word' id='word_1_274' title='bbox 463 2698 551 2724; x_wconf 86' lang='lat' dir='ltr'><strong>eum</strong></span> <span class='ocrx_word' id='word_1_275' title='bbox 574 2686 646 2724; x_wconf 86' lang='lat' dir='ltr'><strong>hoe</strong></span> <span class='ocrx_word' id='word_1_276' title='bbox 676 2686 899 2736; x_wconf 70' lang='lat' dir='ltr'><strong>fragmenbo</strong></span> <span class='ocrx_word' id='word_1_277' title='bbox 929 2686 1062 2735; x_wconf 83' lang='lat' dir='ltr'>aliquo</span> <span class='ocrx_word' id='word_1_278' title='bbox 1093 2685 1209 2724; x_wconf 89' lang='lat' dir='ltr'><strong>modo</strong></span> <span class='ocrx_word' id='word_1_279' title='bbox 1238 2686 1492 2725; x_wconf 78' lang='lat' dir='ltr'><strong>coniunctum</strong></span> <span class='ocrx_word' id='word_1_280' title='bbox 1521 2685 1643 2725; x_wconf 87' lang='lat' dir='ltr'><strong>fuisse</strong></span> <span class='ocrx_word' id='word_1_281' title='bbox 1675 2687 1768 2735; x_wconf 86' lang='lat'><strong>133,</strong></span> 
     </span>
     <span class='ocr_line' id='line_1_37' title="bbox 217 2741 1766 2792; baseline 0.001 -12"><span class='ocrx_word' id='word_1_282' title='bbox 217 2741 327 2780; x_wconf 84' lang='lat' dir='ltr'>cuius</span> <span class='ocrx_word' id='word_1_283' title='bbox 356 2755 393 2781; x_wconf 87' lang='lat' dir='ltr'><strong>v.</strong></span> <span class='ocrx_word' id='word_1_284' title='bbox 417 2743 441 2780; x_wconf 95' lang='lat'><strong>3</strong></span> <span class='ocrx_word' id='word_1_285' title='bbox 472 2755 680 2792; x_wconf 86' lang='lat' dir='ltr'><strong>expressus</strong></span> <span class='ocrx_word' id='word_1_286' title='bbox 709 2742 893 2782; x_wconf 75' lang='lat' dir='ltr'><strong>videatur</strong></span> <span class='ocrx_word' id='word_1_287' title='bbox 922 2755 945 2780; x_wconf 81' lang='lat' dir='ltr'>a</span> <span class='ocrx_word' id='word_1_288' title='bbox 974 2741 1044 2780; x_wconf 88' lang='lat' dir='ltr'><strong>Cn.</strong></span> <span class='ocrx_word' id='word_1_289' title='bbox 1075 2741 1226 2781; x_wconf 84' lang='lat' dir='ltr'><strong>Naevio</strong></span> <span class='ocrx_word' id='word_1_290' title='bbox 1255 2742 1298 2780; x_wconf 86' lang='lat' dir='ltr'><strong>in</strong></span> <span class='ocrx_word' id='word_1_291' title='bbox 1321 2743 1376 2780; x_wconf 80' lang='lat' dir='ltr'><strong>fr.</strong></span> <span class='ocrx_word' id='word_1_292' title='bbox 1407 2742 1580 2782; x_wconf 73' lang='lat' dir='ltr'><strong>incertae</strong></span> <span class='ocrx_word' id='word_1_293' title='bbox 1609 2743 1712 2781; x_wconf 85' lang='lat' dir='ltr'><strong>sedis</strong></span> <span class='ocrx_word' id='word_1_294' title='bbox 1744 2745 1766 2781; x_wconf 91' lang='lat'><strong>1</strong></span> 
     </span>
     <span class='ocr_line' id='line_1_38' title="bbox 217 2794 1768 2852; baseline 0.002 -17"><span class='ocrx_word' id='word_1_295' title='bbox 217 2794 339 2852; x_wconf 82' lang='lat'><strong>(106)</strong></span> <span class='ocrx_word' id='word_1_296' title='bbox 361 2799 454 2847; x_wconf 73' lang='lat' dir='ltr'><strong>pati</strong></span> <span class='ocrx_word' id='word_1_297' title='bbox 470 2802 653 2839; x_wconf 75' lang='lat' dir='ltr'><strong>necessest</strong></span> <span class='ocrx_word' id='word_1_298' title='bbox 671 2799 797 2838; x_wconf 59' lang='lat' dir='ltr'><strong>malta</strong></span> <span class='ocrx_word' id='word_1_299' title='bbox 815 2798 995 2838; x_wconf 50' lang='lat' dir='ltr'><strong>mortales</strong></span> <span class='ocrx_word' id='word_1_300' title='bbox 1013 2799 1131 2844; x_wconf 84' lang='lat' dir='ltr'><strong><em>mala,</em></strong></span> <span class='ocrx_word' id='word_1_301' title='bbox 1163 2797 1207 2838; x_wconf 92' lang='grc' dir='ltr'><strong>Ο.</strong></span> <span class='ocrx_word' id='word_1_302' title='bbox 1232 2798 1438 2838; x_wconf 83' lang='lat' dir='ltr'>Ribbeckii</span> <span class='ocrx_word' id='word_1_303' title='bbox 1466 2801 1528 2838; x_wconf 77' lang='lat' dir='ltr'><strong>est</strong></span> <span class='ocrx_word' id='word_1_304' title='bbox 1557 2799 1768 2838; x_wconf 80' lang='lat' dir='ltr'><strong>sentent-ia.</strong></span> 
     </span>
    </p>
   </div>
  </div>
 </body>
</html>
