1864 3204
659 217 794 253 Armi
822 235 863 242 -
886 213 1124 251 ΓΛΑΤΚΟΣ
1579 213 1662 262 171

858 356 909 398 16

370 445 438 495 τίς
466 443 526 488 ἄν
557 445 739 501 λάβοιτο
769 448 853 488 τοῦ
884 445 1075 495 σκέλους
1106 441 1288 486 κάτωθέ
1313 459 1410 498 μοις

372 509 466 555 ἅνω
496 510 584 569 γὰρ
615 511 766 568 ὥσπερ
797 512 1061 568 κοττάβειον
1091 515 1285 567 αἴρομαι.

212 606 442 647 Athenaeus
465 608 531 657 15,
550 610 662 648 6660
693 603 862 647 ἐκάλουν
891 604 934 646 δὲ
963 604 1032 646 καὶ
1054 604 1275 652 κατακτούς
1295 620 1406 651 τινας
1426 603 1664 656 κοττάβους·

99 658 182 701 ἔστι
211 659 255 701 δὲ
283 662 424 714 λυχνία
453 658 679 717 ἀναγόμενα
717 664 840 703 πάλιν
869 678 908 704 τε
939 663 1230 715 συμπίπτοντα.
1283 660 1494 714 Εὔβουλος
1527 663 1661 701 Βελλε-

99 715 276 774 ροφόντῃ
305 721 388 759 κτλ.
479 724 514 761 1.
549 717 709 761 κάτωθέ
736 718 825 776 μοι]
857 719 964 760 κάτω
994 718 1158 771 θέμενοι
1187 720 1239 759 Α.
1330 722 1367 759 2.
1399 733 1483 757 ανω
1514 721 1563 758 Α.

215 777 332 816 ‘sunt
359 778 684 829 Bellerophontis
716 775 836 819 'verba
867 792 955 818 cum
977 778 1131 829 Pegaso
1160 778 1203 817 in
1233 778 1359 816 altum
1390 777 1514 815 elati-³
1546 777 1666 818 Mein.

98 830 258 872 κάτωθε
288 834 446 874 Alexid.
481 837 581 887 128,
604 838 642 876 3.
702 837 753 876 cf.
792 836 916 880 Arist.
954 837 1051 875 Ran.
1086 836 1181 875 286,
1205 836 1241 874 7.
1301 834 1475 873 Lobeck.
1515 834 1664 885 Phryn.

100 890 195 930 284.
218 891 244 930 5
273 892 317 930 et
347 890 469 943 Soph.
502 893 567 932 Ai.
601 894 697 933 259.
720 894 786 936 60.

685 1052 687 1054 ·
726 1039 1041 1074 ΓΑΝΤΜΗΔΗΣ

212 1119 365 1158 Eodem
403 1121 564 1159 nomine
601 1122 819 1172 inscriptae
857 1123 971 1161 erant
1010 1122 1130 1160 etiam
1167 1121 1305 1160 Alcaei
1343 1120 1666 1171 Antiphanisque

99 1176 338 1216 comoediae.
398 1178 448 1216 cf.
479 1190 579 1228 quae
610 1178 890 1218 adnotavimus
920 1179 970 1218 ad
999 1178 1136 1218 Alcaei
1166 1178 1217 1217 fr.
1241 1179 1277 1217 5.

424 1365 568 1419 ὕπνος
598 1363 738 1411 αὐτὸν
768 1366 880 1412 ὄντα
910 1369 1153 1412 κακόσιτον
1183 1369 1350 1425 τρέφει.

216 1461 448 1502 Athenaeus
481 1464 525 1510 6,
550 1464 631 1502 248
646 1463 702 1502 bc
731 1462 945 1502 κακοσίτου
975 1460 1020 1502 δὲ
1049 1460 1243 1514 μέμνηται
1274 1460 1482 1512 Εὔβουλος
1514 1461 1557 1502 ἐν
1589 1464 1668 1501 Γα·

102 1516 272 1570 νυμήδει
300 1521 382 1560 κτλ.
497 1517 626 1566 ὕπνος
655 1517 731 1573 γὰρ
760 1521 926 1560 Person.
986 1522 1116 1571 ipsum
1149 1520 1422 1571 Ganymedem
1452 1521 1670 1571 significari

102 1576 237 1615 censet
266 1575 487 1615 Meinekius
517 1576 537 1615 I
568 1578 664 1617 360.
726 1591 828 1628 quae
864 1579 970 1617 idem
1010 1578 1059 1617 de
1098 1577 1246 1617 Somno
1286 1576 1528 1628 Ganymedis
1567 1591 1669 1616 ama-

102 1635 189 1672 tore
219 1645 266 1671 ex
296 1632 505 1684 Licymnio
536 1633 686 1674 Athen.
720 1635 794 1684 13,
817 1635 930 1674 5640
967 1638 1010 1673 in
1041 1635 1100 1673 ed.
1132 1635 1223 1674 mai.
1257 1635 1473 1685 excerpsit,
1513 1648 1559 1673 ea
1588 1648 1670 1674 non

102 1689 152 1728 ad
184 1688 470 1741 Ganymedem,
502 1691 612 1730 cuius
642 1704 759 1730 nemo
789 1693 897 1742 quod
928 1692 1050 1731 sciam
1073 1691 1265 1730 Somnum
1294 1691 1410 1730 finxit
1440 1695 1667 1741 amatorem,

95 1746 174 1785 sed
206 1746 254 1784 ad
284 1746 578 1798 Endymionem
610 1748 826 1798 pertinent.
885 1749 1068 1788 Eubulus
1099 1761 1284 1788 excusare
1313 1748 1472 1788 videtur
1502 1761 1571 1787 cur
1600 1761 1669 1787 seu

105 1801 355 1853 Ganymedes
386 1816 457 1843 seu
484 1805 667 1855 quisquis
696 1805 799 1844 alius
829 1805 892 1844 hic
921 1806 1134 1855 respicitur
1165 1805 1264 1845 adeo
1286 1806 1340 1844 sit
1360 1805 1669 1845 somniculosus:

103 1860 205 1898 male
235 1861 434 1899 nutritum
467 1862 573 1900 enim
603 1874 701 1901 esse.

863 1972 914 2014 18

376 2027 574 2081 δίπυρον

217 2107 426 2159 Εὔβουλος
465 2107 508 2149 ἐν
544 2107 774 2163 Γανυμήδει
813 2110 1009 2163 διπύρους
1047 2125 1086 2150 τε
1125 2110 1317 2164 θερμούς.
1367 2112 1409 2151 οἱ
1433 2110 1597 2161 δίπυροι
1629 2108 1667 2148 δ’

103 2164 182 2205 εἰσί
207 2181 309 2213 τινες
338 2164 451 2219 ἄρτοι
481 2168 721 2219 τρυφῶντες.
748 2164 927 2216 Ἀλκαῖος
948 2168 1192 2221 Γανυμήδει.
1224 2169 1457 2209 Athenaeus
1479 2171 1515 2217 3,
1537 2171 1618 2209 110
1634 2183 1669 2208 a.

104 2223 154 2263 cf.
187 2223 326 2263 Alcaei
357 2236 458 2265 com.
491 2225 540 2264 fr.
559 2227 598 2264 5.

767 2360 1003 2394 ΓΛΔΤΚΟΣ

220 2438 416 2479 Glaucum
454 2441 591 2480 docuit
629 2441 819 2481 Anaxilas
856 2454 1012 2492 quoque
1051 2445 1093 2481 et
1131 2445 1178 2481 ut
1207 2443 1365 2481 videtur
1401 2443 1522 2482 etiam
1553 2442 1670 2480 Anti-

105 2496 254 2546 phanes
286 2491 392 2550 (75).
453 2497 602 2536 Eubuli
634 2498 829 2538 Glaucum
866 2513 889 2537 a
928 2499 1165 2548 quibusdam
1196 2499 1418 2550 Antiphani
1451 2500 1572 2538 fuisse
1603 2498 1671 2536 ad-

106 2553 306 2604 signatum
336 2553 559 2594 Meinekius
590 2556 814 2606 suspicatur
844 2555 863 2593 I
895 2556 962 2594 75.
1014 2555 1064 2595 cf.
1095 2555 1115 2594 I
1146 2557 1241 2596 360.

863 2665 917 2708 19

379 2742 453 2784 καὶ
484 2745 607 2785 νᾶπυ
637 2742 845 2799 Κύπριον
874 2744 949 2787 καὶ
979 2747 1238 2800 σκαμωνίας
1268 2742 1397 2799 ὀπόν,

380 2808 455 2852 καὶ
485 2808 718 2867 κάρδαμον
750 2813 981 2868 Μιλήσιον
1011 2812 1086 2855 καὶ
1118 2813 1353 2868 κρόμμυον

382 2878 722 2935 Σαμοθρᾴκιον,
754 2880 829 2923 καὶ
859 2880 1031 2924 καυλὸν
1063 2881 1113 2924 ἐκ
1144 2881 1457 2937 Καρχηδόνος,
