1806 3216
192 202 275 243 512
823 199 1124 233 ΦΙΛΗΜΟΝΟΣ

933 300 1013 341 105

408 366 691 409 δικαιότατον
722 365 851 421 κτῆμ’
877 366 1000 409 ἐστὶν
1031 364 1292 422 ἄνθρωποις
1321 365 1478 421 ἀγρός·

410 451 475 477 ων
504 433 531 490 ἡ
565 434 702 489 φύσις
731 434 871 476 δεῖται
899 450 986 489 γαρ
1019 435 1240 490 ἐπιμελῶς
1269 435 1418 503 φέρει,

408 502 602 556 πυρούς,
636 503 801 555 ἔλαιον,
834 499 975 556 οἶνον,
1005 502 1208 557 ἰσχάδας,
1240 501 1358 557 μέλι·

407 568 459 611 τὰ
490 569 535 611 δ’
559 567 848 625 ἀργυρώματ’
873 569 997 612 ἐστὶν
1027 569 1057 624 η’
1086 585 1133 612 τε
1162 569 1376 625 πορφύρα

359 646 379 677 5
412 638 473 686 εἰς
502 635 607 686 τοὺς
636 636 894 694 τραγῳδούς
924 636 1096 692 εὕθετ’,
1129 635 1211 679 οὐκ
1243 639 1304 687 εἰς
1332 636 1412 680 τὸν
1441 639 1558 693 βίον.

307 730 503 769 Stobaeus
533 731 670 769 Floril.
704 732 837 780 56,15
867 729 1090 781 Φιλήμονος
1120 732 1168 772 Α.
1206 745 1246 770 v
1269 732 1306 770 4.
1329 733 1354 770 5
1385 731 1583 783 Diogenes
1611 732 1745 772 Laert.

192 789 229 835 2,
243 789 294 825 25
325 785 391 825 καὶ
423 783 583 837 συνεχὲς
614 783 868 841 (Σωκράτης)
901 784 1031 825 ἐκεῖνα
1061 783 1332 840 ἀνεφθέγγετο
1362 785 1406 826 τὰ
1439 788 1596 840 ἰαμβεῖα
1626 786 1672 826 τὰ
1703 785 1744 826 δ’

190 840 276 895 ἀργ.
308 846 387 882 κτλ.
420 843 600 883 Clemens
632 845 743 882 Alex.
776 844 1166 893 Paed.2‚10,108
1205 842 1302 894 πρὸς
1333 841 1374 882 δὲ
1403 842 1471 882 καὶ
1501 842 1527 896 ἡ
1557 843 1746 908 πορφύρα

189 899 254 938 καὶ
285 898 330 937 τὰ
361 895 646 951 ἀργυρώματα,
678 896 730 946 ὥς
761 910 883 958 φησιν
911 896 933 938 ὁ
965 899 1161 964 κωμικός,
1192 901 1248 947 εἰς
1279 898 1369 947 τοὺς
1400 894 1623 954 τραγῳδους
1635 898 1745 967 χρήκ

191 966 298 1024 σιμα,
329 954 396 994 καὶ
425 953 499 994 οὐκ
529 956 583 1002 εἰς
613 954 682 995 τὸν
711 955 813 1007 βίον.
901 950 1018 995 3.τά
1048 955 1089 995 δ’
1111 954 1366 1008 ἀργυρώματ’
1392 955 1593 1026 Grotius]
1602 952 1744 1023 τᾶργυ·

191 1011 351 1063 ρώματα
382 1009 434 1052 δ’.
504 1015 543 1052 5.
578 1010 779 1066 τραγῳὸοὒ
785 1010 819 1065 ς]
853 1010 1093 1065 στρατηγοὺς
1123 1015 1156 1052 Β
1189 1014 1302 1054 Stob.
1392 1010 1552 1067 εύθετ’]
1583 1010 1743 1066 χρήσιμ’

194 1070 309 1120 Diog.
340 1072 379 1108 et
409 1070 607 1109 Clemens.

926 1125 1006 1166 106

461 1203 644 1243 πολλῶν
674 1201 809 1255 φύσει
836 1208 928 1251 τοῖς
957 1205 1098 1244 πᾶσιν
1129 1203 1248 1245 αἰτία
1280 1206 1433 1246 κακῶν

461 1269 599 1324 λύπη·
634 1269 709 1311 διὰ
741 1269 890 1324 λύπην
921 1271 992 1312 καὶ
1021 1272 1158 1325 μανία
1188 1268 1274 1324 γὰρ
1304 1273 1474 1324 γίνεται

461 1338 667 1378 πολλοῖσι
698 1336 773 1378 καὶ
802 1335 1017 1392 νοσήματ’
1042 1335 1124 1379 οὐκ
1157 1338 1330 1392 ἰασιμα·

462 1402 629 1453 αὐτούς
659 1400 698 1445 τ’
722 1401 974 1460 ἀνῃρήκασι
1006 1406 1079 1447 δια
1100 1405 1258 1486 λύπην
1288 1406 1425 1458 τινές,

414 1481 435 1511 5
468 1471 585 1514 ἐπαν
614 1471 665 1515 τὸ
696 1474 873 1514 λυποῦν
902 1474 1060 1515 πλεῖον
1090 1469 1118 1528 ἢ
1147 1472 1198 1515 τὸ
1228 1476 1370 1529 σῷζον
1398 1467 1442 1530 ᾗ.

307 1565 500 1604 Stobaeus
530 1566 667 1607 Floril.
702 1568 819 1616 99,1
853 1564 1076 1616 Φιλήμονος
1106 1566 1154 1606 A.
1206 1564 1452 1619 Μενάνδρου
1483 1567 1616 1607 Trinc.
1639 1568 1744 1608 Cler.

189 1635 229 1671 p.
253 1622 347 1660 354.
455 1636 492 1661 v.
516 1623 594 1660 2—
600 1623 625 1660 4
664 1624 809 1662 omisso
847 1624 1019 1662 auctoris
1048 1625 1206 1663 nomine
1237 1624 1471 1663 Plutarchus
1501 1625 1600 1664 Mor.
1636 1625 1746 1663 1020

190 1680 348 1716 πολλῶν
374 1675 449 1730 γὰρ
479 1676 607 1717 ὄντων
637 1682 822 1729 ψυχικῶν
851 1682 1000 1717 παθῶν
1028 1675 1054 1728 ἡ
1086 1676 1189 1729 λύπη
1210 1677 1252 1719 τὸ
1272 1679 1547 1731 χαλεπώτατον
1567 1678 1747 1730 πέφυκεν

190 1729 292 1773 εἶναι
320 1731 500 1773 πάντων·
533 1728 621 1772 δια
651 1734 783 1785 λύπην
812 1734 908 1787 γὰρ’
942 1734 1037 1785 φησὶ
1068 1739 1147 1776 κτλ.

306 1793 342 1830 2.
383 1790 515 1843 λύπην
543 1791 621 1830 ΑΒ
654 1791 771 1831 Gesn.
802 1791 948 1845 marg]
984 1788 1124 1844 λύπης.
1222 1794 1260 1832 5.
1295 1792 1449 1846 πλεῖον]
1480 1791 1599 1833 πλέον
1627 1793 1743 1834 Voss.

192 1848 320 1887 Trine.

934 1903 1011 1945 107

432 1969 490 2010 ἄν
519 1972 639 2025 γνῷς
669 1971 714 2012 τί
741 1969 830 2012 ἐστ’
855 1969 1120 2026 ἄνθρωπος,
1155 1967 1381 2027 εὐδαίμων
1411 1974 1513 2014 ἔσει.

431 2038 626 2091 τέθνηκέ
653 2054 740 2092 τις,
771 2035 830 2093 μὴ
864 2037 1017 2081 δεινὸν
1047 2041 1159 2081 ἔστω
1190 2038 1324 2081 τοῦτό
1354 2050 1439 2082 σοι.

433 2104 627 2159 κεκύηκέ
654 2121 740 2159 τις,
773 2104 1056 2161 ούκεκύηκέ
1080 2121 1166 2156 τις·
1199 2105 1393 2162 ἡτύχηκέ
1419 2122 1500 2156 τις·

433 2174 586 2227 βήττει
616 2187 700 2223 τις·
734 2172 909 2227 οἰμώζει
938 2188 1023 2223 τις·
1057 2170 1082 2227 ἡ
1113 2172 1249 2228 φύσις
1279 2174 1406 2229 φέρει

397 2249 417 2280 5
439 2239 616 2282 ἅπαντα
647 2242 799 2283 ταῦτα.
850 2244 992 2295 φεῦγε
1022 2238 1099 2292 τὰς
1130 2239 1282 2291 λύπας.

258 2371 260 2374 ,
307 2333 501 2373 Stobaeus
532 2335 670 2373 Floril.
705 2335 797 2382 108,
822 2336 873 2374 39
904 2331 1124 2403 Φιλήμονος
1157 2337 1206 2374 Α.
1297 2337 1332 2375 1.
1363 2332 1417 2374 ἂν
1445 2340 1553 2390 γνῷς
1585 2335 1623 2374 τί
1649 2336 1744 2376 Gno-

194 2387 349 2442 tius]a
324 2386 453 2441 ἀγνώς
484 2404 554 2436 τις.
629 2392 668 2430 2.
687 2393 724 2431 3.
758 2389 927 2459 τέθνηκέ
955 2405 1025 2442 τις,
1055 2389 1225 2442 κεκύηκέ
1254 2406 1326 2443 τις,
1355 2377 1526 2443 ἠτύχηκέ
1555 2406 1612 2439 τις
1643 2393 1687 2432 C.
1697 2394 1741 2432 F.

190 2446 405 2486 Hermann.
439 2443 610 2497 τέθνηκέ
639 2461 719 2498 τις,
750 2443 798 2485 οὐ
828 2445 994 2498 κέκληκέ
1022 2462 1100 2498 τις,
1130 2443 1295 2499 ἠδίκηκέ
1323 2462 1380 2494 τις
1409 2450 1560 2488 Nauck.
1594 2450 1743 2489 Ztsehr.

190 2503 219 2541 f.
243 2504 280 2542 d.
304 2503 386 2542 Alt.
412 2504 532 2552 1855,
550 2505 641 2552 117,
674 2505 828 2543 omissis
860 2507 1026 2555 uterque
1047 2506 1200 2544 ceteris.
1281 2506 1320 2544 3.
1341 2503 1508 2555 κεκύηκέ
1531 2519 1587 2551 τις
1609 2503 1742 2558 Grot.]

190 2556 360 2609 κεκύηκέ
396 2573 452 2606 τις
491 2574 543 2627 μη
585 2558 729 2602 δεινά-,ν
777 2558 985 2611 κεκύηκεν,
1017 2557 1065 2599 οὐ
1095 2559 1301 2611 κεκύηκεν,
1331 2556 1504 2612 ητύχηκέ
1533 2575 1590 2608 τις
1621 2562 1742 2601 Mein.

192 2613 360 2667 κέκμηκέ
389 2630 471 2664 τις
503 2614 638 2666 τέτηκέ
669 2631 747 2666 τις,
777 2614 963 2668 ἠψύχηκέ
991 2631 1048 2664 τις
1080 2613 1274 2669 (ἆψυχεῖν
1302 2617 1494 2668 Ηὶρροοι.
1526 2619 1584 2657 De
1613 2619 1740 2657 morb.

191 2672 232 2709 II
265 2673 358 2721 141,
379 2671 424 2723 4)
462 2672 663 2714 Herwerd.
695 2674 841 2712 Mnem.
871 2687 963 2713 nov.
986 2673 1043 2712 VI
1065 2675 1137 2737 74,
1176 2675 1320 2713 eiciens
1358 2675 1476 2714 simul
1514 2678 1636 2726 φεῦγε
1671 2672 1739 2721 τὰς

191 2723 332 2775 λύπας.
381 2726 573 2779 κέκμηκε,
616 2727 1039 2795 προσκέκρουκεν,
1084 2704 1255 2780 ἠτύχηκέ
1299 2744 1355 2777 τις
1400 2730 1454 2769 Κ.
1551 2733 1592 2769 4.
1631 2728 1739 2783 φέρει

193 2782 325 2837 Grot.]
357 2782 465 2836 φέρει
495 2782 550 2825 δ’.
647 2787 685 2825 5.
716 2781 839 2836 μόνον
868 2788 909 2825 in
939 2787 1016 2825 fine
1049 2787 1137 2825 add.
1170 2786 1348 2835 Grotius,
1387 2800 1467 2826 non
1497 2790 1541 2826 ut
1570 2789 1654 2837 ipse
1684 2788 1741 2826 ait

192 2854 237 2878 ex
269 2841 316 2879 A.
351 2865 398 2868 —
434 2845 610 2881 ceterum
640 2843 688 2881 cf.
719 2843 869 2893 Diphil.
896 2844 986 2882 113.
