1864 3204
39 35 66 48 ε’
125 31 171 50 ,μζ
230 27 233 29 ”

0 0 22 124 Ι
58 51 63 58 “
110 58 134 68 n-

7 127 10 134 =

0 339 8 371 ⁴(

568 197 877 235 ΠΕΝΤΑΘΛΟΣ
927 200 1166 236 ΠΟΡΦΤΡΑ
1565 203 1646 247 471

292 318 335 350 10
361 295 539 355 ἐποίησ’
565 298 616 343 ἐν
646 298 799 352 αὐτοῖς
829 299 1082 358 ἐξεπίτηδες
1112 297 1166 345 εὖ
1195 303 1340 346 πάνυ·

354 370 475 432 ἦσαν
505 370 555 414 δὲ
586 371 776 428 πληγαί,
807 371 990 425 καιρίαν
1020 368 1063 412 δ’
1088 371 1321 427 εἰληφέναι

296 462 298 464 ·
356 442 488 496 δόξας
518 442 783 485 καταπίπτει
813 437 888 480 καὶ
918 440 1188 494 λιποψυχεῖν
1218 440 1369 484 δοκῶν

355 514 498 556 ἔκειτο
529 507 638 566 μετὰ
667 510 760 552 τῶν
790 505 977 562 ἰχθύων.
1025 507 1111 563 βοᾷ
1141 507 1196 551 δέ
1220 524 1287 559 τις

354 577 501 635 εὕδωρ
531 577 695 633 ὕδωρ’.
745 572 769 619 ὁ
799 572 841 617 δ’
865 571 1005 625 εὐθὺς
1036 573 1196 629 ἐξάρας
1226 577 1429 632 πρόχουν

287 658 329 690 15
352 650 444 691 τῶν
475 644 729 702 ὁμοτέχνων
758 659 824 694 τις
853 643 936 685 τοῦ
965 642 1050 699 μὲν
1078 640 1226 699 άκαρῆ
1256 647 1488 696 παντελῶς

351 715 547 771 κατέχεε,
580 714 691 758 κατὰ
722 715 815 755 τῶν
845 710 1022 766 ἰχθύων
1052 709 1095 753 δ’
1118 708 1371 763 ἁπαξάπαν.
1544 714 1547 718 ‘

353 787 494 835 εἴποις
522 781 565 839 γ’
590 782 649 826 ἂν
679 776 846 830 αὐτούς
875 777 1037 835 ἀρτίως
1065 776 1302 835 ἡλωκέναι.

193 879 424 919 Athenaeus
446 880 483 927 6,
504 879 616 918 2250
646 874 849 927 Ξέναρχος
882 872 1082 928 Πορφύρᾳ
1113 876 1194 914 κτλ.
1269 877 1308 914 3.
1342 871 1456 915 ταῦτ’
1489 874 1643 930 Dindf.]

79 929 192 975 ταῦτ’
226 937 276 975 A.
355 938 394 978 8.
427 929 485 983 εἷς
516 949 575 982 τις
606 933 654 974 G.
678 935 812 974 Herm.
843 946 906 983 ap.
937 931 1119 970 Erfurdt.
1151 931 1244 971 obs.
1277 930 1379 985 445]
1411 929 1482 972 εἰτ’
1507 931 1563 979 εἰς
1594 934 1643 974 Α.

19 1025 27 1030 .
75 1005 128 1032 an
158 986 261 1031 εἷθ’
282 986 384 1040 εἶςῬ
455 994 494 1031 9.
525 986 604 1031 εἶδε
626 989 676 1043 C]
706 989 766 1029 ΐδε
790 990 835 1028 Α.
909 990 975 1029 10.
1008 983 1164 1039 ἐποίησῗ
1188 985 1233 1027 ἐν
1263 989 1502 1042 Schweigh]
1535 987 1644 1030 ἐποί-

79 1060 175 1100 ησεν
206 1051 256 1089 A.
347 1050 413 1089 14.
444 1046 557 1101 ὕδωρ
586 1049 752 1088 iteravit
781 1046 935 1086 Iacobs.
967 1045 1071 1084 Add.
1105 1045 1199 1084 Ath.
1234 1048 1327 1086 127.
1409 1048 1474 1086 15.
1505 1043 1645 1100 ἀκαρεὶ

79 1106 123 1146 C.
196 1108 261 1146 16.
294 1105 374 1145 τῶν
404 1103 561 1157 ἰχθύων
590 1101 631 1144 δ’
655 1100 816 1199 Binda}
844 1101 886 1141 δὲ
916 1106 994 1141 τῶν
1025 1099 1184 1153 ἰχθύων
1211 1103 1263 1142 Α.
1333 1099 1551 1152 ἁπαξάπαν
1573 1104 1642 1145 Ca·

79 1160 212 1215 saub.]
246 1158 352 1210 ἅπαξ
382 1158 515 1202 ἐπάνω
545 1162 593 1202 Α.
674 1163 739 1200 17.
773 1170 790 1200 ε
822 1156 907 1207 πές
937 1160 986 1199 Κ.
1017 1159 1268 1207 ‘diceres’,
1298 1174 1380 1200 non
1411 1162 1549 1202 dicas
1578 1163 1642 1202 vel

74 1221 285 1260 dixeris.
362 1215 401 1272 γ’
435 1218 486 1272 C]
517 1233 538 1258 τ
566 1219 618 1259 A.

189 1278 226 1319 7.
270 1276 408 1316 ‘causa
447 1277 548 1327 legis
585 1278 670 1315 erat
707 1277 753 1314 ut
789 1275 1008 1325 piscatores
1045 1274 1212 1313 celerius
1250 1277 1293 1313 ot
1330 1275 1471 1314 viliore
1510 1277 1641 1326 pretio

76 1334 246 1373 vendere
275 1335 542 1385 cogerentur.’
574 1333 726 1372 Iacobs.
825 1333 890 1369 11.
923 1332 972 1370 cf.
1005 1331 1128 1370 Arist.
1158 1330 1234 1373 Av.
1267 1332 1386 1371 1014.
1493 1334 1557 1373 12.
1589 1334 1637 1373 cf.

72 1403 174 1442 quae
204 1390 254 1430 ad
283 1390 411 1431 Arist.
443 1391 521 1441 Eq.
546 1391 654 1430 1146
687 1388 981 1429 adnotavimus.

633 1574 724 1621 εἶθ’
747 1575 900 1628 ἁλιεὺς
930 1572 995 1621 α’)’ν
1025 1575 1164 1632 ἄκρος
1195 1579 1364 1631 σοφίαν

315 1646 387 1691 ἐπὶ
417 1647 501 1703 μὲν
531 1645 777 1702 παγούροις
806 1652 899 1696 τοῖς
927 1649 1053 1695 θεοῖς
1084 1643 1288 1700 ἐχθροῖσι
1320 1645 1394 1689 καὶ

313 1716 537 1771 ἰχθυδίοις
568 1713 739 1770 εὕρηκα
769 1712 1059 1764 παντοδαπὰς
1087 1712 1265 1769 τέχνας,

313 1784 505 1839 γέροντα
534 1782 824 1838 βούγλωττον
855 1782 905 1824 δὲ
934 1780 994 1837 μὴ
1026 1782 1192 1837 ταχέως
1222 1781 1344 1825 πάνυ

259 1861 280 1893 5
313 1851 682 1906 συναρπάσομαι;
714 1850 856 1893 καλόν
885 1848 927 1905 γ’
952 1846 1009 1892 ἂν
1041 1853 1119 1905 εἴη.

143 1941 146 1944 ’
185 1946 416 1986 Athenaeus
440 1947 476 1996 7,
494 1947 612 1986 3192
641 1942 794 1984 τούτων
823 1941 923 1999 (τῶν
951 1942 1183 1997 παγούρων)
1213 1942 1407 1997 μέμνηται
1440 1949 1635 1999 Τιμοκλῆς

69 1998 97 2070 ἢ
138 2000 339 2054 Ξέναρχος
378 2000 422 2041 ἐν
461 2001 661 2056 Πορφύρᾳ
698 1998 825 2049 οὕτως
865 2003 945 2040 κτλ.
1048 2004 1084 2041 1.
1116 1996 1221 2055 εἶθ’]
1253 1997 1304 2041 ἴτ’
1336 2003 1383 2043 Α.
1470 2000 1634 2043 οὑτωσί·

69 2057 205 2106 αλιεύς
236 2060 354 2099 Mein.
387 2061 462 2099 An.
495 2059 592 2099 Ath.
628 2060 723 2099 141.
770 2057 880 2110 εἴπερ
910 2059 1032 2100 Dobr.
1118 2056 1239 2111 ἄκρος
1270 2057 1438 2114 σοφίαν]
1468 2058 1633 2109 άκρόσο·

70 2128 150 2164 φος
179 2117 302 2155 Mein.
346 2129 398 2156 an
429 2115 467 2155 τί
494 2112 555 2160 δ’;
586 2112 653 2155 ὢν
681 2113 852 2163 ἁλιεὺς
883 2115 1071 2165 σοφίαν
1099 2112 1282 2168 ἄκροςὶ)
1371 2118 1408 2156 2.
1440 2115 1505 2157 ἐπὶ
1534 2120 1633 2158 Her-

69 2173 190 2212 werd.
223 2173 369 2212 Mnem,
399 2186 492 2215 nov.
514 2173 571 2212 VI
604 2171 675 2226 72]
706 2170 751 2212 ἐν
779 2173 829 2212 A.
876 2174 928 2213 ad
957 2175 1169 2223 captandos
1190 2187 1378 2224 payuros.
1451 2172 1526 2226 μὲν
1554 2190 1628 2214 πα-

67 2227 225 2281 γούροις
256 2232 336 2277 τοῖς
367 2229 510 2281 Dobr.]
542 2228 757 2283 παγούροις
786 2226 861 2280 μὲν
889 2230 939 2269 Α.
1041 2232 1334 2282 θεοισεχθροῖσι
1365 2231 1504 2271 Cobet.
1594 2234 1631 2272 4.

71 2283 116 2324 δὲ
147 2283 395 2339 Schweigh.]
426 2283 468 2324 τὸ
499 2287 547 2326 A.
627 2288 666 2327 5.
696 2287 739 2326 in
769 2286 847 2327 fine
876 2286 982 2325 haud
1011 2287 1146 2338 inepte
1177 2287 1377 2327 addideris
1403 2285 1452 2339 νὴ
1472 2287 1629 2332 Διά,-

69 2355 165 2382 voce
194 2340 454 2394 βούγλωττος,
484 2343 590 2393 quod
621 2346 682 2383 est
710 2343 830 2394 piscis
858 2355 1016 2394 nomen,
1048 2345 1169 2383 simul
1196 2346 1378 2384 stolidum
1406 2358 1535 2385 senem
1565 2348 1628 2387 de-

70 2399 216 2451 signat.
305 2397 432 2438 καλόν
469 2396 507 2451 y'
539 2395 591 2437 ἄν
630 2398 694 2450 εἴη
731 2412 805 2449 per
835 2399 1003 2439 ironiam
1035 2401 1159 2440 addit.
1210 2413 1283 2440 nos
1313 2402 1386 2441 das
1414 2406 1519 2442 wc'ae're
1547 2406 1631 2444 eine

65 2456 203 2496 scheme
233 2454 463 2496 Geschickte.
835 2509 862 2551 9

299 2586 360 2642 μὰ
390 2588 474 2630 τὸν
502 2589 751 2642 Διόνυσον,
785 2586 840 2630 ὃν
869 2586 928 2631 σύ
957 2588 1139 2639 λάπτεις
1171 2592 1271 2632 ἴσον
1302 2593 1397 2647 ἰσῳ.

183 2681 413 2721 Athenaeus
447 2683 521 2730 10,
542 2682 661 2721 431a
700 2679 899 2733 Ξέναρχος
934 2678 963 2734 ἢ
1002 2684 1197 2734 Τιμοκλῆς
1235 2681 1279 2722 ἐν
1309 2652 1507 2739 Πορφύρᾳ
1544 2688 1624 2729 κτλ.

65 2734 114 2776 ὃν
154 2738 244 2780 add.
284 2737 504 2789 Schweigh.
590 2736 749 2786 λάπτεις
785 2738 833 2779 Κ.
879 2740 982 2779 Mus.
1013 2740 1140 2779 Rhen.
1171 2740 1279 2779 XXX
1310 2741 1410 2793 398]
1450 2740 1624 2791 κάπτεις.

69 2791 267 2841 Διόνυσος
298 2795 417 2835 simul
448 2795 544 2835 deus
574 2797 637 2835 est
665 2797 706 2835 et
734 2795 882 2838 vinum.
