1864 3204
405 204 613 239 ΦΙΛΙΝΝΑ
639 222 681 229 -
705 203 912 239 ΑΔΗΛΩΝ
937 203 1203 239 ΔΡΑΜΑΤΩΝ
1510 203 1596 245 415

28 352 31 356 ,
142 308 373 349 Athenaeus
403 310 442 357 6,
466 309 579 349 239f
610 305 827 357 Ἀξιόνικος
865 303 906 348 δ’
937 306 983 349 ἐν
1012 307 1243 363 Χαλκιδικῷ
1273 306 1507 363 (χαλκιδίκῳ
1538 307 1592 357 A)

29 375 155 417 φησιν
181 367 264 407 κτλ.
313 368 356 406 et
384 366 497 406 241⁶
533 359 587 417 ἦν
623 362 666 405 δὲ
704 364 772 405 καὶ
803 363 1021 415 Φιλόξενος
1063 370 1157 405 τῶν
1191 364 1500 418 παρασίτων,
1540 361 1596 412 ὥς

24 417 240 470 Ἀξιόνικος
270 416 382 462 εἶπεν
418 419 461 461 ἐν
488 427 542 478 τῷ
571 421 814 477 Χαλκιδικῷ.
936 426 970 462 1.
1013 417 1222 476 ἠράσθην]
1262 436 1315 463 an
1355 419 1595 475 ἡψάμηνῗ

29 480 69 521 3.
118 475 320 529 ὑπέμενον
363 478 528 520 Grotius
570 480 755 531 Excerpt.
802 477 911 533 821]
960 476 1175 531 ὑπομενων
1217 481 1268 520 A.
1384 477 1597 519 κονδύλων

29 533 275 590 Schweigh]
313 535 537 576 κονδυλίων
573 539 622 576 A.
691 538 860 576 fortasse
898 532 1226 588 σφονδύλων,
1271 537 1379 588 quod
1417 534 1595 576 σπονδύ-

27 594 111 632 λων
139 593 402 634 scribebatur.
442 606 535 633 nam
561 591 708 646 πληγαὶ
735 591 946 633 κονδύλων
973 594 1041 634 vix
1069 596 1204 644 potest
1233 594 1331 645 dici,
1363 607 1453 634 cum
1483 607 1594 645 prae—

28 650 167 690 sertim
205 652 396 701 sequatur
431 649 628 702 τρυβλίων
665 653 706 690 et
734 647 876 690 ὀστῶν.
983 651 1022 690 4.
1059 647 1165 700 ὥστει
1185 651 1258 703 ys?
1297 665 1389 690 nam
1419 648 1519 691 ὥστε
1548 665 1596 702 με

29 707 230 747 soloecum
259 710 333 747 est.
383 707 524 747 deinde
563 709 631 747 aut
671 709 695 747 6
732 704 940 747 ἐλυσιτέλει
971 710 1041 748 aut
1072 709 1097 747 8
1132 706 1328 755 λυσιτελές
1363 711 1595 759 corruptum

27 763 199 804 videtur.
306 766 345 804 7.
383 761 516 803 ἔπειτα
552 762 717 816 χᾶτερον
754 762 903 818 τρόπον
931 765 1054 804 Mein.
1085 765 1147 804 ed.
1178 766 1275 804 min.
1326 763 1474 804 κᾶλλυν
1503 763 1591 804 τινὰ

28 817 174 872 τρόπον
209 821 315 861 idem
354 821 471 861 Aual.
504 822 599 861 Ath.
634 818 733 861 104.
836 823 902 861 12.
941 819 1116 872 πονηρὸς
1153 819 1214 861 ὠ’ν
1249 818 1285 859 τ’
1316 821 1352 861 εἰ
1388 823 1507 862 Mein.
1552 823 1594 862 in

29 878 150 920 Anal.
179 878 438 928 praetulerim
467 876 641 931 πονηρὸς
670 876 731 917 α’)’ν
759 892 818 926 τις
848 875 1014 932 χρηστὸς
1044 872 1151 917 εἷναί
1177 875 1276 930 φησ’
1300 876 1419 930 ὅμως.

140 935 379 975 Philoxenus
407 935 596 986 Eryxidis
626 935 655 974 f.
686 949 734 975 ex
754 937 1015 988 Anaxagorae
1043 935 1254 986 disciplina
1283 937 1486 987 profectus
1508 939 1594 976 erat

27 993 131 1031 teste
166 990 363 1032 Aeschine
402 993 552 1032 Athen.
585 995 632 1043 5,
653 993 778 1034 220b
815 990 966 1046 (Mein.
995 993 1016 1032 I
1045 994 1141 1034 417.
1171 990 1236 1046 8),
1280 994 1365 1033 eius
1399 994 1589 1045 familiae,

27 1060 147 1099 quam
178 1049 299 1088 etiam
327 1048 616 1100 Aristophanes
645 1051 833 1090 inriserat
861 1050 970 1090 Nub.
995 1050 1089 1090 686.
1121 1050 1221 1089 Ran.
1244 1051 1327 1089 934
1357 1052 1399 1090 et
1427 1051 1593 1102 Eupolis

27 1105 124 1145 235.
174 1104 460 1158 Πτερνοκοπίς,
490 1107 517 1146 i.
539 1120 574 1146 e.
598 1119 821 1156 pernarum
844 1108 1050 1158 pernicies.
1083 1107 1133 1146 cf.
1156 1107 1344 1149 Menand.
1367 1108 1448 1147 269
1468 1109 1590 1148 Mein.

29 1182 79 1189 —
114 1174 203 1201 oum
233 1176 271 1203 v.
294 1164 319 1202 9
350 1162 616 1203 Buechelerus
646 1163 758 1204 Coni.
788 1165 859 1204 lat.
896 1166 946 1204 19
978 1164 1150 1204 contulit
1179 1164 1318 1204 comici
1349 1165 1492 1205 incerti
1523 1162 1591 1219 (Ο.

26 1218 218 1258 Ribbeck.
262 1218 373 1259 Com.
405 1220 520 1260 Rom.
552 1218 625 1259 ἓν)
659 1218 759 1275 116)
812 1221 862 1260 fr.
899 1223 949 1261 19
988 1234 1034 1261 ea
1071 1225 1125 1261 est
1167 1222 1368 1268 seditiosa,
1421 1234 1467 1262 ea
1507 1235 1595 1262 cwm

25 1276 110 1316 viro
141 1276 282 1316 benum
306 1278 418 1327 gerit.

232 1398 449 1454 τρύβλια,
478 1399 642 1455 χύτρα,
674 1400 917 1455 λοπάδιον,
950 1398 1064 1456 ὀξίς,
1095 1403 1226 1456 χοῦς,
1257 1397 1381 1457 ἀμίς,

233 1464 425 1523 λεκάνη,
455 1469 591 1523 θυΐα,
624 1469 882 1524 κάνθαρος,
914 1470 1098 1523 σείσων,
1130 1469 1311 1524 λύχνος.

233 1537 282 1577 Β.
315 1532 538 1590 ὑπηρεσία
568 1547 641 1578 σοι
671 1535 915 1593 παντελής,
946 1538 1090 1592 γραῦ,
1123 1539 1363 1592 κεραμίων.

141 1628 285 1668 Pollux
317 1629 387 1679 10,
412 1630 491 1668 122
530 1635 733 1681 κεραμεῶν
764 1635 923 1670 σκευῶν
952 1626 1128 1682 ὀνόματα
1159 1628 1203 1670 ἐν
1226 1624 1454 1679 Ἀξιονίκου
1483 1633 1591 1671 Χαλ-

27 1682 168 1739 κιδικῷ
197 1686 304 1724 κτλ.·
366 1687 407 1727 2.
437 1685 593 1737 σείσων,
623 1688 781 1727 Alexid.
805 1688 900 1728 134.
989 1689 1030 1727 3.
1063 1683 1107 1726 Β.
1140 1689 1230 1728 add.
1262 1689 1458 1730 Kuhnius.

1015 1841 1162 1900 ζωμὸν
1191 1843 1307 1887 ποιῶ

140 1907 315 1965 θερμὸν
347 1907 486 1965 ἰχθῦν
516 1908 887 1965 ἐπαναπλάττων,
918 1909 1149 1968 ἡμίβρωτα
1181 1914 1373 1963 λείψανα

141 1978 394 2031 συντιθείς,
425 1980 535 2035 οἴνῳ
565 1980 770 2034 διαίνων,
802 1979 949 2035 ἔντερ’
971 1978 1044 2023 ἁλὶ
1074 1980 1149 2022 καὶ
1181 1982 1348 2037 σιλφίῳ

142 2045 425 2099 σφενδονῶν,
457 2044 656 2090 ἀλλᾶντα
685 2046 854 2103 τέμνω,
885 2048 1134 2104 παραφέρω
1165 2049 1330 2103 χορδῆς
1358 2050 1515 2104 τόμον,

64 2114 67 2117 ⁴
90 2121 111 2153 5
141 2112 306 2168 ῥύγχος
335 2114 397 2165 εἰς
426 2112 527 2166 ὅξος
555 2115 732 2171 πιέζων,
764 2113 878 2159 ὥστε
909 2115 1081 2167 πάντας
1111 2113 1348 2172 ὁμολογεῖν

140 2182 232 2223 τῶν
261 2182 419 2236 γάμων
448 2184 634 2237 κρείττω
664 2185 898 2238 γεγονέναι
928 2185 1013 2241 τὴν
1042 2185 1187 2228 ἕωλον
1215 2183 1403 2242 ἡμέραν.

141 2262 372 2304 Athenaeus
403 2266 441 2315 3,
464 2266 549 2305 950
576 2261 793 2314 Ἀξιόνικος
826 2265 870 2306 ἐν
900 2267 1072 2306 Χαλκίδι
1102 2266 1207 2318 φησί
1231 2270 1312 2307 κτλ.
1405 2271 1441 2309 1.
1463 2268 1592 2321 ζωμὸν

28 2323 134 2357 ποιοῖ
163 2318 350 2372 Casaub]
383 2322 588 2371 ζωμοποιοῖ
616 2324 665 2363 A.
784 2326 821 2363 3.
855 2322 952 2362 οἴνω
982 2323 1148 2362 διαίνων
1178 2324 1409 2378 Emperius]
1442 2340 1591 2365 οιονται

29 2389 114 2414 ανω
143 2378 192 2415 Α.
268 2373 395 2429 ἔντερ’
416 2374 483 2417 ἁλὶ
511 2376 580 2417 καὶ
610 2379 794 2431 Seidler.]
827 2364 1029 2432 ἕτεράλικα
1059 2382 1107 2420 A.
1187 2382 1226 2422 5.
1257 2379 1401 2428 πιέζων
1430 2383 1587 2435 Dindf.]

28 2429 159 2479 πιέζω.
192 2433 261 2472 sed
290 2435 409 2473 etiam
439 2431 591 2485 τέμνων
620 2439 661 2476 et
679 2435 926 2487 παραφέρων
945 2450 1035 2477 cum
1056 2434 1246 2488 Emperio
1268 2440 1310 2477 et
1331 2452 1368 2480 v.
1391 2442 1410 2478 l
1433 2446 1592 2479 ποιῶν

27 2489 281 2529 scribendum
318 2493 389 2531 est.
446 2492 600 2531 dixerat
636 2494 743 2531 enim
778 2506 929 2545 coquus
962 2494 1247 2545 gloriabundus
1281 2495 1353 2533 ‘ex
1384 2496 1590 2537 vilissimis

28 2558 72 2584 ac
102 2558 229 2595 paene
258 2548 454 2599 corruptis
484 2548 785 2589 delicatissimos
815 2551 922 2590 cibos
952 2551 1073 2602 facio,
1105 2546 1234 2600 ζωμὸν
1262 2556 1392 2590 ποιῶν
1420 2554 1520 2591 κτλ.’

563 2660 771 2695 ΑΔΗΛῼΝ
795 2662 1064 2696 ΔΡΔΜΑΤΩΝ

797 2727 825 2771 9

302 2792 344 2835 εἰ
371 2792 634 2848 Μελέαγρος
661 2794 746 2850 μὲν
774 2803 1009 2851 συγγενεῖς
1038 2793 1181 2839 αὑτοῦ
1213 2797 1298 2839 δύο

303 2858 377 2902 διὰ
409 2858 536 2915 δέρμ’
560 2857 715 2904 ὖεικόν
744 2864 1024 2919 μαχομένους
1052 2862 1315 2911 ἀπέκτονεν.
