1890 3190
304 181 384 222 100
914 181 1233 215 ΑΝΤΙΦΑΝΟΤΣ
1842 162 1855 212 ὁ

414 298 451 323 v.
484 287 521 324 1.
552 285 576 322 2
608 285 837 323 Athenaeus
868 286 912 334 9,
935 285 1050 323 397a
1087 281 1146 321 ’ὅτι
1176 277 1339 329 σπάνιος
1368 276 1483 331 οὗτος
1513 280 1534 322 ὃ
1564 282 1675 336 ὅρνις
1707 277 1856 340 (ταῶς)

301 340 418 391 δηλοῖ
448 337 689 390 Ἀντιφάνης
727 338 770 378 ἐν
800 337 1028 392 Στρατιώτῃ
1065 336 1092 390 ἢ
1125 334 1281 390 Τύχωνι
1317 337 1440 391 λέγων
1475 337 1602 387 οὕτως
1632 345 1715 379 τῶν
1743 334 1853 380 vadat

303 393 571 448 -ὀρτύγων,
621 410 659 435 v.
685 397 793 434 1-4
823 397 929 434 idem
963 397 1027 445 14,
1051 397 1164 436 654e
1194 401 1382 435 τοσοῦτον
1409 393 1484 448 γάρ
1515 394 1592 435 ἐστι
1622 394 1664 436 τὸ
1694 398 1808 447 πλῆθ
1854 399 1855 402 ’

302 451 452 491 τούτων
481 452 560 492 τῶν
587 448 766 503 ὀρνίθων
797 450 840 491 ἐν
870 458 918 504 τῇ
941 448 1083 505 Ῥώμῃ,
1117 449 1170 498 ὡς
1201 452 1335 491 δοκεῖν
1362 450 1755 504 προμεμαντευμένον
1784 450 1859 492 τὸν

300 506 598 562 κωμῳδιοποιὸν
615 504 859 559 Ἀντιφάνην
880 507 924 547 ἐν
947 506 1176 561 Στρατιώτῃ
1195 505 1224 559 ἢ
1247 507 1402 560 Τύχωνι
1422 506 1619 561 εἰρηκέναι
1647 507 1741 548 τάδε
1769 509 1860 550 mk*

303 567 538 606 Eustathius
572 567 693 616 1035,
715 567 770 603 44
801 562 821 604 ὁ
853 563 1023 616 κωμικὸς
1051 561 1292 615 Ἀντιφάνης
1321 565 1446 604 εἰπεῖν
1477 563 1626 617 λέγεται
1653 563 1714 604 ὅτι
1742 566 1824 607 κτλ.

305 625 341 660 1.
381 627 461 661 τῶν
499 623 535 661 Α
566 620 666 674 397]
706 619 775 660 τὸν
813 623 849 661 Α
880 623 962 661 654
991 624 1032 661 et
1060 622 1196 672 Eust.,
1238 623 1308 671 qui
1344 619 1418 672 μὲν
1455 626 1496 661 et
1531 619 1656 685 μόνρν
1689 622 1865 662 omittit<

301 675 406 717 ταών
434 680 485 718 A.
572 675 681 726 ἅπαξ
710 693 766 724 τις
794 678 829 717 Α
862 677 962 730 654]
994 674 1146 729 ἆπάξης
1175 679 1212 717 Α
1244 680 1338 717 397.
1441 680 1479 717 2.
1510 675 1575 731 ὃν]
1605 693 1657 729 ην
1685 678 1852 719 Casaub.

303 731 347 773 τὸ
378 748 455 774 om.
483 736 598 775 Eust.
648 749 684 773 τι
713 735 836 774 Dobr.
923 734 1082 781 πλείους
1113 737 1148 773 Α
1181 733 1279 787 654]
1310 733 1469 781 πλείους
1500 731 1539 773 δ’
1571 735 1608 775 Α
1629 736 1726 774 397.
1813 735 1852 774 3.

302 789 346 829 δὲ
375 790 432 830 ἄν
460 794 501 831 ct
530 791 615 845 εἰὸῃ
645 791 694 830 A.
781 787 948 842 χρηστὸν
977 788 1020 829 δὲ
1049 789 1271 842 ἄνθρωπον
1301 787 1371 829 ἐάν
1399 792 1513 833 Eust.

418 849 525 899 quod
554 862 592 887 v.
619 850 639 886 1
674 847 720 889 G.
743 847 791 886 A.
814 848 1063 899 Hirschigius
1095 848 1200 889 Ann.
1231 849 1317 889 crit.
1349 849 1373 886 3
1412 848 1634 898 temptabat:
1670 841 1790 900 ἤγαγ’
1807 845 1856 886 ’ἓν

301 902 440 956 μόνον,
471 905 736 944 necessarium
767 906 872 943 certe
901 917 982 944 non
1011 907 1081 955 est,
1115 917 1351 955 quamquam
1380 904 1603 944 adsentitur
1632 903 1770 944 Cobet.
1801 903 1854 943 N.

999 1027 1156 1060 ΤΙΜΩΝ

416 1109 616 1162 Egregius
653 1110 714 1148 est
753 1109 801 1148 de
832 1108 997 1147 Timone
1026 1109 1136 1148 locus
1165 1108 1365 1147 Plutarch.
1399 1108 1547 1147 Anton.
1579 1109 1646 1147 69.
1677 1109 1744 1147 70.
1801 1107 1854 1148 cf.

303 1166 431 1205 Arist.
463 1166 539 1205 Av.
564 1166 685 1206 1549.
717 1165 810 1216 Lys.
835 1165 1177 1225 808.1Phrynich.
1203 1166 1267 1204 18.
1305 1164 1411 1204 Plat.
1443 1177 1543 1203 eom.
1575 1165 1657 1203 218
1687 1166 1728 1202 et
1755 1176 1858 1213 quae

306 1224 354 1261 ad
383 1222 506 1262 Arist.
538 1223 637 1261 Ran.
673 1223 753 1260 130
783 1222 975 1260 adnotant
1005 1222 1189 1260 editores.
1248 1221 1352 1260 hunc
1381 1222 1513 1270 ipsum
1542 1221 1748 1259 Timonem
1776 1220 1865 1260 iam.

304 1280 373 1318 diu
403 1281 603 1318 mortuum
635 1301 690 1308 ———
720 1279 800 1317 fuit
829 1278 933 1317 enim
964 1279 1037 1317 sub
1067 1278 1215 1317 exitum
1243 1278 1338 1316 belli
1367 1277 1691 1327 Peloponnesiaci
1718 1298 1776 1304 —-
1803 1276 1855 1316 si-

303 1335 482 1386 gnificari
513 1337 553 1374 et
583 1348 630 1374 ex
649 1334 892 1384 Antiphanis
922 1335 1056 1373 fabula
1085 1335 1333 1384 potissimum
1365 1334 1531 1373 Luciani
1561 1334 1763 1383 dialogum
1791 1345 1867 1372 exr

304 1405 483 1442 pressum
531 1404 614 1431 esse
659 1394 818 1441 praeter
856 1391 1098 1430 Meinekium
1128 1392 1148 1430 Ι
1179 1391 1273 1429 275.
1306 1391 1402 1429 327.
1426 1392 1450 1430 8
1496 1391 1632 1430 docuit
1673 1390 1857 1440 Engerus

302 1449 448 1488 Annal.
479 1449 672 1488 Fleckeis.
704 1447 892 1487 LXXVII
923 1449 1018 1489 557.
1308 1437 1352 1485 Ο

1035 1557 1118 1600 206

503 1636 600 1693 ’ἥκω
631 1638 890 1686 πολυτελῶς
919 1634 1144 1691 ἀγοράσας
1176 1637 1238 1687 εἰς
1267 1634 1374 1686 τούς
1401 1635 1596 1691 γάμους,

506 1703 758 1760 λιβανωτὸν
789 1702 956 1759 ὀβολοῦ
986 1711 1077 1754 τοῖς
1104 1708 1229 1755 θεοῖς
1259 1704 1330 1747 καὶ
1363 1710 1458 1753 ταῖς
1486 1706 1615 1752 θεαῖς

505 1774 714 1827 πάσαισι,
745 1779 837 1822 τοῖς
867 1771 910 1813 δ’
932 1770 1073 1827 ἥρωσι
1102 1770 1156 1814 τοὶ
1186 1770 1339 1824 ψαίστ’
1361 1769 1613 1826 ἀπονέμων.

507 1839 619 1896 ἡμῖν
649 1840 699 1883 δὲ
727 1847 820 1890 τοῖς
848 1844 1048 1894 θνητοῖς,
1063 1837 1285 1894 ἐπριάμην
1314 1837 1520 1894 κωβιούς.
1583 1878 1585 1880 ,

455 1918 476 1949 5
508 1906 567 1959 ὥς
596 1910 871 1963 προσβαλεῖν
902 1905 946 1948 δ’
971 1907 1185 1949 ἐκέλευσα
1215 1905 1293 1949 τὸν
1324 1905 1614 1961 τοιχωρύχον,
1691 1935 1694 1937 -

505 1974 585 2018 τὸν
615 1974 921 2031 ἰχθυοπώλην,
955 1975 1294 2030 επροστίθημ’,
1326 1975 1460 2029 φησί,
1493 1973 1579 2016 (σοὶ

503 2041 585 2086 τὸν
615 2044 759 2099 δῆμον
788 2040 957 2085 αὐτῶν·
990 2042 1076 2084 εἰσὶ
1102 2043 1188 2097 γὰρ
1221 2042 1499 2097 Φαληρικοίῖ

506 2110 635 2154 ἄλλοι
666 2109 706 2153 δ’
731 2110 955 2165 ἐπώλουν,
986 2108 1046 2160 ὥς
1076 2108 1203 2163 ἔοικ’,
1227 2106 1531 2165 Ὀτρυνικούς.

415 2196 644 2244 Athenaeus
669 2207 705 2255 7,
725 2204 842 2244 309d
868 2199 1106 2254 Ἀντιφάνης
1137 2198 1176 2242 δ’
1201 2201 1245 2242 ἐν
1268 2201 1416 2253 Τίμωνι
1446 2199 1626 2240 ἐπαινῶν
1655 2197 1748 2248 τούς
1777 2213 1858 2239 κω-

303 2257 416 2313 βιούς
446 2260 512 2300 καὶ
541 2257 696 2299 ὁπόθεν
726 2258 800 2300 εἰσὶ
828 2259 1023 2299 κάλλιστοι
1053 2260 1169 2311 δηλοῖ
1195 2257 1261 2298 διὰ
1292 2257 1442 2298 τούτων
1472 2261 1552 2298 κτλ.
1641 2260 1679 2297 3.
1711 2251 1856 2305 ψαῖστ’

304 2316 398 2373 (sic)
431 2317 479 2370 O]
512 2315 663 2367 ψαιστὰ
694 2319 743 2357 A.
829 2311 1059 2370 ἀπονέμων]
1090 2314 1276 2367 ἀπονεμῶ
1305 2319 1411 2356 recte
1441 2315 1575 2355 Cobet.
1592 2315 1642 2354 V.
1662 2311 1712 2355 l.²
1730 2315 1828 2353 400.
1869 2313 1870 2316 ’

302 2378 341 2415 4.
371 2378 585 2425 θνητοῖσιν
614 2377 655 2413 et
683 2377 729 2413 ut
758 2375 858 2413 solet
887 2373 1057 2426 κωβίους
1085 2373 1133 2412 Α.
1209 2374 1248 2412 5.
1281 2370 1325 2412 δὲ
1355 2375 1395 2412 et
1425 2385 1663 2423 τοιχωρυχον
1690 2371 1737 2411 A.
1815 2370 1867 2409 6:

302 2431 406 2483 φησί
433 2429 618 2483 Casaub.]
652 2429 757 2481 φημί
782 2430 831 2470 Α.
1859 2423 1862 2432 ’

418 2489 530 2527 ecum
560 2489 602 2526 in
631 2487 808 2526 emendis
837 2487 967 2538 gobiis
997 2487 1174 2526 iuberem
1204 2486 1415 2536 piscarium
1445 2480 1656 2530 ἐπιδόσεως
1677 2484 1765 2523 loco
1785 2483 1866 2526 alie

302 2546 398 2596 quid
437 2545 607 2594 adicere,
646 2544 714 2582 illc
753 2556 818 2593 eqo
855 2556 942 2582 vero
980 2545 1148 2583 auctarii
1177 2544 1253 2582 loco
1283 2543 1406 2581 adicio
1434 2542 1635 2591 yobiorwm
1657 2542 1866 2590 patriam:

301 2605 394 2640 sunt
424 2604 527 2640 enim
546 2601 762 2640 Phalerici:
793 2613 867 2648 Quo
896 2602 1052 2639 nomine
1081 2601 1211 2639 carius
1239 2611 1300 2638 eos
1328 2599 1488 2638 vendere
1517 2598 1709 2637 debebam.
1747 2595 1868 2646 gobii.

303 2659 409 2696 enim
430 2658 624 2696 Phalerici
655 2658 813 2695 tantum
843 2657 981 2695 ceteris
1012 2658 1212 2706 praestare
1243 2655 1506 2694 credebantur
1525 2652 1716 2703 q‘uantum
1737 2652 1868 2702 Otryr

303 2715 381 2753 nici
422 2715 470 2753 ab
509 2714 596 2752 aliis
636 2713 772 2753 vinci.'
815 2712 984 2752 Casaub.
1043 2709 1097 2758 ὡς
1136 2710 1235 2750 ἔοικε
1273 2724 1344 2762 per
1378 2711 1565 2759 ironiam,
1609 2710 1759 2750 scilicet.
1818 2705 1865 2747 οἷ,

298 2766 509 2821 Ὀτρυνῆς,
539 2782 664 2820 pagus
695 2774 764 2820 τῆς
794 2768 1008 2820 Αἰγηίδος,
1038 2769 1123 2807 noti
1153 2781 1198 2807 ex
1231 2764 1474 2820 [Demosth]
1505 2767 1572 2815 44,
1596 2767 1634 2805 9.
1665 2766 1732 2808 35,
1755 2766 1791 2803 7.
1813 2765 1868 2804 8.

307 2828 344 2865 9.
376 2827 443 2865 44.
475 2828 541 2868 52.
573 2827 624 2866 cf.
655 2826 871 2865 Kirchhoff.
902 2826 933 2864 1.
964 2825 1013 2864 A.
1045 2826 1127 2863 324
1156 2839 1196 2874 p.
1220 2825 1313 2866 175.
