1890 3190
324 171 380 212 90
939 171 1001 205 AN
1006 171 1258 205 ΤΙΦΑΝΟΤΣ

325 271 498 327 Iacobs]
529 274 687 312 τοιαῦτα
716 274 764 313 A.
853 275 919 314 20.
952 271 1116 321 ἐκείνοις
1144 273 1350 324 Koppiers.
1374 271 1448 328 54]
1480 273 1622 314 ἐκεῖνοι
1652 276 1700 315 Α.
1788 274 1864 316 vs*

325 328 449 384 νικοι]
483 329 682 369 νεανίσκοι
710 330 756 369 Α.

439 388 486 425 de
516 388 701 436 Euthyno
732 387 783 425 ef.
809 387 908 436 128,
941 386 989 425 de
1018 387 1250 426 Phoenicide
1279 389 1320 426 et
1351 387 1508 427 Taurea
1536 389 1608 436 48,
1642 389 1690 428 de
1719 389 1824 430 Mat
1851 391 1854 393 ’

326 444 505 494 sophista
535 445 577 482 et
606 443 768 482 lurcone
802 444 893 481 119.
943 443 1032 493 quis
1051 443 1237 493 Dioyiton
1266 443 1512 494 significetur
1538 445 1682 484 neseio.
1726 445 1869 487 Eum·

326 513 400 539 nus
429 502 476 539 ut
504 512 606 538 unus
638 496 686 539 de
725 497 1285 564 σφραγιδονυχαργοκομήταις
1316 500 1565 540 describitur.
1663 503 1700 543 7.
1731 499 1750 540 ἒ
1785 508 1795 535 ι’
1845 534 1849 541 ,

325 568 435 595 σκειν
465 557 651 595 dicuntur
682 556 751 606 qui
781 556 997 607 deliquium
1026 556 1149 595 animi
1180 557 1287 606 passi
1317 558 1566 595 mortuorum
1596 557 1744 598 similes
1773 570 1871 599 sun

325 613 609 664 Wyttenbaeh.
631 612 735 651 Plut.
759 613 818 652 De
839 625 926 652 sera
945 625 1054 651 num.
1079 613 1184 652 vind.
1206 627 1246 663 p
1269 613 1334 651 94
1366 613 1414 652 ef.
1433 613 1537 652 Plat.
1554 613 1651 664 Leg.
1677 615 1741 667 12,
1754 615 1835 655 959
1853 619 1875 663 ¹{-

328 671 394 709 15.
425 670 647 708 Meinekius
679 670 833 708 confert
861 669 1064 710 Demosth.
1085 670 1123 716 4,
1138 671 1190 722 33
1221 665 1275 708 οἶν
1304 668 1439 708 πᾶσαν
1469 666 1542 720 τὴν
1571 644 1744 720 δύναμιν
1773 669 1821 710 νό
1861 708 1871 715 ,Ἴ

325 724 601 791 κατακλείσητε
632 723 695 764 ἐπὶ
726 730 779 779 τῷ
808 722 962 778 πολέμῳ
983 723 1130 773 μένειν.
1176 723 1448 778 παραπομπὴν
1465 728 1608 777 ποιεῖν,
1637 727 1663 766 i.
1680 740 1713 766 e.
1734 740 1826 767 nov
1850 737 1874 772 ιζ

326 784 484 833 oportet
521 782 690 833 piscium
719 782 1016 822 vendendorum
1044 783 1240 822 rationem
1269 783 1444 833 institui,
1483 786 1529 822 ut
1563 783 1721 833 publico
1787 800 1791 807 Γ
1844 783 1872 816 ff

326 852 459 880 eorum
486 851 674 879 ‘numerus
701 841 848 878 viritim
877 840 922 877 in
949 839 1126 888 sinyulas
1145 840 1276 879 domos
1294 841 1481 879 mittatur.
1519 840 1576 879 sie
1596 839 1646 878 ab
1666 839 1829 880 Atheni
1849 855 1877 874 ι·

327 897 435 936 sibus
467 891 601 945 σκαφη
632 895 690 941 εἰς
719 892 795 945 τὴν
824 900 893 934 τοῦ
923 893 1034 933 σίτου
1063 893 1334 946 παραπομπὴν
1362 895 1416 942 εἰς
1433 892 1722 947 Ἑλλήσποντον
1749 897 1824 936 mit
1852 914 1858 929 2

325 954 472 992 bantur
501 952 708 991 Demosth.
742 953 813 1003 18,
838 954 902 991 73.
954 952 1053 990 Xen.
1085 951 1190 990 Hell.
1224 955 1260 1003 7,
1284 953 1330 1002 2,
1355 953 1407 991 23
1438 951 1480 991 οἵ
1504 949 1549 991 δὲ
1578 951 1844 1004 Κορίνθιοι..

328 1002 374 1047 τοὶ
405 1004 520 1060 ζεύγη
551 1022 617 1047 και
647 1006 694 1046 τὰ
724 1004 920 1060 ὑποζύγια
950 1003 1079 1046 πάντα
1110 1006 1220 1047 σίτου
1249 1007 1474 1060 γεμίσαντες
1504 1009 1560 1056 εἶς
1589 1006 1659 1047 τὸν
1681 1009 1866 1049 Φλιοῦντ

324 1062 578 1117 παρήγαγον·
602 1078 689 1104 και.
737 1062 920 1116 ,ἑκάστης
941 1060 1087 1116 ἡμέρας
1107 1063 1367 1116 παραπομπαὶ
1387 1062 1598 1117 ἐγίγνοντο.
1631 1066 1680 1106 cf.
1697 1065 1836 1106 Aesch'
1851 1086 1866 1100 ‹-

326 1125 363 1173 2,
389 1123 482 1161 168.
599 1123 666 1160 20.
707 1121 854 1175 ’γάμοι
882 1134 962 1161 non
992 1134 1109 1160 verae
1140 1125 1233 1161 sunt
1262 1123 1443 1172 nuptiae,
1475 1122 1543 1162 sed
1574 1123 1714 1173 epulae
1743 1122 1870 1173 quale

329 1180 370 1218 in
408 1179 561 1228 nuptiis
597 1179 727 1228 parari
764 1179 924 1218 solent.’
965 1177 1116 1217 Iacobs.
1175 1179 1274 1218 tales
1311 1180 1448 1228 epulas
1486 1180 1666 1230 singulos
1702 1179 1870 1223 homin-4

326 1237 504 1286 privatos
543 1236 619 1274 sibi
657 1248 796 1284 parare
834 1236 974 1275 ceteris
1020 1235 1283 1275 esurientibus
1328 1235 1584 1275 Phoenicides
1631 1238 1671 1275 et
1709 1235 1864 1289 'faur-4

327 1292 457 1342 palam
488 1293 797 1341 conqueruntur.

994 1403 1203 1438 ΠΟΙΗΣΙΣ

439 1483 715 1523 Oasaubonum
744 1497 815 1534 pro
844 1483 1072 1534 Antiphane
1101 1485 1207 1534 apud
1237 1483 1382 1526 Athen.
1406 1486 1442 1533 6,
1463 1485 1576 1523 2223,
1604 1483 1807 1535 Aristoph
1829 1503 1861 1518 ..

327 1554 472 1581 nomen
502 1541 779 1580 restituentem
809 1541 960 1580 refellit
988 1541 1219 1580 Meinekius
1239 1541 1259 1579 I
1290 1542 1385 1581 339.
1436 1542 1486 1580 ef.
1519 1543 1610 1583 272.

1062 1651 1136 1692 191

917 1727 1139 1784 μακάριόν
1170 1729 1293 1772 ἐστιν
1325 1729 1350 1784 ἡ
1379 1730 1610 1786 τραγῳδία

557 1799 725 1853 ποίημα
755 1796 867 1839 κατὰ
899 1795 1050 1851 πάντ’,
1083 1800 1127 1839 εἴ
1150 1812 1202 1852 γε
1232 1800 1413 1853 πρῶτον
1443 1797 1491 1839 οἱ
1515 1797 1642 1852 λόγοι

559 1864 651 1908 ὑπὸ
681 1867 772 1907 τῶν
802 1867 982 1907 θεατῶν
1013 1865 1127 1907 εἰσιν
1159 1865 1504 1920 ἐγνωρισμένοι,

557 1933 666 1988 πρὶν
696 1936 777 1975 καί
800 1930 887 1983 τιν’
913 1933 1075 1975 εἰπεῖν·
1109 1929 1225 1974 ὥσθ’
1247 1930 1503 1988 ὑπομνῆσαι
1532 1931 1678 1987 μόνον

505 2011 525 2042 5
556 2002 629 2044 δεῖ
653 2001 736 2045 τὸν
766 1996 974 2056 ποιητήν·
1009 2001 1232 2043 Οἰδίπουν
1262 1998 1348 2055 γὰρ
1379 1998 1439 2042 ἂν
1467 1999 1611 2056 μόνον

557 2071 644 2124 φῶ,
675 2066 978 2116 τᾶλλα,ποῖντ’
1001 2072 1174 2110 ἴσασιν·
1208 2065 1231 2109 ὁ
1262 2066 1406 2123 πατὴρ
1437 2067 1599 2123 Λάιος,

555 2136 699 2193 μήτηρ
727 2135 946 2191 Ἰοκάστη,
978 2135 1249 2190 θυγατέρες,
1283 2136 1438 2186 παῖδες
1466 2138 1606 2192 τίνες,

559 2207 606 2247 τί
631 2202 807 2247 πείσεθ’
831 2197 963 2253 οὗτος
973 2236 985 2258 ,
1016 2205 1061 2246 τί
1088 2205 1344 2258 πεποίηκεν.
1407 2202 1464 2246 ἂν
1494 2203 1630 2247 πάλιν

558 2276 660 2329 εἴπῃ
690 2287 756 2323 τις
782 2270 1059 2326 Ἀλκμέωνα,
1090 2268 1166 2312 καὶ
1194 2268 1248 2312 τοὶ
1271 2271 1433 2313 παιδία

483 2351 526 2382 10
555 2339 688 2384 πάντ’
712 2337 855 2389 εὐθὺς
885 2337 1043 2395 εἴρηχ’,
1077 2337 1142 2381 ὅτι
1172 2339 1326 2394 μανεὶς
1355 2337 1600 2382 ἅπέκτονεν

557 2409 640 2464 τὴν
670 2406 838 2464 μητέρ’,
871 2405 1138 2462 ἀγανακτῶν
1168 2405 1213 2448 δ’
1232 2405 1478 2462 ’Ἄδραστος
1507 2405 1678 2458 εὐθέως

555 2474 650 2531 ἥξει
680 2475 818 2517 πάλιν
847 2473 886 2517 τ’
909 2472 1059 2517 ἄπεισι
1125 2507 1471 2518 .....

557 2541 703 2586 ἔπειθ’
727 2541 835 2585 ὅταν
864 2542 1006 2598 μηδὲν
1035 2540 1228 2584 δύνωντ’
1253 2543 1394 2584 εἰπεῖν
1425 2543 1510 2597 ἔτι,

557 2612 719 2667 κομιδῇ
750 2609 793 2652 δ’
817 2608 1124 2666 ἀπειρήκωσιν
1155 2609 1206 2652 ἐν
1235 2616 1328 2659 τοῖς
1357 2608 1598 2665 δράμασιν,

483 2689 524 2720 15
555 2683 765 2732 αἴρουσιν
795 2676 945 2732 ὥσπερ
976 2677 1202 2720 δάκτυλον
1229 2675 1312 2732 τήν
1341 2677 1560 2733 μηχανήν,

560 2746 635 2788 καὶ
663 2753 755 2796 τοῖς
784 2746 1080 2802 θεωμένοισιν
1111 2743 1408 2801 ἀποχρώντως
1437 2746 1538 2800 ἔχει.

560 2812 667 2869 ἡμῖν
698 2814 747 2856 δὲ
777 2812 904 2857 ταῦτ’
927 2811 1008 2855 οὐκ
1039 2815 1177 2867 ἔστιν,
1208 2810 1324 2861 ἀλλὰ
1353 2811 1500 2855 πάντα
1529 2812 1602 2855 δεῖ
