<?xml version="1.0" encoding="UTF-8"?>
<!DOCTYPE html PUBLIC "-//W3C//DTD XHTML 1.0 Transitional//EN"
    "http://www.w3.org/TR/xhtml1/DTD/xhtml1-transitional.dtd">
<html xmlns="http://www.w3.org/1999/xhtml" xml:lang="en" lang="en">
 <head>
  <title>
</title>
<meta http-equiv="Content-Type" content="text/html;charset=utf-8" />
  <meta name='ocr-system' content='tesseract 3.04.00' />
  <meta name='ocr-capabilities' content='ocr_page ocr_carea ocr_par ocr_line ocrx_word'/>
</head>
<body>
  <div class='ocr_page' id='page_1' title='image "./comicorumatticor02kockuoft_0128.png"; bbox 0 0 1890 3190; ppageno 0'>
   <div class='ocr_carea' id='block_1_1' title="bbox 1770 0 1890 3190">
    <p class='ocr_par' dir='ltr' id='par_1_1' title="bbox 1770 0 1890 3190">
     <span class='ocr_line' id='line_1_1' title="bbox 1770 0 1890 521; baseline 0 -218"><span class='ocrx_word' id='word_1_1' title='bbox 1770 0 1890 521; x_wconf 95' lang='lat' dir='ltr'><em>      </em></span> 
     </span>
     <span class='ocr_line' id='line_1_2' title="bbox 1770 521 1890 1037; baseline 0 -221"><span class='ocrx_word' id='word_1_2' title='bbox 1770 521 1890 1037; x_wconf 95' lang='lat' dir='ltr'><em>      </em></span> 
     </span>
     <span class='ocr_line' id='line_1_3' title="bbox 1806 1037 1890 1317; baseline 0 -226"><span class='ocrx_word' id='word_1_3' title='bbox 1806 1037 1890 1317; x_wconf 95' lang='lat' dir='ltr'><em>       </em></span> 
     </span>
     <span class='ocr_line' id='line_1_4' title="bbox 1770 1317 1890 1978; baseline 0 -396"><span class='ocrx_word' id='word_1_4' title='bbox 1770 1317 1890 1978; x_wconf 95' lang='lat' dir='ltr'><em>   </em></span> 
     </span>
     <span class='ocr_line' id='line_1_5' title="bbox 1803 1978 1890 2313; baseline 0 -105"><span class='ocrx_word' id='word_1_5' title='bbox 1803 1978 1890 2313; x_wconf 95' lang='lat' dir='ltr'><em>       </em></span> 
     </span>
     <span class='ocr_line' id='line_1_6' title="bbox 1806 2313 1890 2428; baseline 0 0"><span class='ocrx_word' id='word_1_6' title='bbox 1806 2313 1890 2428; x_wconf 95' lang='lat' dir='ltr'><em>  </em></span> 
     </span>
     <span class='ocr_line' id='line_1_7' title="bbox 1770 2428 1890 3190; baseline 0 -467"><span class='ocrx_word' id='word_1_7' title='bbox 1770 2428 1890 3190; x_wconf 95' lang='lat' dir='ltr'><em>    </em></span> 
     </span>
    </p>
   </div>
   <div class='ocr_carea' id='block_1_2' title="bbox 273 223 1208 265">
    <p class='ocr_par' dir='ltr' id='par_1_2' title="bbox 273 223 1208 265">
     <span class='ocr_line' id='line_1_8' title="bbox 273 223 1208 265; baseline 0.001 -7"><span class='ocrx_word' id='word_1_8' title='bbox 273 223 352 265; x_wconf 80' lang='grc'><em>122</em></span> <span class='ocrx_word' id='word_1_9' title='bbox 889 225 1208 259; x_wconf 81' lang='grc' dir='ltr'><strong>ΔΝΤΙΦΑΝΟΤΣ</strong></span> 
     </span>
    </p>
   </div>
   <div class='ocr_carea' id='block_1_3' title="bbox 267 328 1890 549">
    <p class='ocr_par' dir='ltr' id='par_1_3' title="bbox 267 328 1890 549">
     <span class='ocr_line' id='line_1_9' title="bbox 270 328 1890 378; baseline 0.002 -12"><span class='ocrx_word' id='word_1_10' title='bbox 270 328 344 367; x_wconf 90' lang='lat' dir='ltr'><em>hoc</em></span> <span class='ocrx_word' id='word_1_11' title='bbox 375 328 644 378; x_wconf 72' lang='lat' dir='ltr'>fragmentum</span> <span class='ocrx_word' id='word_1_12' title='bbox 676 342 698 366; x_wconf 85' lang='lat' dir='ltr'><strong>a</strong></span> <span class='ocrx_word' id='word_1_13' title='bbox 725 328 878 367; x_wconf 88' lang='lat' dir='ltr'><strong>duobus</strong></span> <span class='ocrx_word' id='word_1_14' title='bbox 908 328 1179 378; x_wconf 84' lang='lat' dir='ltr'><strong>superioribus</strong></span> <span class='ocrx_word' id='word_1_15' title='bbox 1209 329 1290 367; x_wconf 87' lang='lat' dir='ltr'><em>iam</em></span> <span class='ocrx_word' id='word_1_16' title='bbox 1311 329 1509 378; x_wconf 84' lang='lat' dir='ltr'><strong>separavit</strong></span> <span class='ocrx_word' id='word_1_17' title='bbox 1528 329 1702 370; x_wconf 80' lang='lat' dir='ltr'><strong>Grotius.</strong></span> <span class='ocrx_word' id='word_1_18' title='bbox 1739 331 1820 375; x_wconf 57' lang='lat' dir='ltr'><em>trae-</em></span> <span class='ocrx_word' id='word_1_19' title='bbox 1889 331 1890 378; x_wconf 57' lang='grc' dir='ltr'>ξ</span> 
     </span>
     <span class='ocr_line' id='line_1_10' title="bbox 267 383 1819 436; baseline 0.002 -14"><span class='ocrx_word' id='word_1_20' title='bbox 267 385 354 435; x_wconf 87' lang='lat' dir='ltr'><strong>gico</strong></span> <span class='ocrx_word' id='word_1_21' title='bbox 385 385 573 423; x_wconf 75' lang='lat' dir='ltr'><strong>attribuit</strong></span> <span class='ocrx_word' id='word_1_22' title='bbox 601 385 751 424; x_wconf 82' lang='lat' dir='ltr'><strong>Nauck.</strong></span> <span class='ocrx_word' id='word_1_23' title='bbox 784 384 849 422; x_wconf 87' lang='lat' dir='ltr'><em>Tr.</em></span> <span class='ocrx_word' id='word_1_24' title='bbox 880 397 939 435; x_wconf 87' lang='lat' dir='ltr'><em>gr.</em></span> <span class='ocrx_word' id='word_1_25' title='bbox 970 398 1008 434; x_wconf 89' lang='lat' dir='ltr'><em>p.</em></span> <span class='ocrx_word' id='word_1_26' title='bbox 1033 385 1112 423; x_wconf 90' lang='grc'><em>723</em></span> <span class='ocrx_word' id='word_1_27' title='bbox 1147 383 1277 435; x_wconf 87' lang='lat'>(459).</span> <span class='ocrx_word' id='word_1_28' title='bbox 1334 385 1375 423; x_wconf 94' lang='lat' dir='ltr'><strong>in</strong></span> <span class='ocrx_word' id='word_1_29' title='bbox 1412 385 1449 423; x_wconf 93' lang='lat' dir='ltr'>A</span> <span class='ocrx_word' id='word_1_30' title='bbox 1487 398 1693 436; x_wconf 69' lang='lat' dir='ltr'><strong>perperam</strong></span> <span class='ocrx_word' id='word_1_31' title='bbox 1724 399 1764 425; x_wconf 83' lang='lat' dir='ltr'><strong>v.</strong></span> <span class='ocrx_word' id='word_1_32' title='bbox 1794 386 1819 424; x_wconf 78' lang='lat'>2</span> 
     </span>
     <span class='ocr_line' id='line_1_11' title="bbox 267 438 1830 494; baseline 0.003 -17"><span class='ocrx_word' id='word_1_33' title='bbox 267 438 490 490; x_wconf 84' lang='grc' dir='ltr'><em>Φιλήμονος</em></span> <span class='ocrx_word' id='word_1_34' title='bbox 519 441 770 491; x_wconf 85' lang='lat' dir='ltr'><strong>praefigitur,</strong></span> <span class='ocrx_word' id='word_1_35' title='bbox 802 441 914 480; x_wconf 85' lang='lat' dir='ltr'><strong>cuius</strong></span> <span class='ocrx_word' id='word_1_36' title='bbox 944 441 1166 491; x_wconf 84' lang='lat' dir='ltr'><strong>proximum</strong></span> <span class='ocrx_word' id='word_1_37' title='bbox 1197 443 1257 480; x_wconf 87' lang='lat' dir='ltr'><em>est</em></span> <span class='ocrx_word' id='word_1_38' title='bbox 1285 442 1566 491; x_wconf 81' lang='lat' dir='ltr'><strong>fragmentum.</strong></span> <span class='ocrx_word' id='word_1_39' title='bbox 1617 442 1716 480; x_wconf 89' lang='lat' dir='ltr'><strong>nihil</strong></span> <span class='ocrx_word' id='word_1_40' title='bbox 1745 454 1830 494; x_wconf 46' lang='lat' dir='ltr'><strong>ego»</strong></span> 
     </span>
     <span class='ocr_line' id='line_1_12' title="bbox 267 495 1643 549; baseline 0.002 -15"><span class='ocrx_word' id='word_1_41' title='bbox 267 497 383 535; x_wconf 87' lang='lat' dir='ltr'><strong>video</strong></span> <span class='ocrx_word' id='word_1_42' title='bbox 414 509 555 537; x_wconf 85' lang='lat' dir='ltr'><strong>causae</strong></span> <span class='ocrx_word' id='word_1_43' title='bbox 585 510 656 536; x_wconf 87' lang='lat' dir='ltr'><em>cur</em></span> <span class='ocrx_word' id='word_1_44' title='bbox 685 497 906 547; x_wconf 83' lang='lat' dir='ltr'><strong>Antiphani</strong></span> <span class='ocrx_word' id='word_1_45' title='bbox 936 497 1198 537; x_wconf 86' lang='lat' dir='ltr'><strong>abiudicetur.</strong></span> <span class='ocrx_word' id='word_1_46' title='bbox 1258 495 1486 549; x_wconf 81' lang='grc' dir='ltr'><em>νικητήριον</em></span> <span class='ocrx_word' id='word_1_47' title='bbox 1516 498 1583 546; x_wconf 89' lang='lat'><em>55,</em></span> <span class='ocrx_word' id='word_1_48' title='bbox 1605 499 1643 537; x_wconf 88' lang='lat'><em>3.</em></span> 
     </span>
    </p>
   </div>
   <div class='ocr_carea' id='block_1_4' title="bbox 471 606 1608 808">
    <p class='ocr_par' dir='ltr' id='par_1_4' title="bbox 471 606 1608 808">
     <span class='ocr_line' id='line_1_13' title="bbox 1000 606 1084 649; baseline 0 -1"><span class='ocrx_word' id='word_1_49' title='bbox 1000 606 1084 649; x_wconf 85' lang='lat'><em>264</em></span> 
     </span>
     <span class='ocr_line' id='line_1_14' title="bbox 471 682 1466 741; baseline 0 -14"><span class='ocrx_word' id='word_1_50' title='bbox 471 684 529 741; x_wconf 81' lang='grc' dir='ltr'><em>μὴ</em></span> <span class='ocrx_word' id='word_1_51' title='bbox 562 684 756 741; x_wconf 82' lang='grc' dir='ltr'><em>ὄμμασιν</em></span> <span class='ocrx_word' id='word_1_52' title='bbox 787 682 837 727; x_wconf 83' lang='grc' dir='ltr'><em>τὸ</em></span> <span class='ocrx_word' id='word_1_53' title='bbox 867 687 994 740; x_wconf 73' lang='grc' dir='ltr'><em>σῶμα</em></span> <span class='ocrx_word' id='word_1_54' title='bbox 1025 686 1308 740; x_wconf 78' lang='grc' dir='ltr'><em>λαμπρύνειν</em></span> <span class='ocrx_word' id='word_1_55' title='bbox 1337 685 1466 740; x_wconf 82' lang='grc' dir='ltr'><em>θέλε,</em></span> 
     </span>
     <span class='ocr_line' id='line_1_15' title="bbox 471 753 1608 808; baseline 0.001 -13"><span class='ocrx_word' id='word_1_56' title='bbox 471 754 617 808; x_wconf 80' lang='grc' dir='ltr'><em>ἔργοις</em></span> <span class='ocrx_word' id='word_1_57' title='bbox 648 753 697 795; x_wconf 81' lang='grc' dir='ltr'><em>δὲ</em></span> <span class='ocrx_word' id='word_1_58' title='bbox 727 756 946 807; x_wconf 81' lang='grc' dir='ltr'><em>καθαροῖς</em></span> <span class='ocrx_word' id='word_1_59' title='bbox 977 753 1052 794; x_wconf 81' lang='grc' dir='ltr'><em>καὶ</em></span> <span class='ocrx_word' id='word_1_60' title='bbox 1081 753 1262 807; x_wconf 86' lang='grc' dir='ltr'><em>τρόποις</em></span> <span class='ocrx_word' id='word_1_61' title='bbox 1292 753 1374 808; x_wconf 76' lang='grc' dir='ltr'><em>τὴν</em></span> <span class='ocrx_word' id='word_1_62' title='bbox 1405 755 1608 807; x_wconf 83' lang='grc' dir='ltr'><em>καρδίαν.</em></span> 
     </span>
    </p>
   </div>
   <div class='ocr_carea' id='block_1_5' title="bbox 267 841 1835 1181">
    <p class='ocr_par' dir='ltr' id='par_1_5' title="bbox 267 841 1835 1181">
     <span class='ocr_line' id='line_1_16' title="bbox 384 841 1824 900; baseline 0.001 -14"><span class='ocrx_word' id='word_1_63' title='bbox 384 848 578 887; x_wconf 83' lang='lat' dir='ltr'><strong>Stobaeus</strong></span> <span class='ocrx_word' id='word_1_64' title='bbox 618 847 756 886; x_wconf 83' lang='lat' dir='ltr'><strong>Floril.</strong></span> <span class='ocrx_word' id='word_1_65' title='bbox 790 847 863 896; x_wconf 87' lang='lat'><em>74,</em></span> <span class='ocrx_word' id='word_1_66' title='bbox 893 849 918 886; x_wconf 91' lang='lat'><strong>3</strong></span> <span class='ocrx_word' id='word_1_67' title='bbox 960 841 1224 896; x_wconf 76' lang='grc' dir='ltr'><em>Ἀντιφάνους</em></span> <span class='ocrx_word' id='word_1_68' title='bbox 1263 847 1312 888; x_wconf 87' lang='lat' dir='ltr'><em>A.</em></span> <span class='ocrx_word' id='word_1_69' title='bbox 1385 843 1575 900; x_wconf 83' lang='grc' dir='ltr'><em>ὄμμασιν]</em></span> <span class='ocrx_word' id='word_1_70' title='bbox 1622 845 1824 899; x_wconf 81' lang='grc' dir='ltr'><em>χρώμασιν</em></span> 
     </span>
     <span class='ocr_line' id='line_1_17' title="bbox 270 902 1820 955; baseline 0.001 -12"><span class='ocrx_word' id='word_1_71' title='bbox 270 904 431 944; x_wconf 86' lang='lat' dir='ltr'><strong>Gesner.</strong></span> <span class='ocrx_word' id='word_1_72' title='bbox 464 903 576 943; x_wconf 84' lang='lat' dir='ltr'><strong>Grot.</strong></span> <span class='ocrx_word' id='word_1_73' title='bbox 608 902 814 955; x_wconf 78' lang='grc' dir='ltr'><em>ῥύμμασιν</em></span> <span class='ocrx_word' id='word_1_74' title='bbox 841 903 991 942; x_wconf 84' lang='lat' dir='ltr'><strong>Iacobs.</strong></span> <span class='ocrx_word' id='word_1_75' title='bbox 1023 903 1163 942; x_wconf 84' lang='lat' dir='ltr'><strong>Addit.</strong></span> <span class='ocrx_word' id='word_1_76' title='bbox 1193 903 1339 942; x_wconf 89' lang='lat' dir='ltr'><strong>Athen.</strong></span> <span class='ocrx_word' id='word_1_77' title='bbox 1373 904 1467 951; x_wconf 88' lang='grc'><strong>348,</strong></span> <span class='ocrx_word' id='word_1_78' title='bbox 1498 903 1540 942; x_wconf 91' lang='lat' dir='ltr'><strong>in</strong></span> <span class='ocrx_word' id='word_1_79' title='bbox 1568 904 1678 943; x_wconf 74' lang='lat' dir='ltr'><strong>Lect-</strong></span> <span class='ocrx_word' id='word_1_80' title='bbox 1710 904 1820 944; x_wconf 76' lang='lat' dir='ltr'><strong>Stob-</strong></span> 
     </span>
     <span class='ocr_line' id='line_1_18' title="bbox 269 959 1822 1011; baseline 0 -11"><span class='ocrx_word' id='word_1_81' title='bbox 269 965 401 1000; x_wconf 76' lang='lat' dir='ltr'><strong>tamen</strong></span> <span class='ocrx_word' id='word_1_82' title='bbox 431 974 468 1011; x_wconf 90' lang='lat' dir='ltr'><em>p.</em></span> <span class='ocrx_word' id='word_1_83' title='bbox 493 962 574 999; x_wconf 84' lang='lat'><em>115</em></span> <span class='ocrx_word' id='word_1_84' title='bbox 607 959 780 999; x_wconf 86' lang='lat' dir='ltr'><strong>Gesnero</strong></span> <span class='ocrx_word' id='word_1_85' title='bbox 809 960 1048 999; x_wconf 84' lang='lat' dir='ltr'><strong>adsentiens.</strong></span> <span class='ocrx_word' id='word_1_86' title='bbox 1098 972 1179 998; x_wconf 92' lang='lat' dir='ltr'><em>non</em></span> <span class='ocrx_word' id='word_1_87' title='bbox 1208 960 1257 998; x_wconf 84' lang='lat' dir='ltr'><em>ab</em></span> <span class='ocrx_word' id='word_1_88' title='bbox 1277 959 1528 1010; x_wconf 85' lang='lat' dir='ltr'><strong>Antiphane,</strong></span> <span class='ocrx_word' id='word_1_89' title='bbox 1560 960 1628 999; x_wconf 87' lang='lat' dir='ltr'><strong>sed</strong></span> <span class='ocrx_word' id='word_1_90' title='bbox 1657 973 1681 999; x_wconf 76' lang='lat' dir='ltr'><strong>a</strong></span> <span class='ocrx_word' id='word_1_91' title='bbox 1709 960 1822 1000; x_wconf 82' lang='lat' dir='ltr'><strong>Chri-</strong></span> 
     </span>
     <span class='ocr_line' id='line_1_19' title="bbox 272 1016 1824 1066; baseline 0 -10"><span class='ocrx_word' id='word_1_92' title='bbox 272 1019 400 1057; x_wconf 86' lang='lat' dir='ltr'><strong>stiano</strong></span> <span class='ocrx_word' id='word_1_93' title='bbox 431 1017 590 1056; x_wconf 90' lang='lat' dir='ltr'><strong>homine</strong></span> <span class='ocrx_word' id='word_1_94' title='bbox 612 1016 810 1056; x_wconf 86' lang='lat' dir='ltr'><strong>confectos</strong></span> <span class='ocrx_word' id='word_1_95' title='bbox 841 1029 925 1055; x_wconf 85' lang='lat' dir='ltr'><strong>esse</strong></span> <span class='ocrx_word' id='word_1_96' title='bbox 954 1016 1026 1055; x_wconf 88' lang='lat' dir='ltr'><em>hos</em></span> <span class='ocrx_word' id='word_1_97' title='bbox 1046 1028 1182 1056; x_wconf 86' lang='lat' dir='ltr'><strong>versus</strong></span> <span class='ocrx_word' id='word_1_98' title='bbox 1214 1016 1375 1065; x_wconf 78' lang='lat' dir='ltr'><strong>‘quovis</strong></span> <span class='ocrx_word' id='word_1_99' title='bbox 1395 1016 1585 1066; x_wconf 87' lang='lat' dir='ltr'><strong>pignore&#39;</strong></span> <span class='ocrx_word' id='word_1_100' title='bbox 1615 1017 1824 1056; x_wconf 81' lang='lat' dir='ltr'><strong>contendit</strong></span> 
     </span>
     <span class='ocr_line' id='line_1_20' title="bbox 270 1070 1823 1123; baseline 0.001 -10"><span class='ocrx_word' id='word_1_101' title='bbox 270 1074 563 1113; x_wconf 87' lang='lat' dir='ltr'><strong>Herwerdenus</strong></span> <span class='ocrx_word' id='word_1_102' title='bbox 602 1073 697 1113; x_wconf 87' lang='lat' dir='ltr'><strong>Obs.</strong></span> <span class='ocrx_word' id='word_1_103' title='bbox 738 1073 824 1114; x_wconf 85' lang='lat' dir='ltr'><strong>crit.</strong></span> <span class='ocrx_word' id='word_1_104' title='bbox 863 1070 932 1112; x_wconf 85' lang='lat'><em>54.</em></span> <span class='ocrx_word' id='word_1_105' title='bbox 997 1073 1103 1123; x_wconf 88' lang='lat' dir='ltr'><strong>quod</strong></span> <span class='ocrx_word' id='word_1_106' title='bbox 1144 1085 1382 1122; x_wconf 80' lang='lat' dir='ltr'><strong>quamquam</strong></span> <span class='ocrx_word' id='word_1_107' title='bbox 1420 1073 1563 1122; x_wconf 84' lang='lat' dir='ltr'><strong>probat</strong></span> <span class='ocrx_word' id='word_1_108' title='bbox 1599 1073 1823 1114; x_wconf 77' lang='lat' dir='ltr'><strong>Meinekius</strong></span> 
     </span>
     <span class='ocr_line' id='line_1_21' title="bbox 267 1128 1835 1181; baseline -0.001 -12"><span class='ocrx_word' id='word_1_109' title='bbox 267 1131 394 1181; x_wconf 81' lang='lat' dir='ltr'><strong>praef.</strong></span> <span class='ocrx_word' id='word_1_110' title='bbox 426 1129 536 1170; x_wconf 83' lang='lat' dir='ltr'><strong>Stob.</strong></span> <span class='ocrx_word' id='word_1_111' title='bbox 567 1142 665 1180; x_wconf 85' lang='lat' dir='ltr'>x111,</span> <span class='ocrx_word' id='word_1_112' title='bbox 704 1142 779 1180; x_wconf 88' lang='lat' dir='ltr'><strong>ego</strong></span> <span class='ocrx_word' id='word_1_113' title='bbox 815 1129 972 1179; x_wconf 86' lang='lat' dir='ltr'><strong>quidem</strong></span> <span class='ocrx_word' id='word_1_114' title='bbox 1003 1142 1084 1168; x_wconf 91' lang='lat' dir='ltr'><em>non</em></span> <span class='ocrx_word' id='word_1_115' title='bbox 1104 1129 1238 1179; x_wconf 83' lang='lat' dir='ltr'><strong>credo,</strong></span> <span class='ocrx_word' id='word_1_116' title='bbox 1269 1128 1369 1167; x_wconf 91' lang='lat' dir='ltr'><strong>nihil</strong></span> <span class='ocrx_word' id='word_1_117' title='bbox 1398 1128 1461 1168; x_wconf 90' lang='lat' dir='ltr'><em>hic</em></span> <span class='ocrx_word' id='word_1_118' title='bbox 1490 1129 1693 1179; x_wconf 81' lang='lat' dir='ltr'><strong>reperiens</strong></span> <span class='ocrx_word' id='word_1_119' title='bbox 1713 1129 1835 1179; x_wconf 51' lang='lat' dir='ltr'><em>quod¹</em></span> 
     </span>
    </p>
   </div>
   <div class='ocr_carea' id='block_1_6' title="bbox 267 1183 1831 1351">
    <p class='ocr_par' dir='ltr' id='par_1_6' title="bbox 267 1183 1831 1350">
     <span class='ocr_line' id='line_1_22' title="bbox 267 1183 1831 1240; baseline -0.001 -14"><span class='ocrx_word' id='word_1_120' title='bbox 267 1200 347 1226; x_wconf 90' lang='lat' dir='ltr'><em>non</em></span> <span class='ocrx_word' id='word_1_121' title='bbox 378 1187 500 1226; x_wconf 82' lang='lat' dir='ltr'><strong>etiam</strong></span> <span class='ocrx_word' id='word_1_122' title='bbox 530 1199 553 1225; x_wconf 83' lang='lat' dir='ltr'>a</span> <span class='ocrx_word' id='word_1_123' title='bbox 583 1186 747 1236; x_wconf 87' lang='lat' dir='ltr'><strong>quovis</strong></span> <span class='ocrx_word' id='word_1_124' title='bbox 776 1185 955 1236; x_wconf 85' lang='lat' dir='ltr'><strong>pagano&#39;</strong></span> <span class='ocrx_word' id='word_1_125' title='bbox 986 1186 1179 1235; x_wconf 84' lang='lat' dir='ltr'><strong>scriptum</strong></span> <span class='ocrx_word' id='word_1_126' title='bbox 1201 1198 1285 1225; x_wconf 86' lang='lat' dir='ltr'><strong>esse</strong></span> <span class='ocrx_word' id='word_1_127' title='bbox 1305 1186 1445 1235; x_wconf 87' lang='lat' dir='ltr'><strong>possit.</strong></span> <span class='ocrx_word' id='word_1_128' title='bbox 1494 1183 1669 1235; x_wconf 90' lang='grc' dir='ltr'><em>όμμασιν</em></span> <span class='ocrx_word' id='word_1_129' title='bbox 1687 1187 1831 1240; x_wconf 58' lang='grc' dir='ltr'><em>ὺιιιιιθιιι</em></span> 
     </span>
     <span class='ocr_line' id='line_1_23' title="bbox 271 1241 1830 1292; baseline 0 -10"><span class='ocrx_word' id='word_1_130' title='bbox 271 1243 507 1282; x_wconf 84' lang='lat' dir='ltr'><strong>mutandum</strong></span> <span class='ocrx_word' id='word_1_131' title='bbox 547 1244 609 1282; x_wconf 85' lang='lat' dir='ltr'><em>est</em></span> <span class='ocrx_word' id='word_1_132' title='bbox 646 1243 687 1281; x_wconf 89' lang='lat' dir='ltr'><strong>in</strong></span> <span class='ocrx_word' id='word_1_133' title='bbox 725 1241 997 1292; x_wconf 85' lang='grc' dir='ltr'><em>βάμμασιν.</em></span> <span class='ocrx_word' id='word_1_134' title='bbox 1063 1242 1190 1280; x_wconf 83' lang='lat' dir='ltr'><strong>Arist.</strong></span> <span class='ocrx_word' id='word_1_135' title='bbox 1223 1242 1319 1282; x_wconf 87' lang='lat' dir='ltr'><strong>Ach.</strong></span> <span class='ocrx_word' id='word_1_136' title='bbox 1355 1243 1448 1280; x_wconf 82' lang='lat'><strong>112.</strong></span> <span class='ocrx_word' id='word_1_137' title='bbox 1501 1242 1593 1281; x_wconf 84' lang='lat' dir='ltr'><strong>Pac.</strong></span> <span class='ocrx_word' id='word_1_138' title='bbox 1626 1242 1750 1281; x_wconf 90' lang='grc'><strong>1174.</strong></span> <span class='ocrx_word' id='word_1_139' title='bbox 1781 1243 1821 1282; x_wconf 99' lang='lat'>6</span> <span class='ocrx_word' id='word_1_140' title='bbox 1828 1287 1830 1289; x_wconf 66' lang='lat'>‚</span> 
     </span>
     <span class='ocr_line' id='line_1_24' title="bbox 267 1300 751 1351; baseline -0.002 -13"><span class='ocrx_word' id='word_1_141' title='bbox 267 1300 370 1341; x_wconf 85' lang='lat' dir='ltr'><strong>Plat.</strong></span> <span class='ocrx_word' id='word_1_142' title='bbox 400 1300 497 1350; x_wconf 86' lang='lat' dir='ltr'><strong>Leg.</strong></span> <span class='ocrx_word' id='word_1_143' title='bbox 531 1300 598 1351; x_wconf 84' lang='lat'><em>12,</em></span> <span class='ocrx_word' id='word_1_144' title='bbox 620 1300 701 1338; x_wconf 85' lang='lat'><em>956</em></span> <span class='ocrx_word' id='word_1_145' title='bbox 718 1312 751 1338; x_wconf 87' lang='lat' dir='ltr'><strong>a.</strong></span> 
     </span>
    </p>
   </div>
   <div class='ocr_carea' id='block_1_7' title="bbox 472 1362 1505 1565">
    <p class='ocr_par' dir='ltr' id='par_1_7' title="bbox 472 1362 1505 1565">
     <span class='ocr_line' id='line_1_25' title="bbox 1010 1362 1094 1405; baseline 0.024 -2"><span class='ocrx_word' id='word_1_146' title='bbox 1010 1362 1094 1405; x_wconf 85' lang='grc'><em>265</em></span> 
     </span>
     <span class='ocr_line' id='line_1_26' title="bbox 472 1438 1442 1497; baseline -0.001 -13"><span class='ocrx_word' id='word_1_147' title='bbox 472 1440 620 1497; x_wconf 75' lang='grc' dir='ltr'><em>δούλῳ</em></span> <span class='ocrx_word' id='word_1_148' title='bbox 649 1439 735 1496; x_wconf 74' lang='grc' dir='ltr'><em>γάρ</em></span> <span class='ocrx_word' id='word_1_149' title='bbox 766 1438 888 1497; x_wconf 86' lang='grc' dir='ltr'><em>οἶμαι</em></span> <span class='ocrx_word' id='word_1_150' title='bbox 917 1441 1131 1496; x_wconf 75' lang='grc' dir='ltr'><em>πατρίδος</em></span> <span class='ocrx_word' id='word_1_151' title='bbox 1162 1440 1442 1497; x_wconf 82' lang='grc' dir='ltr'><em>ἐστερημένῳ</em></span> 
     </span>
     <span class='ocr_line' id='line_1_27' title="bbox 478 1508 1505 1565; baseline -0.001 -13"><span class='ocrx_word' id='word_1_152' title='bbox 478 1508 667 1565; x_wconf 83' lang='grc' dir='ltr'><em>χρηστὸς</em></span> <span class='ocrx_word' id='word_1_153' title='bbox 695 1508 935 1565; x_wconf 81' lang='grc' dir='ltr'><em>γενόμενός</em></span> <span class='ocrx_word' id='word_1_154' title='bbox 966 1508 1060 1552; x_wconf 86' lang='grc' dir='ltr'><em>ἐστι</em></span> <span class='ocrx_word' id='word_1_155' title='bbox 1090 1508 1308 1564; x_wconf 82' lang='grc' dir='ltr'><em>δεσπότης</em></span> <span class='ocrx_word' id='word_1_156' title='bbox 1336 1511 1505 1565; x_wconf 87' lang='grc' dir='ltr'><em>πατρίς.</em></span> 
     </span>
    </p>
   </div>
   <div class='ocr_carea' id='block_1_8' title="bbox 270 1587 1832 1711">
    <p class='ocr_par' dir='ltr' id='par_1_8' title="bbox 270 1587 1832 1711">
     <span class='ocr_line' id='line_1_28' title="bbox 381 1587 1832 1658; baseline -0.001 -15"><span class='ocrx_word' id='word_1_157' title='bbox 381 1604 574 1643; x_wconf 78' lang='lat' dir='ltr'><strong>Stobaeus</strong></span> <span class='ocrx_word' id='word_1_158' title='bbox 595 1604 732 1645; x_wconf 85' lang='lat' dir='ltr'><strong>Floril.</strong></span> <span class='ocrx_word' id='word_1_159' title='bbox 756 1605 821 1652; x_wconf 88' lang='grc'><em>62,</em></span> <span class='ocrx_word' id='word_1_160' title='bbox 845 1605 869 1642; x_wconf 90' lang='grc'><strong>9</strong></span> <span class='ocrx_word' id='word_1_161' title='bbox 898 1599 1158 1651; x_wconf 79' lang='grc' dir='ltr'><em>Ἀντιφάνους</em></span> <span class='ocrx_word' id='word_1_162' title='bbox 1178 1603 1227 1641; x_wconf 92' lang='lat' dir='ltr'><em>A.</em></span> <span class='ocrx_word' id='word_1_163' title='bbox 1269 1615 1346 1642; x_wconf 89' lang='lat' dir='ltr'><em>om.</em></span> <span class='ocrx_word' id='word_1_164' title='bbox 1370 1603 1501 1642; x_wconf 81' lang='lat' dir='ltr'><strong>Trinc.</strong></span> <span class='ocrx_word' id='word_1_165' title='bbox 1613 1605 1650 1642; x_wconf 92' lang='lat'><strong>1.</strong></span> <span class='ocrx_word' id='word_1_166' title='bbox 1671 1587 1832 1658; x_wconf 68' lang='grc' dir='ltr'><em>δούλῳΪ</em></span> 
     </span>
     <span class='ocr_line' id='line_1_29' title="bbox 270 1654 1714 1711; baseline 0 -12"><span class='ocrx_word' id='word_1_167' title='bbox 270 1660 412 1707; x_wconf 81' lang='grc' dir='ltr'><em>δοῦλος</em></span> <span class='ocrx_word' id='word_1_168' title='bbox 443 1661 535 1700; x_wconf 93' lang='grc' dir='ltr'><strong>ΑΒ.</strong></span> <span class='ocrx_word' id='word_1_169' title='bbox 625 1662 662 1699; x_wconf 91' lang='grc'><em>2.</em></span> <span class='ocrx_word' id='word_1_170' title='bbox 694 1658 888 1710; x_wconf 82' lang='grc' dir='ltr'><em>δεσπότης</em></span> <span class='ocrx_word' id='word_1_171' title='bbox 918 1657 1077 1711; x_wconf 85' lang='grc' dir='ltr'><em>πατρίς]</em></span> <span class='ocrx_word' id='word_1_172' title='bbox 1110 1654 1151 1697; x_wconf 87' lang='grc' dir='ltr'><em>δ’</em></span> <span class='ocrx_word' id='word_1_173' title='bbox 1184 1656 1278 1706; x_wconf 72' lang='grc' dir='ltr'><em>ἔπος</em></span> <span class='ocrx_word' id='word_1_174' title='bbox 1309 1664 1377 1711; x_wconf 84' lang='grc' dir='ltr'><em>τῆς</em></span> <span class='ocrx_word' id='word_1_175' title='bbox 1406 1658 1594 1711; x_wconf 83' lang='grc' dir='ltr'><em>πατρίδος</em></span> <span class='ocrx_word' id='word_1_176' title='bbox 1622 1659 1714 1699; x_wconf 85' lang='grc' dir='ltr'><strong>ΑΒ.</strong></span> 
     </span>
    </p>
   </div>
   <div class='ocr_carea' id='block_1_9' title="bbox 471 1769 1645 1971">
    <p class='ocr_par' dir='ltr' id='par_1_9' title="bbox 471 1769 1645 1971">
     <span class='ocr_line' id='line_1_30' title="bbox 1006 1769 1091 1811; baseline 0 0"><span class='ocrx_word' id='word_1_177' title='bbox 1006 1769 1091 1811; x_wconf 89' lang='grc'><em>266</em></span> 
     </span>
     <span class='ocr_line' id='line_1_31' title="bbox 471 1839 1645 1906; baseline -0.001 -15"><span class='ocrx_word' id='word_1_178' title='bbox 471 1850 536 1898; x_wconf 87' lang='grc' dir='ltr'><em>τίς</em></span> <span class='ocrx_word' id='word_1_179' title='bbox 566 1845 606 1890; x_wconf 89' lang='grc' dir='ltr'><em>δ’</em></span> <span class='ocrx_word' id='word_1_180' title='bbox 642 1847 739 1903; x_wconf 86' lang='grc' dir='ltr'><em>οὐχὶ</em></span> <span class='ocrx_word' id='word_1_181' title='bbox 770 1847 974 1892; x_wconf 84' lang='grc' dir='ltr'><em>θανάτου</em></span> <span class='ocrx_word' id='word_1_182' title='bbox 1003 1846 1308 1903; x_wconf 82' lang='grc' dir='ltr'><em>μισθοφόρος,</em></span> <span class='ocrx_word' id='word_1_183' title='bbox 1340 1839 1374 1890; x_wconf 73' lang='grc' dir='ltr'><em>ὦ</em></span> <span class='ocrx_word' id='word_1_184' title='bbox 1405 1847 1645 1906; x_wconf 52' lang='grc' dir='ltr'><em>φιλτάτη,</em></span> 
     </span>
     <span class='ocr_line' id='line_1_32' title="bbox 472 1913 1500 1971; baseline 0 -14"><span class='ocrx_word' id='word_1_185' title='bbox 472 1913 520 1966; x_wconf 84' lang='grc' dir='ltr'><em>ὃς</em></span> <span class='ocrx_word' id='word_1_186' title='bbox 549 1915 682 1959; x_wconf 77' lang='grc' dir='ltr'><em>ἕνεκα</em></span> <span class='ocrx_word' id='word_1_187' title='bbox 711 1918 794 1959; x_wconf 86' lang='grc' dir='ltr'><em>τοῦ</em></span> <span class='ocrx_word' id='word_1_188' title='bbox 824 1918 902 1971; x_wconf 81' lang='grc' dir='ltr'><em>ζῆν</em></span> <span class='ocrx_word' id='word_1_189' title='bbox 932 1914 1074 1971; x_wconf 78' lang='grc' dir='ltr'><em>ἕρχετ’</em></span> <span class='ocrx_word' id='word_1_190' title='bbox 1107 1914 1500 1971; x_wconf 82' lang='grc' dir='ltr'><em>ἀποθανούμενος;</em></span> 
     </span>
    </p>
   </div>
   <div class='ocr_carea' id='block_1_10' title="bbox 267 2004 1824 2458">
    <p class='ocr_par' dir='ltr' id='par_1_10' title="bbox 267 2004 1823 2458">
     <span class='ocr_line' id='line_1_33' title="bbox 383 2004 1821 2063; baseline 0 -14"><span class='ocrx_word' id='word_1_191' title='bbox 383 2011 576 2051; x_wconf 82' lang='lat' dir='ltr'><strong>Stobaeus</strong></span> <span class='ocrx_word' id='word_1_192' title='bbox 605 2012 743 2051; x_wconf 83' lang='lat' dir='ltr'><strong>Floril.</strong></span> <span class='ocrx_word' id='word_1_193' title='bbox 775 2011 848 2060; x_wconf 90' lang='lat'><em>53,</em></span> <span class='ocrx_word' id='word_1_194' title='bbox 879 2012 902 2049; x_wconf 88' lang='lat'>9</span> <span class='ocrx_word' id='word_1_195' title='bbox 940 2004 1201 2059; x_wconf 83' lang='grc' dir='ltr'><em>Ἀντιφάνους</em></span> <span class='ocrx_word' id='word_1_196' title='bbox 1230 2010 1281 2048; x_wconf 93' lang='lat' dir='ltr'><em>A.</em></span> <span class='ocrx_word' id='word_1_197' title='bbox 1335 2012 1371 2049; x_wconf 94' lang='lat'><strong>1.</strong></span> <span class='ocrx_word' id='word_1_198' title='bbox 1411 2005 1657 2061; x_wconf 82' lang='grc' dir='ltr'><em>μισθοφόρος</em></span> <span class='ocrx_word' id='word_1_199' title='bbox 1687 2006 1821 2063; x_wconf 87' lang='lat' dir='ltr'><strong>Grot.]</strong></span> 
     </span>
     <span class='ocr_line' id='line_1_34' title="bbox 268 2061 1823 2137; baseline 0.001 -33"><span class='ocrx_word' id='word_1_200' title='bbox 268 2065 534 2137; x_wconf 86' lang='grc' dir='ltr'><em>μισθοφόρων</em></span> <span class='ocrx_word' id='word_1_201' title='bbox 553 2069 587 2106; x_wconf 92' lang='grc' dir='ltr'><strong>Α</strong></span> <span class='ocrx_word' id='word_1_202' title='bbox 610 2068 723 2106; x_wconf 84' lang='lat' dir='ltr'><strong>Voss.</strong></span> <span class='ocrx_word' id='word_1_203' title='bbox 785 2065 823 2105; x_wconf 90' lang='grc' dir='ltr'><em>τί</em></span> <span class='ocrx_word' id='word_1_204' title='bbox 840 2062 900 2105; x_wconf 85' lang='grc' dir='ltr'><em>δ’·</em></span> <span class='ocrx_word' id='word_1_205' title='bbox 892 2061 1021 2117; x_wconf 82' lang='grc' dir='ltr'><em>,οὐχὶ</em></span> <span class='ocrx_word' id='word_1_206' title='bbox 1049 2061 1213 2119; x_wconf 78' lang='grc' dir='ltr'><em>θανάτῳ</em></span> <span class='ocrx_word' id='word_1_207' title='bbox 1241 2068 1504 2118; x_wconf 80' lang='grc' dir='ltr'><em>μισθοφορῶν</em></span> <span class='ocrx_word' id='word_1_208' title='bbox 1531 2063 1729 2115; x_wconf 85' lang='grc' dir='ltr'><em>ὀφείλεται</em></span> <span class='ocrx_word' id='word_1_209' title='bbox 1757 2066 1823 2106; x_wconf 87' lang='lat' dir='ltr'><strong>vel</strong></span> 
     </span>
     <span class='ocr_line' id='line_1_35' title="bbox 273 2105 1807 2174; baseline 0.001 -13"><span class='ocrx_word' id='word_1_210' title='bbox 273 2122 329 2170; x_wconf 84' lang='grc' dir='ltr'><em>τίς</em></span> <span class='ocrx_word' id='word_1_211' title='bbox 352 2119 394 2161; x_wconf 88' lang='grc' dir='ltr'><em>δ’</em></span> <span class='ocrx_word' id='word_1_212' title='bbox 427 2118 516 2173; x_wconf 77' lang='grc' dir='ltr'><em>οὐχὶ</em></span> <span class='ocrx_word' id='word_1_213' title='bbox 545 2121 730 2162; x_wconf 83' lang='grc' dir='ltr'><em>θανάτου</em></span> <span class='ocrx_word' id='word_1_214' title='bbox 749 2125 1010 2174; x_wconf 82' lang='grc' dir='ltr'><em>μισθοφορῶν</em></span> <span class='ocrx_word' id='word_1_215' title='bbox 1040 2105 1239 2172; x_wconf 71' lang='grc' dir='ltr'><em>ὀφειλέτης</em></span> <span class='ocrx_word' id='word_1_216' title='bbox 1259 2122 1408 2162; x_wconf 85' lang='lat' dir='ltr'><strong>Iacobs.</strong></span> <span class='ocrx_word' id='word_1_217' title='bbox 1430 2124 1538 2162; x_wconf 88' lang='lat' dir='ltr'><strong>Lect.</strong></span> <span class='ocrx_word' id='word_1_218' title='bbox 1560 2122 1672 2162; x_wconf 78' lang='lat' dir='ltr'><strong>Stob.</strong></span> <span class='ocrx_word' id='word_1_219' title='bbox 1694 2123 1760 2162; x_wconf 89' lang='grc'><strong>97.</strong></span> <span class='ocrx_word' id='word_1_220' title='bbox 1781 2123 1807 2162; x_wconf 91' lang='grc'>8</span> 
     </span>
     <span class='ocr_line' id='line_1_36' title="bbox 272 2173 1820 2230; baseline -0.002 -11"><span class='ocrx_word' id='word_1_221' title='bbox 272 2180 374 2219; x_wconf 84' lang='lat' dir='ltr'><strong>conl.</strong></span> <span class='ocrx_word' id='word_1_222' title='bbox 413 2181 553 2219; x_wconf 81' lang='lat' dir='ltr'><strong>Horat.</strong></span> <span class='ocrx_word' id='word_1_223' title='bbox 588 2181 662 2230; x_wconf 83' lang='lat' dir='ltr'><strong>Ep.</strong></span> <span class='ocrx_word' id='word_1_224' title='bbox 689 2174 783 2219; x_wconf 66' lang='lat' dir='ltr'><em>Pis.</em></span> <span class='ocrx_word' id='word_1_225' title='bbox 827 2181 878 2218; x_wconf 90' lang='lat'><em>63</em></span> <span class='ocrx_word' id='word_1_226' title='bbox 917 2181 1097 2219; x_wconf 82' lang='lat' dir='ltr'><em>debemur</em></span> <span class='ocrx_word' id='word_1_227' title='bbox 1141 2180 1256 2218; x_wconf 77' lang='lat' dir='ltr'><strong>morti</strong></span> <span class='ocrx_word' id='word_1_228' title='bbox 1291 2191 1363 2219; x_wconf 69' lang='lat' dir='ltr'><strong>‘nos</strong></span> <span class='ocrx_word' id='word_1_229' title='bbox 1398 2183 1618 2229; x_wconf 72' lang='lat' dir='ltr'><strong>nostraque.</strong></span> <span class='ocrx_word' id='word_1_230' title='bbox 1684 2179 1744 2225; x_wconf 85' lang='grc' dir='ltr'><em>τίς</em></span> <span class='ocrx_word' id='word_1_231' title='bbox 1780 2173 1820 2215; x_wconf 82' lang='grc' dir='ltr'><em>δ’</em></span> 
     </span>
     <span class='ocr_line' id='line_1_37' title="bbox 269 2229 1819 2290; baseline 0.001 -15"><span class='ocrx_word' id='word_1_232' title='bbox 269 2233 357 2286; x_wconf 81' lang='grc' dir='ltr'><em>οὐχὶ</em></span> <span class='ocrx_word' id='word_1_233' title='bbox 386 2238 548 2290; x_wconf 86' lang='grc' dir='ltr'><em>θανατα</em></span> <span class='ocrx_word' id='word_1_234' title='bbox 577 2232 843 2287; x_wconf 82' lang='grc' dir='ltr'><em>μισθοφόρος,</em></span> <span class='ocrx_word' id='word_1_235' title='bbox 875 2229 908 2274; x_wconf 86' lang='grc' dir='ltr'><strong><em>ὠ</em></strong></span> <span class='ocrx_word' id='word_1_236' title='bbox 938 2231 1103 2286; x_wconf 86' lang='grc' dir='ltr'><em>φιλτάτη</em></span> <span class='ocrx_word' id='word_1_237' title='bbox 1143 2234 1282 2274; x_wconf 88' lang='lat' dir='ltr'><strong>Cobet.</strong></span> <span class='ocrx_word' id='word_1_238' title='bbox 1312 2236 1363 2274; x_wconf 89' lang='lat' dir='ltr'><strong>N.</strong></span> <span class='ocrx_word' id='word_1_239' title='bbox 1395 2236 1421 2274; x_wconf 93' lang='lat' dir='ltr'><strong>l.</strong></span> <span class='ocrx_word' id='word_1_240' title='bbox 1455 2237 1535 2275; x_wconf 87' lang='lat'><em>135</em></span> <span class='ocrx_word' id='word_1_241' title='bbox 1575 2235 1675 2275; x_wconf 89' lang='lat' dir='ltr'><strong>conl.</strong></span> <span class='ocrx_word' id='word_1_242' title='bbox 1713 2235 1819 2284; x_wconf 77' lang='lat' dir='ltr'><strong>Plat.</strong></span> 
     </span>
     <span class='ocr_line' id='line_1_38' title="bbox 267 2291 1824 2355; baseline -0.001 -24"><span class='ocrx_word' id='word_1_243' title='bbox 267 2293 413 2332; x_wconf 87' lang='lat' dir='ltr'><strong>Phaed.</strong></span> <span class='ocrx_word' id='word_1_244' title='bbox 456 2293 542 2332; x_wconf 87' lang='lat' dir='ltr'><em>64b</em></span> <span class='ocrx_word' id='word_1_245' title='bbox 583 2292 624 2331; x_wconf 93' lang='grc' dir='ltr'><em>οι</em></span> <span class='ocrx_word' id='word_1_246' title='bbox 657 2294 964 2355; x_wconf 81' lang='grc' dir='ltr'><em>φιλοσοφοῦντες</em></span> <span class='ocrx_word' id='word_1_247' title='bbox 1004 2291 1223 2331; x_wconf 76' lang='grc' dir='ltr'><em>θανατῶσι.</em></span> <span class='ocrx_word' id='word_1_248' title='bbox 1299 2292 1362 2331; x_wconf 88' lang='lat' dir='ltr'><em>his</em></span> <span class='ocrx_word' id='word_1_249' title='bbox 1399 2292 1558 2332; x_wconf 81' lang='lat' dir='ltr'><strong>accedat</strong></span> <span class='ocrx_word' id='word_1_250' title='bbox 1599 2305 1688 2331; x_wconf 82' lang='lat' dir='ltr'><strong>mea</strong></span> <span class='ocrx_word' id='word_1_251' title='bbox 1731 2303 1824 2330; x_wconf 88' lang='lat' dir='ltr'><strong>con</strong></span> 
     </span>
     <span class='ocr_line' id='line_1_39' title="bbox 269 2343 1822 2400; baseline -0.001 -12"><span class='ocrx_word' id='word_1_252' title='bbox 269 2346 419 2389; x_wconf 81' lang='lat' dir='ltr'><strong>iectura</strong></span> <span class='ocrx_word' id='word_1_253' title='bbox 457 2347 515 2396; x_wconf 87' lang='grc' dir='ltr'><em>τίς</em></span> <span class='ocrx_word' id='word_1_254' title='bbox 556 2345 594 2385; x_wconf 85' lang='grc' dir='ltr'><em>δ’</em></span> <span class='ocrx_word' id='word_1_255' title='bbox 634 2345 723 2400; x_wconf 79' lang='grc' dir='ltr'><em>οὐχὶ</em></span> <span class='ocrx_word' id='word_1_256' title='bbox 758 2343 938 2388; x_wconf 85' lang='grc' dir='ltr'><em>θάνατον</em></span> <span class='ocrx_word' id='word_1_257' title='bbox 980 2349 1242 2400; x_wconf 76' lang='grc' dir='ltr'><em>μισθοφορῶν</em></span> <span class='ocrx_word' id='word_1_258' title='bbox 1275 2343 1532 2400; x_wconf 80' lang='grc' dir='ltr'><em>ὀφλισκάνει,</em></span> <span class='ocrx_word' id='word_1_259' title='bbox 1579 2350 1625 2388; x_wconf 90' lang='lat' dir='ltr'><strong>ut</strong></span> <span class='ocrx_word' id='word_1_260' title='bbox 1661 2344 1822 2400; x_wconf 75' lang='grc' dir='ltr'><em>γέλωτα,</em></span> 
     </span>
     <span class='ocr_line' id='line_1_40' title="bbox 268 2400 1168 2458; baseline 0.001 -15"><span class='ocrx_word' id='word_1_261' title='bbox 268 2403 486 2456; x_wconf 85' lang='grc' dir='ltr'><em>αἰσχύνην,</em></span> <span class='ocrx_word' id='word_1_262' title='bbox 518 2403 743 2458; x_wconf 86' lang='grc' dir='ltr'><em>παράνοιαν</em></span> <span class='ocrx_word' id='word_1_263' title='bbox 773 2400 1046 2456; x_wconf 85' lang='grc' dir='ltr'><em>ὀφλισκάνειν,</em></span> <span class='ocrx_word' id='word_1_264' title='bbox 1077 2406 1168 2444; x_wconf 79' lang='lat' dir='ltr'><strong>alia.</strong></span> 
     </span>
    </p>
   </div>
   <div class='ocr_carea' id='block_1_11' title="bbox 383 2514 1805 2807">
    <p class='ocr_par' dir='ltr' id='par_1_11' title="bbox 383 2514 1805 2807">
     <span class='ocr_line' id='line_1_41' title="bbox 1007 2514 1088 2556; baseline 0 0"><span class='ocrx_word' id='word_1_265' title='bbox 1007 2514 1088 2556; x_wconf 83' lang='lat'><em>267</em></span> 
     </span>
     <span class='ocr_line' id='line_1_42' title="bbox 541 2590 1522 2650; baseline -0.002 -14"><span class='ocrx_word' id='word_1_266' title='bbox 541 2595 637 2636; x_wconf 81' lang='grc' dir='ltr'><em>ἐπεὶ</em></span> <span class='ocrx_word' id='word_1_267' title='bbox 666 2591 752 2649; x_wconf 76' lang='grc' dir='ltr'><em>γὰρ</em></span> <span class='ocrx_word' id='word_1_268' title='bbox 782 2592 1092 2648; x_wconf 79' lang='grc' dir='ltr'><em>ἀποθνήσκειν</em></span> <span class='ocrx_word' id='word_1_269' title='bbox 1122 2590 1296 2650; x_wconf 74' lang='grc' dir='ltr'><em>ἀνάγκη</em></span> <span class='ocrx_word' id='word_1_270' title='bbox 1325 2594 1522 2647; x_wconf 81' lang='grc' dir='ltr'><em>γίνεται,</em></span> 
     </span>
     <span class='ocr_line' id='line_1_43' title="bbox 539 2647 1551 2716; baseline -0.002 -13"><span class='ocrx_word' id='word_1_271' title='bbox 539 2659 589 2704; x_wconf 87' lang='grc' dir='ltr'><em>τὸ</em></span> <span class='ocrx_word' id='word_1_272' title='bbox 619 2659 768 2716; x_wconf 81' lang='grc' dir='ltr'><em>προῖκ’</em></span> <span class='ocrx_word' id='word_1_273' title='bbox 801 2659 1053 2703; x_wconf 74' lang='grc' dir='ltr'><em>ἀποθανεῖν</em></span> <span class='ocrx_word' id='word_1_274' title='bbox 1083 2647 1177 2704; x_wconf 50' lang='grc' dir='ltr'><em>ἐστὶ</em></span> <span class='ocrx_word' id='word_1_275' title='bbox 1206 2657 1382 2716; x_wconf 78' lang='grc' dir='ltr'><em>φανεροὶ</em></span> <span class='ocrx_word' id='word_1_276' title='bbox 1410 2661 1551 2715; x_wconf 81' lang='grc' dir='ltr'><em>ζημία.</em></span> 
     </span>
     <span class='ocr_line' id='line_1_44' title="bbox 383 2748 1805 2807; baseline -0.001 -13"><span class='ocrx_word' id='word_1_277' title='bbox 383 2756 577 2795; x_wconf 81' lang='lat' dir='ltr'><strong>Stobaeus</strong></span> <span class='ocrx_word' id='word_1_278' title='bbox 599 2755 733 2794; x_wconf 83' lang='lat' dir='ltr'><strong>Floril.</strong></span> <span class='ocrx_word' id='word_1_279' title='bbox 758 2757 824 2803; x_wconf 88' lang='lat'><em>51,</em></span> <span class='ocrx_word' id='word_1_280' title='bbox 851 2755 900 2793; x_wconf 87' lang='lat'><em>18</em></span> <span class='ocrx_word' id='word_1_281' title='bbox 927 2750 1192 2804; x_wconf 82' lang='grc' dir='ltr'><em>Ἀντιφάνους</em></span> <span class='ocrx_word' id='word_1_282' title='bbox 1214 2749 1554 2807; x_wconf 74' lang='grc' dir='ltr'><em>Α.1.άνάγκη</em></span> <span class='ocrx_word' id='word_1_283' title='bbox 1574 2751 1628 2806; x_wconf 90' lang='grc' dir='ltr'><em>Κ]</em></span> <span class='ocrx_word' id='word_1_284' title='bbox 1648 2748 1805 2805; x_wconf 73' lang='grc' dir='ltr'><em>ἀνάγκη</em></span> 
     </span>
    </p>
   </div>
   <div class='ocr_carea' id='block_1_12' title="bbox 270 2808 1808 2930">
    <p class='ocr_par' dir='ltr' id='par_1_12' title="bbox 270 2808 1808 2930">
     <span class='ocr_line' id='line_1_45' title="bbox 270 2808 1802 2852; baseline -0.001 -1"><span class='ocrx_word' id='word_1_285' title='bbox 270 2813 441 2852; x_wconf 79' lang='lat' dir='ltr'><strong>sortasse</strong></span> <span class='ocrx_word' id='word_1_286' title='bbox 471 2824 519 2850; x_wconf 87' lang='lat' dir='ltr'><strong>ex</strong></span> <span class='ocrx_word' id='word_1_287' title='bbox 549 2812 684 2850; x_wconf 82' lang='lat' dir='ltr'><strong>eadem</strong></span> <span class='ocrx_word' id='word_1_288' title='bbox 715 2812 849 2851; x_wconf 75' lang='lat' dir='ltr'><strong>fabula.</strong></span> <span class='ocrx_word' id='word_1_289' title='bbox 878 2823 966 2850; x_wconf 90' lang='lat' dir='ltr'><em>cum</em></span> <span class='ocrx_word' id='word_1_290' title='bbox 995 2811 1044 2849; x_wconf 87' lang='lat' dir='ltr'><em>fr.</em></span> <span class='ocrx_word' id='word_1_291' title='bbox 1077 2812 1171 2850; x_wconf 86' lang='lat'><strong>266.</strong></span> <span class='ocrx_word' id='word_1_292' title='bbox 1238 2811 1396 2850; x_wconf 87' lang='lat' dir='ltr'><strong>videtur</strong></span> <span class='ocrx_word' id='word_1_293' title='bbox 1425 2810 1720 2849; x_wconf 79' lang='lat' dir='ltr'><strong>mercennarius</strong></span> <span class='ocrx_word' id='word_1_294' title='bbox 1749 2808 1802 2849; x_wconf 72' lang='lat' dir='ltr'><em>ali</em></span> 
     </span>
     <span class='ocr_line' id='line_1_46' title="bbox 270 2865 1808 2930; baseline -0.001 -23"><span class='ocrx_word' id='word_1_295' title='bbox 270 2869 358 2919; x_wconf 84' lang='lat' dir='ltr'><strong>quis</strong></span> <span class='ocrx_word' id='word_1_296' title='bbox 378 2869 484 2908; x_wconf 84' lang='lat' dir='ltr'><strong>vitae</strong></span> <span class='ocrx_word' id='word_1_297' title='bbox 506 2868 699 2908; x_wconf 83' lang='lat' dir='ltr'><strong>rationem</strong></span> <span class='ocrx_word' id='word_1_298' title='bbox 721 2867 941 2907; x_wconf 81' lang='lat' dir='ltr'><strong>defendere.</strong></span> <span class='ocrx_word' id='word_1_299' title='bbox 1001 2867 1112 2906; x_wconf 78' lang='lat' dir='ltr'><strong>‘cum</strong></span> <span class='ocrx_word' id='word_1_300' title='bbox 1133 2876 1239 2907; x_wconf 80' lang='lat' dir='ltr'><strong>mors</strong></span> <span class='ocrx_word' id='word_1_301' title='bbox 1259 2867 1506 2907; x_wconf 81' lang='lat' dir='ltr'><strong>necessitatis</strong></span> <span class='ocrx_word' id='word_1_302' title='bbox 1526 2866 1614 2917; x_wconf 77' lang='lat' dir='ltr'><strong>lege</strong></span> <span class='ocrx_word' id='word_1_303' title='bbox 1634 2865 1768 2906; x_wconf 88' lang='lat' dir='ltr'><strong>omnib</strong></span> <span class='ocrx_word' id='word_1_304' title='bbox 1804 2923 1808 2930; x_wconf 84' lang='lat'><strong>.</strong></span> 
     </span>
    </p>
   </div>
  </div>
 </body>
</html>
