1864 3204
569 180 623 213 111
631 180 662 213 11
669 178 766 213 ΕΤΣ
791 197 832 203 -
859 177 1161 212 ῙΣΟΣΤΑΣΙΟΝ
1563 174 1648 218 329

88 284 347 328 nerwerden.
379 284 526 324 Mnem.
559 296 649 326 nov.
670 283 730 324 111
751 285 848 324 300.
892 283 1059 323 vorando·
1089 282 1223 333 potius
1254 282 1419 323 verbum
1449 280 1648 321 desidora-

85 347 167 381 tur.
217 354 268 381 an
298 335 609 394 ὄγκοῦσθαιῗ
839 393 894 437 98

172 482 329 529 πρῶτα
359 473 444 530 μὲν
474 472 560 529 γάρ
591 472 704 528 πρὸς
732 472 782 516 τὸ
815 472 975 528 κέρδος
1004 474 1079 515 καὶ
1111 472 1160 515 τὸ
1182 473 1329 516 συλᾶν
1359 469 1464 522 τούς
1484 471 1622 521 πέλας

172 540 319 585 πάντα
350 539 468 585 τᾶλλ’
500 539 657 593 αὐταῖς
686 540 888 597 πάρεργα
918 542 1108 596 γίνεται·
1144 539 1365 597 ῥάπτουσι
1395 539 1445 582 δὲ

174 613 315 654 πᾶσιν
346 609 612 665 ἐπιβουλάς·
645 607 831 652 ἐπειδᾶν
863 607 907 651 δ’
939 606 1255 664 εὐπορήσωσίν
1285 622 1415 662 ποτε,

172 677 396 733 ἀνέλαβον
428 677 587 727 καινὰς
617 677 812 732 ἑταίρας,
843 679 1184 733 πρωτοπείρους
1212 679 1291 731 τῆς
1321 677 1486 732 τέχνης.

124 756 146 787 5
176 744 319 797 εὐθὺς
349 744 684 789 ἀναπλάττουσι
713 745 900 800 ταύτας,
931 743 1047 788 ὥστε
1077 744 1186 801 μήτε
1216 747 1323 794 τοὺς
1352 743 1550 799 τρόπους

172 814 282 871 μήτε
312 812 389 865 τὰς
419 812 545 865 ὄψεις
574 812 730 869 ὁμοίας
760 814 981 857 διατελεῖν
1011 811 1152 864 οὔσας
1181 814 1259 856 ἔτι.

174 881 385 938 τυγχάνει
414 883 554 939 μικρά
583 898 649 933 τις
678 874 815 936 οὖσα,
847 880 1015 938 φελλὸς
1046 882 1097 924 ἐν
1126 888 1224 931 ταῖς
1253 882 1471 937 βαυκίσιν

176 950 514 1006 ἐγκεκάττυται·
548 950 697 1005 μακρά
728 965 815 1004 τις,
847 949 1102 1006 διάβαθρον
1133 947 1298 992 λεπτὸν
1328 954 1465 1004 φορεῖ

175 1019 258 1074 τήν
287 1034 335 1061 τε
366 1016 569 1074 κεφαλὴν
601 1017 674 1061 ἐπὶ
703 1016 783 1061 τὸν
813 1012 937 1074 ὦμον
967 1018 1272 1073 καταβαλοῦσ’
1306 1016 1547 1071 ἐξέρχεται·

103 1096 146 1128 10
175 1089 309 1130 τοῦτο
341 1089 422 1129 τοῦ
452 1086 624 1143 μήκους
653 1084 862 1146 ἀφεῖλεν·
915 1084 1000 1130 οὐκ
1031 1088 1119 1142 ἔχει
1149 1101 1215 1137 τις
1245 1086 1388 1141 ἰσχία,

178 1152 423 1198 ὑπενέδυσ’
455 1153 699 1211 ἐρραμμέν’
731 1151 888 1211 αὐτήν,
920 1153 1035 1198 ὥστε
1064 1152 1148 1210 τὴν
1178 1150 1400 1208 εὐπυγίαν

176 1220 382 1279 ἀναβοᾶν
412 1221 519 1274 τοὺς
548 1223 814 1273 εἰσιδόντας.
875 1225 1054 1267 κοιλίαν
1084 1220 1234 1278 ἁδράν
1263 1222 1378 1277 ἔχει,

175 1289 327 1347 στηθί’
359 1289 449 1335 ἔστ’
483 1287 661 1334 αὐταῖσι
691 1291 865 1334 τούτων
894 1284 960 1334 ῶν
990 1289 1140 1346 ἔχουσ’
1174 1290 1222 1333 oc
1246 1291 1457 1345 κωμικοί·

176 1357 295 1415 ὀρθὰ
327 1363 597 1415 προσθεῖσαι
626 1362 813 1402 τοιαῦτα
842 1356 1096 1403 τοῦνδυτον
1125 1362 1204 1414 τῆς
1234 1359 1407 1407 κοιλίας

103 1436 144 1469 15
174 1424 366 1482 ὡσπερεὶ
398 1434 598 1471 κοντοῖσι
627 1426 802 1479 τούτοις
832 1428 895 1478 εἰς
923 1426 974 1470 τὸ
1003 1426 1172 1483 πρόσθ’
1205 1424 1457 1482 ἀπήγαγον.

178 1494 258 1547 τὰς
288 1494 432 1551 ὀφρῦς
461 1495 637 1554 πυρρὰς
667 1497 755 1552 ἔχει
786 1511 874 1551 τις,
906 1497 1224 1552 ζωγραφοῦσιν
1253 1493 1448 1550 α’σβόλῳ.

179 1562 427 1621 συμβέβηκ’
462 1561 578 1608 εἶναι
607 1567 840 1621 μέλαιναν,
872 1565 1124 1607 κατέπλασε
1155 1565 1373 1620 ψιμυθίῳ.

177 1632 434 1687 λευκόχρως
463 1635 567 1676 λίαν
595 1635 662 1684 τίς
692 1631 805 1686 ἐστι,
838 1629 1078 1687 παιδέρωτ’
1112 1632 1372 1687 ἐντρίβεται.

180 1698 321 1743 καλὸν
351 1701 441 1755 ἔχει
470 1704 552 1743 τοῦ
582 1699 786 1755 σῶματός
814 1716 880 1755 τι,
911 1703 1046 1743 τοῦτο
1076 1698 1254 1755 γυμνὸν
1284 1699 1528 1742 δείκνυται.

82 1766 151 1810 ’20
182 1766 367 1823 εὐφυεῖς
397 1766 587 1819 ὀδόντας
617 1770 762 1823 ἔσχεν,
795 1766 840 1819 ἐξ
871 1766 1070 1823 ἀνάγκης
1100 1769 1172 1810 δεῖ
1197 1768 1353 1822 γελᾶν,

176 1835 253 1878 ἵνα
282 1834 492 1889 θεωρῶσ’
526 1836 572 1879 os
599 1838 821 1891 παρόντες
849 1834 898 1878 τό
930 1833 1057 1891 στόμ’
1092 1833 1150 1886 ῶς
1181 1831 1359 1890 κομψὸν
1389 1841 1535 1890 φορεῖ.

179 1901 239 1946 ἄν
268 1903 318 1947 δὲ
348 1902 408 1960 μὴ
439 1906 571 1961 χαίρῃ
601 1906 802 1960 γελῶσα,
835 1905 1034 1946 διατελεῖ
1059 1901 1142 1959 τήν
1172 1901 1347 1958 ἡμέραν

179 1973 329 2026 ἔνδον,
362 1970 513 2027 ῶσπερ
542 1979 635 2023 τοῖς
663 1973 892 2028 μαγείροις
921 1969 950 2014 ἃ
979 1970 1222 2027 παράκειθ’
1255 1970 1489 2026 ἑκάστοτε,

182 2037 304 2095 ἡνίκ’
337 2036 395 2082 ἄν
426 2043 640 2083 πωλῶσιν
671 2041 813 2095 αἰγῶν
842 2042 1028 2094 κρανία,
1060 2038 1284 2096 ξυλήφιον

106 2118 150 2150 25
180 2110 400 2164 μυρρίνης
429 2110 593 2164 ἔχουσα
623 2108 788 2152 λεπτὸν
818 2107 965 2163 ὀρθὸν
997 2106 1048 2150 έν
1077 2115 1169 2158 τοῖς
1198 2109 1409 2163 χείλεσιν,

181 2174 293 2219 ὥστε
324 2179 387 2233 τῷ
417 2175 565 2234 χρόνῳ
595 2177 800 2232 σέσηρεν,
831 2175 890 2219 ἄν
919 2191 966 2219 τε
996 2174 1186 2232 βούλητ’
1219 2174 1277 2218 ἅν
1307 2191 1355 2219 τε
1383 2178 1458 2232 μή.

182 2242 328 2301 [ὄψεις
357 2241 432 2287 διᾶ
461 2244 639 2288 τούτων
668 2247 988 2288 σκευοποιοῦσι
1019 2246 1110 2286 τῶν
1140 2243 1343 2300 τεχνῶν.]

210 2326 440 2367 Athenaeus
471 2329 543 2379 13,
573 2328 687 2367 568a
715 2325 865 2375 ’Ἁλεξις
903 2323 945 2366 δ’
979 2324 1023 2365 ἐν
1060 2330 1116 2364 τῶ
1154 2323 1455 2380 ἐπιγραφομένῳ
1485 2325 1654 2379 δράματι

92 2378 331 2423 Ἰσοστάσιον
373 2379 460 2435 τὴν
503 2380 762 2436 ἑταιρικὴν
806 2366 1139 2436 παρασκευήν
1181 2381 1263 2422 καὶ
1308 2381 1392 2429 τὰς
1432 2379 1500 2421 δι’
1541 2381 1655 2422 ἐπι-

99 2440 370 2491 τεχνήσεως
419 2436 700 2491 κομμώσεις
751 2446 843 2479 τῶν
897 2438 1105 2491 ἑταιρῶν
1153 2437 1278 2486 οὕτως
1328 2437 1528 2479 ἐκτίθεται
1574 2443 1654 2480 κτλ.

97 2499 242 2538 omisso
280 2497 437 2536 fabulae
476 2498 634 2537 nomine
672 2511 709 2537 v.
744 2500 778 2537 1.
810 2499 834 2535 2
866 2497 939 2548 (—
967 2494 1137 2549 γίνεται)
1176 2498 1200 2536 7
1208 2498 1342 2535 -22,
1374 2497 1428 2535 24
1467 2497 1509 2548 (a
1539 2495 1657 2546 ξυλή-

98 2553 214 2604 φιον)
246 2554 359 2593 -26
390 2552 573 2593 Clemens
603 2555 718 2593 Alex.
749 2554 870 2593 Paed.
902 2554 941 2604 3,
964 2554 1002 2604 2,
1025 2554 1064 2592 8.
1151 2565 1189 2593 v.
1214 2555 1236 2592 7
1269 2553 1502 2592 Eustathius
1537 2555 1658 2604 1522,

101 2613 153 2650 10
183 2608 372 2661 βαυκίδες
411 2606 466 2656 ὥς
503 2608 547 2648 τό
579 2607 744 2659 εφελλὸς
783 2607 828 2649 ἕν
864 2612 944 2657 τοῖς
976 2607 1068 2662 (sic)
1107 2609 1299 2662 βαυκίσιν
1336 2607 1654 2677 ἕγκεκάττυται’.

100 2682 136 2707 v.
170 2667 194 2706 8
226 2666 461 2706 Eustathius
491 2667 588 2706 ibid.
628 2665 855 2717 διάβαθρον
883 2669 1114 2719 γυναικεῖον
1143 2662 1303 2717 φόρημα
1333 2680 1387 2712 ως
1419 2662 1462 2704 τό
1494 2664 1657 2717 ’διάβα-

98 2726 201 2775 θρον
230 2715 372 2762 λεπτὸν
401 2724 552 2772 φορεῖ’.
667 2726 702 2763 1.
741 2727 878 2774 πρῶτα
909 2721 1054 2776 Clem.]
1085 2724 1241 2775 πρῶτον
1271 2723 1306 2761 A
1337 2723 1433 2762 Ath.
1491 2719 1591 2773 πρὸς
1620 2724 1655 2762 A

99 2778 215 2833 Ath.]
247 2777 286 2827 ἐς
318 2779 440 2819 Clam.
530 2781 567 2818 2.
601 2774 706 2818 τᾶλλ’
739 2780 774 2819 A
805 2777 923 2834 Ath.]
954 2777 1000 2819 τὰ
1030 2778 1130 2818 ἄλλα
1162 2777 1255 2831 ἔργα
1287 2775 1340 2831 (τ’
1365 2777 1464 2817 ἄλλα
1494 2776 1576 2831 ἔργ’
1600 2778 1655 2830 V)

100 2837 225 2879 clem.
278 2832 497 2889 ῥάπτουσιν
526 2836 562 2876 A
591 2836 685 2876 Ath.
779 2839 818 2879 3.
849 2831 1140 2888 εὖπορήσωσιν]
1174 2836 1319 2875 divites
1348 2836 1477 2877 factae
1508 2836 1657 2877 talibus
