1890 3190
556 174 873 210 ΤΡΑΤΜΑΊῚΛΣ
903 192 943 199 κ-
977 174 1128 209 ‘rapu
1543 170 1623 214 103

797 275 882 317 210

263 353 399 410 ἀρετὴ
430 352 481 398 τὸ
511 361 677 410 προῖκα
707 361 800 405 τοῖς
829 355 979 410 φίλοις
1008 350 1263 409 ὑπηρετεῖν.

265 425 315 466 Β.
349 423 493 478 λέγεις
522 423 708 467 ἔσεσθαι
738 420 817 465 τὸν
853 420 1146 477 Τιθύμαλλον
1176 420 1417 465 πλούσιον

271 492 314 534 εί
340 489 555 547 πράξεται
583 488 670 545 γὰρ
700 488 869 546 μισθὸν
900 488 952 532 ἐκ
981 492 1064 532 τοῦ
1094 492 1180 532 σοῦ
1211 488 1351 545 λόγου

262 557 374 616 παρ’
395 553 463 611 οἷς
493 558 689 603 ἐδείπνει
719 564 907 614 προῖκα,
939 556 1143 609 συλλέξει
1173 558 1335 613 συχνά.

174 654 406 695 Athenaeus
438 654 478 704 6,
501 651 614 692 2401·
636 648 880 702 Ἀντιφάνης
915 653 1112 706 Τυρρηνῷ
1141 653 1224 691 κτλ.
1333 653 1369 691 1.
1399 646 1518 702 ἀρετὴ
1550 652 1622 691 Er-

58 709 186 754 fui-dt.
217 710 310 751 Obs.
333 708 436 763 447]
467 714 611 761 Ϋαρετη
639 710 690 749 A.
780 710 817 751 2.
850 705 920 748 τὸν
949 708 1039 750 add.
1073 709 1298 760 Sehweigh.
1387 710 1426 748 3.
1459 707 1495 747 εἰ
1521 703 1621 757 πρά-

57 767 164 819 ξεται
193 767 334 808 Cobet.
357 767 408 807 N.
429 767 458 806 1.
482 763 554 819 14]
587 762 823 819 εὖπράξεται
851 767 903 806 A.
936 762 1167 816 ἐσπράξεται
1197 765 1366 806 Casaub.
1455 766 1496 804 4.
1527 767 1622 804 συλ-

47 821 158 875 λέξει
185 821 346 879 Dindf.]
376 820 577 872 συλλέξειν
607 824 653 862 Α.
770 817 898 874 συχνά
935 822 1094 874 Cobet]
1125 821 1282 875 συχνήν
1310 823 1360 862 A.
1419 821 1624 873 praeterea

0 902 1 925 ι
43 881 311 923 ‘scribendum
349 883 411 921 est
446 876 542 931 παρ’
573 874 670 919 οἶσι
707 879 916 920 δειπνεῖ.
975 874 1073 932 παρ’
1095 874 1155 926 οἷς
1185 893 1226 919 τε
1255 878 1415 919 δειπνεῖ
1437 879 1621 919 Dindorf.

61 960 110 968 —
141 938 263 979 verba
291 950 482 989 personae
515 937 548 975 Β
575 950 657 977 non
686 937 783 977 satis
812 938 1026 978 concinunt
1054 950 1143 977 cum
1172 950 1211 978 v.
1236 938 1272 976 1.

171 995 220 1036 de
251 995 481 1046 Tithymallo
511 995 595 1046 agit
624 994 853 1034 Athenaeus
883 996 971 1034 toto
1002 1007 1089 1045 cap.
1112 995 1166 1034 38
1197 994 1291 1032 libri
1323 995 1361 1033 6.

793 1105 876 1147 211

228 1184 375 1240 δήμου
405 1182 670 1234 δ”Αλαιεύς
699 1183 835 1227 ἐστιν.
894 1186 946 1226 Β.
979 1183 1028 1226 ἓν
1057 1181 1145 1240 γὰρ
1175 1183 1310 1227 τοῦτό
1339 1199 1416 1240 μοι

229 1251 279 1296 τὸ
311 1250 472 1296 λοιπόν
505 1252 599 1296 ἐστι
610 1283 623 1307 ,
655 1252 910 1303 καὶζκακῶς
940 1249 1203 1307 ἀκούσομαι.

227 1325 281 1364 Α.
311 1322 359 1364 τί
384 1320 496 1376 δῆτα
525 1322 682 1372 τοῦτο;
741 1323 789 1363 Β.
821 1323 1030 1378 θρᾷτταν
1059 1316 1089 1376 ἢ
1117 1319 1291 1376 ψῆττάν
1320 1319 1408 1363 τιν’
1431 1316 1461 1374 ἦ

226 1388 455 1445 μύραιναν
483 1384 513 1444 ἢ
543 1387 686 1432 κακόν
715 1389 758 1431 τί
786 1402 862 1444 μοι
893 1388 1029 1432 δώσει
1058 1389 1172 1444 μέγα

175 1466 196 1499 5
225 1456 488 1501 θαλάττιον.

169 1552 397 1593 Athenaeus
428 1553 467 1602 7,
489 1553 603 1592 3290
640 1548 702 1591 ὅτι
730 1548 775 1591 δὲ
803 1554 987 1606 θρᾷτταν
1016 1549 1150 1604 ἔλεγον
1179 1550 1222 1590 τὸ
1251 1547 1470 1591 θαλάττιον
1499 1550 1620 1603 ἰχθύ-

56 1610 167 1651 διον.
185 1607 434 1662 .παρίστησι.
453 1639 464 1650 .
482 1607 569 1650 ,καὶ
594 1605 838 1660 Ἀντιφάνης
868 1606 912 1648 ἕν
939 1610 1135 1664 Τυρρηνῷ
1164 1610 1246 1648 κτλ.
1340 1611 1378 1649 1.
1410 1614 1492 1648 τῶν
1516 1607 1523 1662 Ι
1549 1608 1620 1659 δή·

22 1700 25 1702 .
54 1681 143 1718 μων
171 1666 377 1707 Herwerd.
409 1666 506 1708 Obs.
538 1667 624 1706 crit.
657 1668 724 1706 51.
825 1661 987 1713 ἆλαιευς
1018 1667 1103 1706 sine
1133 1678 1213 1707 acc.
1246 1667 1295 1705 A.
1387 1665 1437 1705 ’ὲν
1465 1663 1544 1717 ἄρα
1565 1688 1621 1695 -

55 1723 112 1765 ἔτι
146 1720 288 1763 λοιπὸν
322 1717 390 1775 ἦν,
428 1720 490 1762 ὅτι
526 1721 594 1763 καὶ
630 1723 836 1763 Herwerd.
954 1724 993 1762 2.
1026 1720 1132 1762 ἐστιν
1160 1723 1211 1762 A.
1253 1719 1374 1773 ἔστιν,
1406 1722 1443 1762 εἰ
1469 1723 1619 1764 Naber.

15 1793 24 1811 κ
55 1782 203 1822 Mnem.
234 1793 328 1820 nov.
358 1780 458 1819 VIII
489 1781 556 1820 52.
590 1816 600 1831 ,
620 1793 673 1819 an
710 1775 792 1818 ἐστ’
822 1779 859 1819 εἰ
894 1776 993 1818 nal?
1103 1780 1142 1821 4.
1184 1775 1320 1832 δώσει]
1360 1776 1483 1831 θήσει
1522 1778 1621 1833 (‘an

24 1844 25 1847 ’
53 1832 97 1891 μ’
121 1833 379 1888 ὀνομάσειῬ)
410 1837 618 1877 Herwerd.
650 1836 764 1877 Stud.
798 1837 886 1877 crit.
918 1837 986 1877 84.
1009 1838 1047 1878 5.

23 1926 25 1930 ,
163 1886 279 1933 ‘Azao'
304 1907 431 1946 pagus
460 1896 523 1934 est
551 1893 620 1943 τῆς
642 1891 852 1945 Αἰγηίδος,
883 1896 923 1933 et
937 1888 1119 1939 *Ἁλαιεύς
1149 1893 1366 1933 Kirchhoff.
1389 1894 1422 1933 Ι.
1449 1893 1501 1933 A.
1525 1895 1620 1936 157.

59 1953 156 1993 188.
188 1951 285 1991 230.
317 1951 413 1992 237.
447 1946 616 1997 Ἀλαιεῐς
645 1950 782 1990 fabula
811 1953 874 1990 est
902 1949 1124 1990 Menandri.
1171 1950 1355 1991 ‘videtur
1384 1953 1504 2002 poeta
1531 1965 1619 1990 mu·

54 2009 262 2049 liereulam
292 2008 496 2048 induxisse
516 2008 643 2058 pisces
669 2007 925 2048 vehementer
944 2009 1194 2048 aversantem
1219 2009 1260 2047 et
1279 2003 1497 2047 Halaeensi
1526 2005 1618 2058 civi,

56 2065 164 2116 apud
202 2077 301 2115 quos
341 2065 509 2104 multam
539 2065 708 2116 piscium
737 2066 944 2116 capturam
974 2064 1098 2104 fuisse
1128 2066 1298 2115 constat,
1328 2065 1457 2105 invito
1487 2066 1619 2105 animo

54 2122 314 2162 nubentem’.
344 2122 467 2161 Mein.
501 2122 716 2162 ‘muraena
746 2123 910 2173 ponitur
940 2135 963 2161 a
993 2120 1152 2161 Graecis
1183 2122 1225 2160 in
1256 2122 1444 2164 convicio.
1475 2122 1618 2162 Aesoh.

22 2191 23 2195 ¹
55 2178 152 2219 Cho.
176 2179 270 2219 994.
308 2179 434 2219 Arist.
450 2179 550 2220 Rau.
567 2178 682 2231 477²,
712 2179 809 2218 item
828 2177 994 2230 εψῆττα.
1014 2209 1023 2218 .
1043 2209 1052 2218 .
1076 2179 1249 2230 Lysistr.
1274 2179 1364 2218 115.
1396 2178 1499 2218 Plat.
1521 2191 1619 2221 com.

58 2236 153 2276 106.
189 2235 290 2275 nihil
318 2236 466 2275 certius
487 2249 606 2286 quam
626 2236 852 2276 mulierem.
873 2266 881 2276 .
901 2235 1172 2286 .respondere,
1205 2248 1246 2275 se
1277 2236 1326 2275 ab
1356 2236 1440 2287 illo,
1472 2237 1619 2287 quippe

54 2292 285 2343 Halaeensi‚
316 2292 534 2332 identidem
564 2295 829 2344 cognomento
859 2293 995 2344 aliquo
1027 2306 1073 2332 ex
1094 2305 1140 2332 00
1161 2305 1330 2344 genere.
1350 2323 1359 2332 .
1379 2293 1618 2332 ‚laceratum

55 2349 137 2389 iri.’
190 2348 398 2390 Herwerd.
434 2350 550 2390 stud.
580 2350 665 2390 crit.
688 2350 754 2390 84.
779 2351 819 2389 5.
863 2350 910 2390 de
942 2345 1097 2404 θρᾴττῃ
1127 2349 1177 2389 cf.
1201 2350 1393 2401 Archipp.
1417 2351 1484 2389 27.
1522 2350 1618 2389 mihi

54 2418 136 2446 non
166 2405 309 2457 liquet.

764 2495 915 2530 ΤΔΡΙΑ

57 2637 82 2676 6
120 2577 446 2675 lOIntellegenda.
475 2577 634 2617 videtur
663 2590 763 2618 urna
791 2578 828 2618 ei
858 2576 1020 2629 similis,
1059 2577 1107 2618 de
1145 2591 1224 2630 qua
1253 2577 1394 2620 Horat.
1426 2577 1552 2617 Serm.
1575 2579 1614 2630 2,

85 2665 95 2686 ⁷
175 2664 184 2674 ’
336 2652 339 2654 ’
790 2688 874 2731 212

869 2760 1003 2818 οὗτος
1031 2766 1076 2809 δ’
1096 2765 1151 2810 ὃν
1181 2767 1296 2822 λέγω

261 2835 312 2879 ἐν
342 2835 559 2892 γειτόνων
590 2833 709 2893 αὐτῷ
740 2834 1038 2892 κατοικούσης
1067 2835 1190 2887 τινὸς
