1806 3216
0 0 42 320 ξ
598 187 806 223 numu
829 188 1093 225 Amnum«
1546 190 1632 234 573

0 370 10 404 ,Γ
339 367 392 412 ἐν
418 365 659 425 ἦμέραισιν
689 366 831 413 αὐτὸν
861 368 970 413 ἑπτά
1001 381 1096 426 σοι,
1126 370 1279 427 γέρον,

335 436 460 480 θέλω
490 444 739 493 παρασχεῖν
768 436 798 494 ἦ
828 436 1112 495 κολοκύντην
1140 436 1171 495 ἢ
1201 441 1375 495 κρίνον.

179 518 379 560 Zenobiae
399 520 438 569 4,
459 522 511 560 18
541 516 571 571 ἢ
598 519 738 571 κρίνον
766 517 793 572 ἢ
821 517 1085 573 κολοκύντην·
1118 514 1159 560 τὸ
1190 526 1260 574 τῆς
1291 521 1535 575 κολοκύντης
1554 519 1629 563 ἄν·

65 577 143 623 θος
180 578 359 616 καλεῖται
395 575 552 628 κρίνον·
596 575 748 627 ἄδηλον
784 574 829 616 δὲ
864 577 900 618 εἰ
934 576 1035 618 οἴσει
1071 575 1241 631 καρπόν.
1292 577 1453 619 ἔταττον
1481 575 1557 620 οὖν
1587 578 1631 620 τὸ

0 648 23 661 ¹⁴
63 629 138 683 μὲν
173 632 312 685 κρίνον
348 632 390 672 ot
421 630 577 686 ἀρχαῖοι
615 630 681 673 ἐπὶ
723 639 792 673 τοῦ
822 631 1076 686 τεθνηκότος,
1108 634 1182 687 τὴν
1211 633 1256 675 δὲ
1284 635 1534 688 κολοκύντην
1563 635 1628 677 ἐπὶ

0 700 1 706 ’
64 695 138 730 τοῦ
174 685 327 742 ὑγιοῦς.
383 687 577 742 μέμνηται
617 688 763 742 ταύτης
803 691 971 741 Δίφιλος
1010 690 1136 744 λέγων
1172 696 1253 734 κτλ.
1319 691 1364 733 ἐν
1396 690 1631 746 Ἡμέραισιν

66 750 159 788 ante
181 747 503 797 Valckenarium,
534 750 735 798 tamquam
766 750 910 789 titulus
940 753 1045 790 esset
1073 750 1244 791 fabulae.
1325 754 1363 791 1.
1395 747 1521 791 αὐτὸν
1540 751 1629 791 val-

63 805 176 845 okon.
200 805 329 845 Diatr.
354 806 416 846 16.
437 802 507 860 17]
537 801 673 853 αὐτὸς.
749 803 867 858 γέρον
895 803 947 859 Ρ]
977 803 1118 858 γέρων.
1149 805 1267 859 γερὸν
1296 808 1348 848 Η.
1438 810 1476 848 2.
1509 806 1537 859 ἦ
1566 822 1629 847 κο-

62 859 263 912 λοκύντην
291 861 502 914 Valcken.]
534 858 793 913 κολοκύντην.
844 863 977 903 ‘intra
1006 864 1087 904 dies
1115 865 1258 915 septem
1285 867 1416 915 ipsum
1444 867 1515 906 tibi
1544 870 1627 906 tra-

63 920 157 959 dam
183 920 243 959 vel
269 930 414 959 samm
441 921 499 959 vel
526 922 754 959 mortuum?
798 920 848 960 cf.
878 919 1065 960 Menand.
1091 922 1199 961 1033
1222 922 1343 962 Mein.
1389 923 1627 974 Diogenian.

65 978 104 1027 5,
130 977 198 1016 10.
248 976 378 1016 Eehn.
410 977 630 1027 Kulturpfl.
661 978 757 1016 271.

817 1065 872 1108 99

265 1137 340 1198 ἆρ’
366 1142 491 1187 ε’στὶν
521 1141 826 1199 ἀνοητότατον
855 1145 1193 1202 αἰσχροκερδία·

265 1210 378 1268 πρὸς
406 1215 467 1268 τῷ
500 1213 657 1268 λαβεῖν
686 1212 772 1270 γὰρ
804 1211 871 1257 οόν
901 1210 925 1256 ὁ
955 1217 1064 1266 νοῦς
1093 1213 1222 1257 τᾶλλ’
1245 1212 1327 1270 οὐχ
1357 1212 1454 1272 ὁρᾷ.

177 1306 374 1347 Stobaeus
402 1307 543 1347 Floril.
578 1308 650 1358 10,
672 1309 699 1347 4
737 1308 911 1359 Διφίλου
950 1310 1001 1348 Α.
1106 1312 1142 1349 1.
1181 1307 1454 1362 αἰσχροκερδία
1491 1309 1626 1364 Grot.]

60 1361 361 1416 αἰσχροκέρδεια
391 1364 429 1403 A
458 1377 536 1405 sec.
570 1363 694 1405 Gaisf.
785 1367 822 1405 2.
854 1367 907 1420 τῷ
938 1366 1050 1407 Voss.
1084 1369 1126 1406 et
1155 1366 1191 1405 A
1221 1364 1344 1419 corn]
1375 1364 1431 1407 τὸ.

807 1477 889 1520 100

302 1555 439 1609 ἔργον
469 1562 747 1611 συναγαγεῖν
779 1553 931 1610 σωρὸν
963 1556 1014 1599 ἐν
1043 1558 1197 1614 πολλῷ
1228 1558 1392 1615 χρόνῳ,

303 1622 354 1665 ἐν
383 1620 527 1679 ἡμέρᾳ
557 1622 606 1667 δὲ
637 1624 912 1680 διαφορῆσαι
943 1623 1120 1682 ῥᾴδιον.

175 1717 373 1757 stobaeus
402 1717 541 1758 Floril.
565 1720 631 1770 15,
653 1720 678 1758 3
711 1717 886 1768 Διφίλου
915 1719 1009 1759 ΑΒ.
1042 1717 1258 1772 Εὔφρονος
1288 1720 1422 1760 Trino.
1510 1721 1550 1760 2.
1582 1718 1625 1759 δὲ

62 1774 99 1813 A
130 1771 265 1827 Voss]
297 1770 340 1812 δὲ
367 1779 452 1829 μιᾷ.

800 1864 877 1907 101

330 1942 467 1999 ὅρκος
496 1942 540 1986 δ’
563 1942 741 1997 ἑταίρας
769 1940 905 1986 ταύτὰ
937 1942 1011 1987 καὶ
1042 1943 1322 2000 δημηγόρου·

330 2011 539 2068 ἑκάτερος
568 2006 722 2054 αὐτῶν
751 2009 910 2067 ὀμνύει
939 2010 1052 2068 πρὸς
1081 2008 1136 2055 ὃν
1165 2015 1305 2055 λαλεῖ.

172 2105 366 2146 Stobaeus
404 2107 543 2146 Floril.
577 2107 650 2156 28,
673 2107 699 2145 4
738 2105 909 2156 Διφίλου
939 2107 988 2146 A.
1094 2109 1132 2146 1.
1171 2102 1210 2146 δ’
1243 2107 1332 2146 add.
1365 2106 1478 2146 Grot.
1581 2108 1622 2146 2.

60 2162 242 2202 ‘adiurat
275 2164 498 2215 unicuique,
529 2164 579 2202 ad
609 2176 726 2214 quem
757 2163 965 2214 loquitur?

802 2274 882 2316 102

331 2351 497 2407 ἀνδρὸς
526 2355 666 2409 φίλου
696 2352 771 2395 καὶ
801 2355 1053 2407 συγγενοῦς
1081 2351 1169 2407 γὰρ
1199 2353 1349 2396 οἰκίαν

332 2418 474 2464 αὑτοῦ
505 2423 700 2477 νομίζειν
731 2421 805 2462 δεῖ
828 2420 908 2462 τὸν
938 2419 1088 2474 ὀρθῶς
1118 2418 1293 2476 εὐγενῆ.

174 2515 368 2555 Stobaeus
405 2515 541 2556 Floril.
574 2515 643 2563 84,
665 2515 690 2552 4
733 2513 907 2564 Διφίλου
945 2514 1078 2554 Trinc.
1126 2515 1239 2554 deest
1267 2515 1309 2554 in
1339 2515 1388 2554 A,
1480 2518 1516 2554 1.
1555 2512 1622 2553 καὶ

59 2576 276 2623 συγγενοῦς
305 2569 379 2623 γὰρ
409 2571 540 2611 οἰκίαν
568 2570 708 2622 Mein]
740 2568 816 2622 γὰρ
845 2569 912 2610 καὶ
942 2580 979 2610 σ.
1010 2570 1083 2612 οἰκ,
1132 2568 1206 2623 γὰρ
1237 2569 1308 2610 οἰκ.
1339 2569 1404 2610 καὶ
1435 2582 1473 2610 σ.
1508 2570 1620 2611 Grot.

58 2630 98 2668 2.
129 2624 273 2681 εὐγενῆ
303 2625 442 2682 Both]
472 2632 662 2680 συγγενῆ.

335 2785 630 2841 ἰσχυρότερον
661 2786 803 2839 κρίνω
834 2783 884 2826 τὸ
916 2785 1105 2839 χρυσίον
1135 2783 1271 2826 πολύ·

329 2851 384 2896 τὰ
413 2853 560 2895 πάντα
591 2853 736 2910 τούτῳ
766 2852 970 2908 τέμνεται
1002 2852 1077 2894 καὶ
1106 2851 1357 2906 πράττεται.
