1864 3204
205 197 289 239 390
852 196 1104 236 ΑΛΕΞΙΔΟΣ

319 301 548 339 Athenaeus
573 302 764 350 13,574b
795 298 855 341 ὅτι
886 298 927 340 δὲ
955 299 1023 341 καὶ
1039 298 1269 354 Ἀφροδίσια
1301 302 1394 342 ἴδια
1415 302 1582 357 ἄγουσιν
1609 302 1758 346 αὐτόθι

205 355 268 410 (ἐν
298 354 506 410 Κορίνθῳ)
545 357 591 396 αἱ
624 354 793 408 ἑταῖραι,
824 355 975 407 ’Ἄλεξις
1012 356 1056 397 ἐν
1085 357 1262 413 Φιλούσῃ
1303 360 1425 412 φησίν
1453 363 1534 401 κτλ.
1622 363 1661 402 5.
1689 376 1758 415 με·

207 412 326 452 θύειν
355 414 445 454 add.
466 414 631 461 Porson.
728 410 922 465 κωμάζειν
951 413 1044 462 ἔθος
1071 413 1077 468 Ι
1105 414 1211 454 ἔστιν
1237 413 1333 467 μεθ’
1358 414 1472 468 ἡμῶν
1500 415 1570 466 τὰς
1601 416 1758 472 ἑταίρας

208 466 357 509 ἐνθάδε
387 470 564 510 Bothius.
624 485 661 510 v.
685 472 794 510 3—-5
825 474 870 511 ut
899 472 1094 512 Athenaei
1122 474 1245 518 verba
1275 476 1514 514 exterminat
1533 475 1581 515 G.
1598 475 1650 515 A.
1666 477 1757 516 Hir-

207 528 331 577 schig.
363 527 469 566 Ann.
502 527 589 567 crit.
625 528 688 566 14.
715 528 779 566 15.
825 530 867 567 at
895 529 991 578 quid
1022 532 1108 568 tum
1140 526 1288 568 ἐνθάδε
1317 525 1411 580 μεθ’
1434 526 1580 582 ἦμαῖνῗ

939 638 1024 680 254

716 714 815 758 ἀλλ’
837 718 976 772 ἔγωγε
1005 719 1088 759 τοῦ
1116 718 1170 759 τὰ
1202 717 1349 761 δέοντ’
1373 721 1491 774 ἔχειν

476 782 530 825 τοὶ
561 781 744 839 περιττοὶ
773 787 908 838 μισῶ·
941 792 1033 835 τοῖς
1061 783 1396 840 ὑπερβάλλουσι
1425 788 1513 842 γὰρ

478 850 631 906 τέρψις
658 851 741 906 μὲν
773 849 857 894 οὐκ
887 854 1048 907 ἔνεστι,
1080 854 1343 896 πολυτέλεια
1373 854 1435 896 δέ.

321 944 547 984 Athenaeus
581 946 644 996 10,
663 945 782 984 419b
822 945 902 984 τῶν
939 944 1115 985 δείπνων
1148 943 1193 985 δὲ
1230 946 1365 987 πολλοὶ
1395 940 1441 987 τὰ
1469 945 1606 1002 μέτρια
1634 945 1761 988 ἆσποὶ-

209 1001 354 1052 ζονται,
385 998 439 1048 ὦς
462 998 611 1048 ’Ἀλεξις
643 999 686 1040 ἕν
706 1000 884 1056 Φιλούσῃ
903 1001 1180 1054 παραδίδωσιν
1198 1006 1279 1044 κτλ.
1342 1006 1379 1044 1.
1401 1002 1540 1044 δέοντα
1561 1007 1612 1046 Α.
1671 1004 1761 1060 τοῦ]

210 1058 261 1112 τῷ
291 1059 470 1098 Erfurdt.
504 1058 600 1098 Obs.
631 1059 726 1098 456.
803 1072 882 1097 που
903 1057 1078 1110 -ἔχων
1106 1059 1258 1102 Iacobs.
1289 1061 1395 1103 Add.
1427 1062 1524 1101 Ath.
1557 1063 1651 1102 227.
1703 1076 1762 1102 τοι

207 1138 260 1142 -
284 1114 384 1165 ἔχων
414 1116 531 1154 Mein.
564 1115 606 1153 in
634 1115 780 1154 Athen.
831 1115 1040 1166 Emporius
1069 1117 1192 1156 verba
1221 1122 1291 1156 τοῦ
1320 1111 1366 1156 τοὶ
1395 1115 1523 1157 δέοντ’
1547 1116 1650 1170 ἔχειν
1678 1132 1761 1160 sus·

206 1173 346 1222 pendit
374 1185 398 1211 a.
429 1167 474 1210 τὰ
503 1170 684 1222 περιττά,
715 1173 817 1211 conl.
839 1167 1019 1223 Xeno‘ph.
1039 1173 1160 1224 Ages.
1184 1175 1220 1222 9,
1245 1176 1268 1213 3
1300 1172 1347 1212 τὰ
1377 1172 1535 1227 περιττὰ
1565 1180 1645 1214 τῶν
1675 1175 1759 1215 ἰκα-

209 1233 304 1267 νῶν.
344 1231 386 1266 at
415 1231 460 1267 ut
488 1231 595 1267 recte
625 1229 769 1268 dicitur
798 1226 844 1266 τὰ
875 1227 1035 1281 περιττὰ
1067 1234 1143 1268 τῶν
1173 1225 1360 1281 δεόντων,
1391 1232 1448 1271 ita
1476 1245 1558 1272 non
1586 1234 1691 1272 recte
1719 1233 1762 1272 ni

207 1286 323 1323 fallor
359 1278 406 1322 τὰ
435 1282 593 1333 περιττὰ
625 1284 693 1323 τοῦ
724 1282 770 1324 τὰ
801 1282 940 1323 δέοντα
969 1283 1084 1336 ἔχειν.
1135 1288 1264 1326 scribo
1296 1284 1410 1339 ἔγωγ’
1433 1285 1522 1339 ε’ρῶ
1551 1286 1598 1327 τὰ
1628 1285 1760 1328 δέοντ’

210 1339 322 1391 ἔχειν.
375 1342 426 1380 cf.
458 1342 602 1391 Eupol.
635 1343 728 1381 326.
775 1341 899 1382 Arist.
930 1343 1037 1384 Plut.
1072 1345 1191 1383 1009.
1235 1344 1284 1383 fr.
1317 1345 1385 1384 51.
1433 1345 1597 1385 Timocl.
1632 1347 1696 1394 10,
1720 1347 1760 1385 2.

208 1411 258 1436 an
289 1393 489 1449 ἅγαπαῖῬ
530 1419 584 1425 ·—
635 1399 684 1436 cf.
718 1399 812 1437 259.

919 1530 1051 1571 ΦΡΤΞ

324 1614 404 1651 Τοῦ
447 1611 627 1663 Φρυγίου
672 1611 890 1664 διασκευήν
932 1617 1215 1654 commemorat
1259 1614 1487 1655 Athenaeus
1529 1617 1604 1667 10,
1626 1617 1760 1657 4290:

208 1670 312 1708 unde
351 1670 572 1708 Meinekius
610 1670 756 1709 conicit
788 1671 825 1720 7,
848 1671 963 1709 307d
1002 1671 1253 1710 scribendum
1291 1685 1374 1711 esse
1395 1670 1548 1720 ’Ἀλεξις
1587 1672 1761 1727 Φρυγίῳ.

210 1727 230 1764 Ι
261 1726 356 1765 403.
405 1739 451 1764 ac
479 1727 646 1765 fortasse
675 1728 794 1776 poeta
823 1726 931 1765 illam
962 1727 1010 1766 de
1040 1740 1172 1766 amore
1201 1729 1367 1778 Phryyii
1396 1731 1437 1768 et
1463 1730 1620 1769 Pieriae
1650 1730 1762 1769 fabu-

209 1783 289 1821 lam
320 1783 520 1833 tractavit‚
552 1796 670 1833 quam
691 1785 829 1822 narrat
848 1783 1081 1823 Plutarchus
1102 1785 1201 1823 Mor.
1220 1785 1300 1824 253
1316 1785 1343 1824 f.
1367 1785 1460 1826 254.
1489 1786 1539 1824 cf.
1563 1786 1609 1825 E.
1626 1786 1763 1826 Rohde

211 1838 365 1878 Griech.
398 1839 509 1881 Rom.
542 1840 608 1878 41.
940 1892 1024 1935 255

441 1972 480 2014 εἰ
508 1972 590 2014 τοῦ
619 1970 933 2026 μεθύσκεσθαι
963 1971 1185 2027 πρότερον
1213 1970 1265 2014 τὸ
1295 1975 1550 2027 κραιπαλᾶν
1579 1986 1582 1990 ’

441 2036 708 2092 παρεγίνεθ’
731 2036 853 2094 ἡμῖν,
886 2037 982 2081 οὐδ’
1008 2035 1065 2081 ἂν
1096 2033 1159 2089 εἷς
1188 2035 1315 2082 οἶνόν
1345 2054 1453 2083 ποτε

440 2108 649 2161 προσίετο
681 2107 819 2148 πλείω
849 2109 931 2148 τοῦ
959 2108 1155 2162 μετρίου.
1206 2107 1312 2149 νυνὶ
1341 2107 1391 2149 δὲ
1422 2106 1506 2163 τήν

441 2174 659 2228 τιμωρίαν
689 2171 744 2216 οὐ
774 2174 1116 2228 προσδοκῶντες
1144 2176 1220 2230 τῆς
1248 2174 1389 2230 μέθης

392 2252 413 2282 5
443 2241 566 2296 ἥξειν
596 2243 844 2297 προχείρως
873 2239 979 2292 τούς
1008 2239 1232 2298 ἀκράτους
1262 2245 1464 2298 πίνομεν.

326 2336 553 2375 Athenaeus
587 2337 657 2385 10,
680 2336 793 2374 4290
830 2333 898 2374 καὶ
918 2333 1069 2384 ’Ἀλεξις
1109 2333 1151 2373 ἐν
1188 2340 1236 2389 τῇ
1266 2336 1335 2375 τοῦ
1363 2336 1541 2389 Φρυγίου
1571 2337 1762 2393 διασκευῇ

215 2403 339 2443 φησιν
367 2394 447 2431 κτλ.
476 2383 504 2414 ⁰
554 2394 592 2431 3.
631 2391 752 2430 πλείω
782 2389 902 2431 Mein.
933 2393 975 2431 in
1005 2391 1122 2445 Ath.]
1160 2394 1295 2431 πλεῖον
1322 2393 1372 2432 Α.
1479 2395 1518 2433 5.
1552 2386 1661 2447 τοὺς]
1693 2391 1762 2442 τὰς

214 2450 332 2489 Mein.
390 2449 486 2487 mihi
516 2449 706 2487 articulus
737 2449 898 2488 omnino
928 2449 1086 2499 ineptus
1114 2450 1282 2489 videtur.
1308 2497 1310 2499 ‚
1332 2463 1424 2489 nam
1454 2463 1616 2500 prorsus
1646 2451 1764 2490 aliter

210 2506 386 2545 Clearch.
404 2507 441 2544 3.
473 2505 724 2544 scribendum
754 2507 816 2544 est
843 2507 914 2544 aut
943 2501 1292 2558 προχειρότερον
1321 2509 1390 2545 aut
1418 2505 1632 2559 προχείρως
1661 2519 1760 2554 πως

207 2559 411 2614 ἄκρατον.

941 2614 1024 2657 256

471 2691 556 2747 ἐγώ
587 2692 636 2734 δὲ
667 2691 879 2746 κεστρεὺς
907 2695 1061 2748 νῆστις
1089 2692 1238 2735 οἴκαδ’
1258 2692 1500 2749 ἀποτρέχω.

323 2787 551 2825 Athenaeus
583 2788 618 2836 7,
642 2787 758 2825 307d
788 2782 850 2824 ὅτι
879 2784 921 2824 δὲ
951 2781 1057 2833 εἶδος
1087 2784 1279 2838 κεστρέων
1307 2785 1348 2825 οἱ
1373 2784 1545 2837 νήστεις.
1565 2819 1573 2827 .
1593 2786 1759 2836 .”Αλεξις

213 2842 345 2894 Φρυγί
372 2844 454 2881 κτλ.
506 2843 552 2884 cf.
586 2843 736 2883 Cratin.
759 2844 811 2882 52
843 2844 883 2882 et
913 2843 960 2881 de
990 2847 1126 2883 cestreo
1156 2843 1358 2894 Aristoph.
1390 2844 1438 2884 fr.
1463 2846 1554 2883 156.
