1864 3204
192 224 274 267 238
862 225 1086 258 ΑΜΦΙΔΟΣ
1136 223 1138 226 ·

774 325 1168 359 ΓΤΝΑΙΚΟΚΡΔΤΙΑ

306 406 404 446 Cum
431 407 585 445 tamdiu
614 408 732 445 antea
761 404 1001 458 δημοκρατία
1030 409 1099 445 aut
1115 401 1401 459 ’ἀριστοκρατία
1427 407 1582 455 fuisset,
1606 406 1743 457 quidni

192 466 308 513 poeta
347 465 465 502 etiam
508 461 842 514 γυναικοκρατίαν
882 465 1138 513 proponeret,
1185 461 1466 513 Aristophanis
1511 464 1743 514 praesertim

193 520 400 569 exemplo?
454 523 515 558 est
543 518 862 572 Γυναικοκρατία
899 521 1017 558 etiam
1047 520 1245 570 Alexidis,
1287 533 1455 570 quocum
1495 521 1614 558 etiam
1646 520 1744 558 alios

191 577 330 615 titulos
362 589 587 616 communes
617 578 737 616 habet
764 576 946 626 Amphis.
978 577 1147 617 Meinek.
1177 577 1197 614 I
1217 578 1313 617 405.

955 687 980 727 8

305 772 429 819 πῖνε,
461 768 603 817 παῖζε·
634 763 800 821 θνητὸς
830 762 853 807 6
883 766 1002 819 βίος,
1034 762 1185 818 ὀλίγος
1215 758 1320 806 οὑπὶ
1349 767 1407 819 γῇ
1439 765 1620 820 χρόνος·

305 832 535 883 αθάνατος
564 831 587 874 ὁ
616 832 814 882 θανατός
845 831 990 886 ἐστιν,
1022 829 1080 873 ἄν
1110 831 1226 882 ἅπαξ
1259 848 1322 881 τις
1352 831 1574 887 ἀποθάνῃ.

303 928 532 967 Athenaeus
563 929 602 975 8,
623 929 737 966 3360
773 925 841 965 καὶ
870 923 913 964 ἐν
951 929 1000 979 τῇ
1029 922 1321 978 ἐπιγραφομένῃ
1353 922 1394 963 δὲ
1426 924 1744 977 Γυναικοκρατίᾳ

192 982 237 1023 τὰ
268 982 382 1035 όμοια
405 982 505 1034 λέγει
526 978 713 1036 (Ἄμφις)
735 985 815 1022 κτλ.
899 985 934 1021 1.
962 982 1075 1028 παῖζε
1095 980 1255 1047 Muret]
1288 980 1355 1020 καὶ
1374 982 1487 1028 παῖζε
1510 984 1556 1021 Α.
1572 996 1745 1048 ουπιγη

192 1044 241 1083 Α.
331 1043 367 1079 2.
400 1037 603 1087 ἀθάνατος
633 1041 774 1079 Elmsl.
807 1040 903 1078 Aeh.
939 1039 1043 1077 Add.
1075 1035 1206 1107 47]
1181 1034 1358 1083 θάνατος
1388 1035 1427 1075 δ’
1461 1039 1510 1076 A.
1566 1034 1587 1077 6
1619 1033 1746 1076 θανα-

193 1112 255 1144 τος
286 1094 324 1135 δ’
356 1093 560 1143 ἆθανατος
590 1098 757 1136 Porsen
779 1098 892 1135 Mise.
915 1097 1009 1134 239.
1058 1093 1156 1144 ἐστ,
1188 1093 1290 1133 ἐπὰν
1309 1095 1463 1134 Nauck.
1485 1095 1603 1133 Mein.
1626 1095 1743 1133 Anal.

192 1155 285 1196 Ath.
319 1155 413 1192 149.
460 1154 572 1200 παῖζε
601 1155 627 1193 1.
659 1167 693 1192 e.
725 1166 830 1192 ama.
877 1152 1084 1191 Herwerd.
1115 1151 1209 1191 Obs.
1240 1152 1328 1190 crit.
1360 1152 1425 1189 61.

785 1263 1161 1297 PTNAIKOMANIA

961 1340 987 1381 9

759 1431 846 1485 ἤδη
877 1429 980 1472 ποτ’
1011 1428 1212 1484 ἤκουσας
1240 1432 1344 1485 βίον

363 1499 659 1555 ἀληλεμένον;
690 1502 742 1541 Β.
774 1501 874 1540 ναί·
906 1493 1030 1540 τοῦτ’
1065 1498 1202 1540 ἐκεῖν’
1233 1497 1354 1540 ἐστὶν
1385 1500 1561 1553 σαφῶς·

361 1567 546 1623 ἄμητες,
577 1563 698 1617 οἶνος
726 1564 859 1622 ἡδύς,
891 1563 982 1623 ῷά,
1014 1572 1230 1621 σησαμαῖ,

362 1635 532 1717 μύρον,
563 1637 806 1690 στέφανος,
838 1632 1064 1688 αὐλητρίς.
1106 1637 1160 1675 A.
1194 1627 1230 1675 (3
1260 1632 1521 1689 Διοσκόρω,

314 1713 335 1743 5
368 1699 565 1759 ὀνόματα
596 1718 687 1746 των
718 1701 894 1744 δώδεκα
923 1703 1046 1743 θεῶν
1078 1700 1364 1755 διελήλυθας.

305 1798 535 1841 Athenaeus
561 1798 624 1845 14,
648 1798 763 1835 642a
793 1792 943 1834 ἐδίδοτο
972 1793 1017 1833 δὲ
1047 1793 1114 1834 καὶ
1143 1788 1223 1848 ᾠὸν
1252 1792 1296 1833 ἐν
1326 1798 1374 1847 τῇ
1393 1792 1557 1847 δευτέρα
1580 1792 1746 1848 τραπέζῃ

254 1852 421 1904 ΧἉμφις
452 1850 490 1891 δ’
522 1851 566 1892 ἐν
595 1851 906 1913 Ιυναικομανία
925 1854 1006 1890 κτλ.
1124 1853 1163 1890 2.
1201 1847 1440 1901 ἆληλεμενον
1469 1853 1553 1890 sine
1583 1864 1664 1892 acc.
1696 1851 1745 1892 A.

193 1910 263 1948 ναί
290 1908 531 1962 Schweigh.]
561 1909 609 1948 αἱ
632 1911 682 1949 Α.
781 1912 819 1948 3.
851 1902 925 1962 qia]
959 1919 1041 1946 ωσα
1070 1909 1130 1957 A,
1173 1909 1240 1957 qui
1270 1908 1404 1947 statim
1436 1917 1608 1958 σησαμαι
1637 1913 1677 1946 et
1707 1910 1746 1947 4.

191 1963 624 2018 αὐλητρισωδιοσκορω.
713 1969 753 2005 5.
787 1948 959 2017 δώδεκα]
991 1977 1050 2008 ΙΒ
1081 1966 1130 2003 A.
1176 1960 1384 2014 τῶνόματα
1415 1964 1619 2003 He1werd.
1651 1963 1745 2004 Obs.

191 2025 280 2062 erit.
312 2025 378 2062 62.
423 2037 504 2062 non
533 2025 661 2063 reete:
701 2037 802 2072 nam
830 2023 980 2073 septem
1010 2021 1287 2060 tantummodo
1317 2021 1480 2059 nomina
1509 2033 1743 2059 commemo-

192 2080 315 2129 ravit3
355 2081 545 2119 excidisse
583 2082 716 2118 autem
753 2091 912 2118 versum
948 2091 1025 2127 quo
1067 2078 1241 2127 quinque
1271 2077 1349 2115 alia
1379 2077 1556 2115 ciborum
1584 2077 1745 2115 nomina

191 2136 382 2175 recensita
411 2137 581 2182 suerint,
611 2136 870 2186 inprobabilis
900 2137 961 2174 est
991 2134 1213 2173 casauboni
1234 2133 1470 2172 coniectura.
1516 2133 1615 2172 tales
1637 2133 1744 2172 cibos

194 2193 227 2229 Β
256 2193 353 2231 dicit
383 2193 458 2230 sibi
487 2206 569 2231 non
598 2194 728 2231 minus
757 2195 895 2242 gratos
925 2204 1010 2230 esse
1042 2203 1160 2240 quam
1191 2190 1396 2228 duodecim
1426 2190 1537 2237 deos,
1579 2189 1627 2228 de
1658 2190 1743 2238 qui·

192 2250 267 2288 bus
297 2249 346 2287 cf.
378 2261 477 2298 quae
507 2250 555 2287 ad
585 2250 711 2288 Arist.
741 2249 814 2288 Av.
848 2248 900 2287 95
932 2247 1222 2286 adnotavimus.
1275 2246 1318 2284 in
1346 2258 1601 2296 personarum
1631 2249 1743 2284 nota-

193 2307 301 2344 tione
331 2305 574 2343 Meinekium
604 2306 646 2344 in
675 2306 822 2344 Athen.
854 2304 915 2342 ed.
949 2305 1105 2343 secutus
1145 2315 1250 2350 sum,
1289 2315 1529 2352 quamquam
1566 2314 1639 2351 pro
1679 2300 1748 2340 ναί

193 2361 444 2400 scribendum
475 2362 644 2400 arbitror
673 2375 766 2410 παι,
805 2360 938 2400 verbis
976 2372 1162 2410 personae
1194 2359 1233 2395 A
1263 2358 1502 2397 addendum.
1557 2357 1740 2396 Eustath.

195 2419 315 2468 1859,
338 2419 391 2457 48
421 2412 684 2466 ἀληλεσμένον
713 2417 803 2469 βίον
833 2417 904 2467 ζῆν
934 2414 1113 2468 λέγονται
1142 2414 1182 2453 οἵ
1201 2412 1363 2481 ῥαδίως
1393 2412 1459 2452 καὶ
1488 2409 1650 2460 ἀπόνως
1679 2413 1740 2465 βι-

191 2479 342 2520 οῦντες.
389 2474 497 2514 Suid.
516 2468 772 2524 ἀληλεσμένος
796 2472 882 2525 βίος
913 2469 974 2510 ἐπὶ
1007 2477 1087 2510 τῶν
1117 2469 1161 2509 ἐν
1189 2465 1370 2523 ἀφθονίᾳ
1401 2470 1481 2509 τῶν
1510 2467 1742 2520 ἐπιτηδείων

190 2528 1205 2580 ὄντων.01.Ζο1101).1,21.Β1030111311.1,17.

943 2640 995 2681 lO

493 2716 731 2774 Εὐρύβατε
762 2717 1033 2771 κνισολοιχέ,
1066 2714 1148 2758 οὐκ
1180 2714 1278 2758 ἔσθ’
1312 2715 1433 2766 ὅπως

490 2785 575 2829 οὐκ
606 2784 913 2840 ὀλβιογάστωρ
945 2780 985 2825 εἷ
1013 2783 1085 2826 σύ.

304 2869 527 2908 Athenaeus
559 2871 603 2916 9,
628 2869 743 2907 386e
774 2872 845 2905 τοῦ
871 2865 945 2917 μὲν
976 2859 1276 2917 ὀλβιογάστορος
1293 2861 1445 2915 ’Ἄμφις
1474 2861 1664 2915 μέμνηται
1696 2859 1740 2902 ἐν
