1890 3190
389 194 642 230 APPTPIOT
668 193 960 231 ΑΦΑΝῙΣΜΟΣ
986 211 1030 218 -
1055 193 1381 228 ΑΡΧΕΣΤΡΑΤῘΙ
1621 191 1676 235 27

199 289 258 339 ἄν
289 297 438 352 σκοπῇ
466 294 520 339 τοὶ
551 298 643 339 τῶν
673 296 842 350 ἰατρῶν
870 296 955 338 τοῦ
983 296 1089 351 βίου
1117 294 1334 351 τεκμήρια

196 360 274 415 τὰς
304 363 474 420 φλέβας
503 361 552 408 θ’
575 363 680 407 ὅποι
710 364 949 419 φέρονται,
980 362 1059 414 τὰς
1088 362 1184 406 ἅνω
1214 362 1290 406 καὶ
1319 360 1398 413 τὰς
1427 363 1550 405 κάτω

194 433 459 488 τεταμένας,
490 429 553 476 δι’
578 425 645 475 ὦν
675 429 700 474 ὁ
731 430 899 487 θνητὸς
928 435 1016 482 πᾶς
1045 432 1323 490 κυβερνᾶται
1352 432 1462 486 βίος.

225 525 459 567 Athenaeus
493 528 556 575 10,
579 526 705 566 4441)
746 520 988 577 Ἀντιφάνης
1035 523 1078 565 ἐν
1114 520 1302 579 Ἀρκαδία
1348 522 1424 580 (sio
1461 526 1583 565 etiam
1622 524 1676 576 A)

34 618 46 621 „
111 581 240 635 φησίν
260 585 341 623 κτλ.
417 585 455 623 4.
489 580 642 635 δηλαδὴ
675 583 838 634 supplet
867 582 1032 623 Grotius
1064 583 1251 633 Excerpt.
1274 584 1368 634 603,
1399 581 1548 636 χρυσίῳ
1579 582 1679 622 Her-

111 641 233 681 werd.
267 639 362 681 obs.
396 641 482 681 crit.
505 641 572 680 45.
632 642 765 680 totum
796 653 957 680 versum
988 640 1095 680 delet
1123 639 1171 679 L.
1192 614 1377 679 Dindort’*
1411 640 1526 681 Thes.
1558 640 1586 679 1.
1607 652 1678 692 gr.

109 695 263 750 μικρός.
380 699 416 738 6.
447 712 502 736 αν
532 695 774 750 Schweigh.]
808 693 880 735 ἐὰν
909 697 958 736 A.
1078 698 1116 736 7.
1150 691 1197 734 θ’
1229 696 1319 737 add.
1358 696 1479 736 Dind.
1532 692 1602 744 τοὶς
1640 710 1679 736 τε

112 751 262 807 φλέβας
292 755 414 795 Mein.
531 751 642 808 οποι]
672 751 754 804 ὅπη
784 755 905 794 Mein.
937 754 1053 794 Anal.
1086 752 1186 793 Ath.
1210 754 1306 793 200.
1356 753 1462 797 idem
1494 751 1563 801 τὰς
1593 750 1680 793 ἄνω

35 852 37 854 .
111 825 152 851 τε
181 809 249 851 καὶ
277 809 400 851 κάτω.

224 868 320 908 mihi
349 869 441 920 plus
471 868 594 908 etiam
624 869 688 909 hic
718 869 878 909 videtur
908 869 1117 908 turbatum
1147 880 1245 908 esse.
1287 881 1380 907 nam
1410 865 1517 915 ὅστις
1546 861 1682 918 ’μεῖζον

29 932 33 934 “
111 921 141 976 ἢ
159 921 247 964 κατ’
267 922 492 977 ἄνθρωπον
511 928 658 978 φρονεῖ
675 926 730 978 (v.
747 922 792 980 3)
822 926 1038 966 manifesto
1067 926 1102 965 is
1134 928 1195 965 est
1226 926 1295 976 qui
1327 927 1469 966 contra
1496 927 1680 966 naturam

111 982 331 1023 humanam
361 984 468 1023 inter
498 983 630 1023 ebrios
661 983 820 1023 sobrius
850 995 935 1023 esse
966 983 1068 1023 vult.
1116 983 1150 1022 is
1179 985 1312 1022 autem
1342 983 1385 1022 in
1414 983 1550 1023 lasano
1580 983 1681 1022 nihil

37 1051 40 1054 ’
113 1041 210 1080 novi
240 1040 381 1091 discet,
413 1041 482 1080 sed
515 1040 599 1079 sine
631 1040 752 1080 dubio
782 1041 824 1079 in
856 1040 912 1079 eis
945 1053 1046 1091 quae
1078 1040 1350 1091 sequebantur
1380 1040 1420 1079 in
1446 1041 1582 1080 odium
1602 1053 1683 1080 om-

113 1097 226 1136 nium
256 1097 484 1147 lepidorum
515 1098 720 1137 hominum
752 1098 955 1136 incurrere
985 1098 1205 1139 dicebatur.
1255 1099 1396 1136 contra
1428 1098 1497 1149 qui
1518 1097 1685 1149 pecunia

39 1171 41 1173 ¹
111 1154 305 1204 superbus
348 1167 468 1205 supra
504 1154 606 1194 alios
638 1167 679 1194 se
719 1155 870 1193 elatum
908 1167 994 1194 esse
1025 1155 1230 1205 opinatur,
1270 1155 1306 1194 is
1335 1156 1444 1194 reete
1475 1156 1516 1194 in
1546 1155 1683 1194 lasano

111 1214 279 1251 naturae
323 1211 434 1263 leges
478 1211 640 1251 iubetur
681 1223 932 1263 cognoscere.
1002 1212 1139 1262 itaque
1190 1212 1269 1262 duo
1314 1224 1478 1275 prorsus
1523 1212 1683 1251 diversa

109 1268 340 1318 fragmenta
358 1268 424 1308 hic
444 1269 735 1319 conglutinata
743 1281 830 1308 esse
851 1269 1029 1309 arbitror
1049 1282 1094 1309 eo
1116 1269 1224 1319 quod
1255 1271 1438 1334 utroque
1458 1262 1478 1307 ὃ
1498 1265 1685 1320 μεῖζον’“
1655 1282 1681 1318 η

109 1319 200 1364 κατ’
219 1322 442 1377 ἄνθρωπον
462 1330 629 1378 φρονων
649 1326 1044 1375 commemorabatur,
1075 1327 1178 1366 alter
1206 1327 1250 1366 in
1282 1327 1478 1377 convivio,
1511 1326 1613 1365 alter
1641 1327 1684 1366 in

113 1383 301 1422 universa
330 1383 414 1423 vita
444 1383 655 1434 superbus.
707 1383 820 1423 cuius
851 1385 985 1422 autem
1015 1384 1184 1423 alterum
1216 1384 1270 1423 sit
1299 1384 1572 1435 fragmentum
1602 1396 1684 1423 non

29 1479 31 1483 ,
113 1441 283 1480 constat.
318 1461 366 1468 —
402 1440 440 1479 5.
474 1437 607 1490 αφοδ
617 1453 691 1491 ον,
721 1443 770 1480 ut
799 1441 923 1480 Arist.
947 1441 1054 1480 Eccl.
1079 1441 1204 1481 1059.

867 1551 922 1594 41

225 1646 457 1686 Athenaeus
489 1648 553 1695 13,
578 1648 659 1687 586
677 1660 700 1686 a
728 1640 972 1698 μνημονεύει
1003 1642 1042 1685 δ’
1074 1642 1202 1698 αὐτῆς
1233 1644 1467 1700 (Σινώπης)
1495 1641 1682 1696 Ἀντιφα-

111 1716 184 1753 νης
214 1700 259 1741 ἐν
285 1699 460 1755 Ἀρκάδι.
505 1705 554 1744 ef.
588 1705 747 1755 26,12.

725 1838 1069 1873 APrIAZOMENH

870 1917 926 1959 42

386 2005 543 2062 λαβών
573 2006 782 2060 ἐπανάξω
813 2008 1022 2063 σύαγρον
1054 2009 1118 2059 εἰς
1145 2008 1232 2065 τήν
1261 2009 1413 2052 οἰκίαν

382 2077 461 2132 τῆς
486 2074 654 2126 νυκτὸς
683 2074 821 2132 αὐτῆς
851 2077 927 2119 καὶ
954 2075 1116 2120 λέοντα
1147 2077 1221 2120 καὶ
1253 2076 1408 2120 λύκον.

225 2169 457 2210 Athenaeus
488 2172 526 2220 9,
550 2172 628 2211 401
650 2172 704 2210 ef
739 2168 812 2210 τὸν
846 2169 1050 2224 σύαγρον.
1099 2169 1366 2223 ,Ἀντιφάνης
1411 2169 1455 2211 ἒν
1490 2168 1682 2220 Ἁρπαζο-

112 2224 213 2280 μένῃ
242 2224 369 2274 ουτως
400 2223 582 2278 ωνόμασε
618 2230 698 2266 κτλ
817 2231 855 2269 1.
895 2226 1098 2281 ἐπανάξω]
1140 2226 1324 2281 ἐπανήξω
1363 2230 1502 2270 Cobet.
1534 2231 1684 2270 Mnem.

112 2284 149 2322 V
181 2284 247 2323 81.
311 2288 353 2323 at
383 2285 660 2336 coniungenda
697 2288 792 2325 sunt
827 2286 951 2326 verba
982 2284 1168 2335 ἐπανάξω
1198 2286 1252 2332 εἰς
1283 2284 1358 2338 τὴν
1387 2285 1520 2326 οἰκίαν
1548 2282 1685 2338 αὐτῆς.

116 2341 185 2381 sed
217 2354 307 2381 cum
346 2342 515 2381 alienam
547 2343 708 2382 domum
736 2356 852 2383 nemo
881 2357 1012 2394 neque
1042 2345 1189 2384 reverti
1222 2357 1350 2395 neque
1371 2344 1558 2384 reducere
1578 2346 1684 2395 quic-

113 2411 232 2448 quam
262 2399 408 2449 possit,
441 2399 697 2439 scribendum
726 2400 889 2440 videtur
917 2398 1055 2453 λαβὼν
1083 2398 1209 2454 μέγαν
1237 2398 1321 2449 α’ξω
1350 2402 1432 2440 κτλ.
1533 2401 1582 2440 de
1613 2412 1683 2440 συ-

113 2452 222 2508 άγρῳ
252 2455 302 2497 cf.
335 2455 508 2498 Lobeck.
539 2456 692 2508 Phryn.
715 2457 811 2497 381.

734 2615 1064 2649 ΑΡΧΕΣΤΡΑΤΗ

165 2708 168 2710 ·
229 2694 295 2733 Sic
340 2698 445 2733 recte
489 2696 699 2746 scribitur,
743 2709 825 2735 non
851 2693 1117 2748 Ἀρχιστρᾶτη.
1177 2698 1348 2737 Meinek.
1381 2698 1400 2736 Ι
1432 2699 1526 2736 329.
1591 2712 1683 2737 nam

121 2763 282 2800 prorsus
314 2751 505 2790 differunt
524 2747 742 2819 αρχέλαος,
770 2748 1094 2804 Ἀρχεπτόλεμος,
1121 2749 1387 2822 Ἀρχέπτολις,
1404 2745 1449 2791 Α
1457 2752 1684 2806 ρχεστρα

114 2821 134 2846 τ
147 2820 218 2858 ος,
245 2803 489 2860 Ἀρχέτιμος,
510 2803 731 2860 αρχέτυπος
752 2812 794 2850 et
813 2805 1167 2863 ἆρχιγραμματευς,
1188 2807 1405 2863 ἄρχιερευς,
1426 2807 1685 2864 ἅρχιθέωρος,

41 2886 44 2888 -
113 2860 540 2918 ἆρχιστρατηγός,
570 2861 823 2918 ἀρχιτέκτων,
852 2868 932 2908 alia
961 2869 1002 2908 id
1032 2881 1171 2919 genus.
