1806 3216
573 173 782 209 ΑΔΗΛΩΝ
806 173 1078 210 nummu
1524 171 1608 215 527

785 275 866 319 170

246 351 428 411 σαπρὰν
456 361 652 411 γυναῖκα
683 352 724 397 δ’
748 350 772 398 ὁ
803 352 968 411 τρόπος
998 352 1236 411 εὔμορφον
1264 361 1403 398 ποιεῖ·

248 422 368 467 πολὺ
396 422 483 479 γὰρ
512 423 718 479 διαφέρει
746 421 966 479 σεμνότης
996 421 1258 479 εὐμορφίας.

157 517 344 570 Compar.
376 518 484 557 Men.
515 521 556 558 et
586 518 687 557 Phil.
719 530 759 567 p.
784 517 883 556 363.
975 519 1011 556 1.
1044 514 1082 556 δ’
1116 518 1208 557 add.
1241 517 1360 557 Mein.
1450 514 1607 569 σαπρᾶς

14 613 18 616 ,
42 578 240 628 γυναῖκας
259 597 316 604 -
336 568 562 627 ευμόρφους
599 574 774 614 Lobeck.
806 573 953 625 Phryn
987 575 1082 614 378.
1186 575 1224 613 2.
1255 571 1334 626 γὰρ
1364 574 1456 613 add.
1491 574 1606 614 Grot.

44 645 88 684 γε
119 633 254 683 Mein„
285 633 364 672 duo
394 632 620 684 fragmenta
648 644 733 672 esse
762 632 972 671 coniciens.
1534 656 1538 660 »

786 742 863 784 171

273 820 462 878 γνώμην
491 817 700 877 πονηρὰν
730 821 785 876 τῇ
812 821 998 876 γυναικὶ
1027 819 1087 877 μὴ
1117 821 1271 864 δίδου·

275 887 481 946 ἐλαφρὸν
509 887 561 933 τὰ
589 890 721 944 γένος
750 886 837 944 γάρ
868 888 964 932 ἐστι
994 889 1069 932 καὶ
1100 892 1204 932 λίαν
1233 890 1387 933 κακόν.

157 984 342 1036 Compar.
373 985 480 1024 Men.
510 986 551 1024 et
578 983 681 1024 Phil.
712 998 751 1034 p.
774 984 870 1024 364.
963 986 996 1026 1.
1027 969 1148 1023 δίδον
1173 987 1406 1036 corruptum
1438 985 1609 1025 videtur.

41 1042 80 1082 2.
110 1042 167 1082 sic
197 1042 318 1081 Mein.
360 1054 432 1093 pro
470 1038 647 1094 ἐλαφρὸν
681 1037 758 1093 γάρ
799 1038 882 1079 ἐστι
920 1037 964 1080 τὸ
1002 1039 1130 1093 γένος.
1181 1041 1232 1081 ad
1262 1042 1442 1083 Aetolum
1471 1038 1541 1096 (fr.
1565 1038 1609 1097 6)

41 1099 168 1138 refert
196 1099 316 1139 Mein.
784 1151 864 1195 172

266 1229 376 1275 ὅταν
405 1229 507 1274 τινὰ
537 1232 689 1288 τάφον
718 1237 963 1287 στεφανοῖς
993 1230 1145 1289 κόσμῳ
1174 1234 1382 1290 ποικίλῳ,

264 1297 316 1342 τὸ
345 1301 425 1355 ζῆν
454 1299 506 1342 τὸ
536 1301 710 1343 σαυτοῦ
740 1299 983 1355 στεφάνοις
1012 1300 1275 1357 παρηγόρει.

158 1393 343 1445 Compar.
373 1395 480 1433 Men.
512 1396 553 1434 et
582 1394 685 1434 Phil
719 1408 757 1445 p.
781 1394 875 1434 364.
995 1397 1033 1436 1.
1073 1388 1106 1433 03
1132 1390 1236 1445 ’τοίη
1267 1408 1398 1444 ταφον
1426 1392 1610 1448 στεφάνῳ

42 1449 82 1490 τί
119 1453 277 1502 κοσμεῖς
316 1450 430 1491 Grot.
480 1449 611 1502 μα’την
650 1464 779 1500 ταφον
809 1447 1042 1500 στεφάνοισι
1071 1454 1231 1502 κοσμεῖς
1261 1450 1452 1499 ποικίλοις
1482 1452 1607 1491 Dobr.

42 1509 213 1549 Adv.11
244 1509 340 1548 292.
430 1509 467 1547 2.
497 1503 733 1576 στεφανοις]
765 1505 982 1559 στέμμασιν
1010 1509 1214 1548 Heinsius.
1257 1506 1328 1547 τὸν
1358 1509 1484 1555 ζῶντα
1515 1518 1611 1547 σαν-

39 1563 116 1605 τὸν
144 1567 226 1613 τοῖς
256 1575 314 1604 στ.
338 1565 461 1604 Dobr.
500 1578 550 1604 an
579 1562 677 1603 ὅταν
707 1563 835 1615 τάφον
865 1562 1051 1620 στεφάνῳ
1081 1562 1132 1604 σὺ
1162 1570 1312 1620 κοσμῇς
1343 1579 1402 1616 π.,
1430 1562 1436 1619 Ι
1463 1563 1507 1604 τὸ
1536 1566 1612 1617 ζῆν

43 1619 213 1662 σεαυτὸν
241 1624 322 1669 τοῖς
352 1631 464 1672 στεφ.
494 1621 763 1674 παρηγορεῖςῗ

782 1722 863 1765 173

274 1791 361 1842 ζῶν
389 1787 476 1846 γὰρ
507 1788 654 1833 α’σκοῦ
683 1791 836 1846 σαυτῷ
864 1789 1107 1846 στεφάνων
1137 1790 1212 1833 καὶ
1241 1789 1383 1846 μύρα·

275 1858 418 1915 χρήση
448 1858 538 1914 γὰρ
566 1856 722 1909 αὐτοῖς
752 1859 1025 1913 αἰσθόμενος
1054 1857 1160 1913 μεθ’
1182 1856 1362 1914 ἡδονῆς.

156 1941 342 1992 Compar.
365 1942 470 1981 Men.
493 1944 533 1981 et
554 1941 655 1980 Phil.
678 1955 716 1992 p.
729 1942 824 1981 364.
907 1944 941 1983 1.
973 1938 1049 1993 γὰρ
1078 1937 1226 1993 ἀσκοῦ]
1258 1951 1466 1992 παρασχου
1490 1941 1608 1981 Mein.

43 1993 267 2048 στεφάνους
298 1998 383 2038 cod.
416 1998 542 2038 Paris.
594 1999 730 2049 itaque
761 1995 984 2049 στεφανους
1014 2003 1166 2053 σεαυτῷ
1197 1999 1276 2046 ζῶν
1304 1995 1512 2050 παράσχου
1542 1995 1610 2037 καὶ

42 2053 149 2107 μύρα
179 2055 230 2095 Η.
253 2055 386 2095 Iacobi
407 2056 530 2095 Mein.
553 2055 613 2095 ed.
634 2056 731 2094 min.
755 2068 835 2095 x1x.
925 2056 961 2097 2.
991 2056 1048 2095 sic
1077 2039 1266 2095 Heinsius
1296 2069 1367 2106 pro
1397 2051 1495 2106 μεθ’
1511 2051 1607 2106 ἡδο-

98 2127 118 2159 ς
149 2110 405 2162 αἰσθόμενος.
443 2113 611 2152 offendit
631 2113 814 2155 aoristus.
855 2113 1023 2153 fortasse
1052 2110 1344 2164 αἰσθανόμενος
1374 2109 1513 2164 χρήσει
1533 2109 1610 2164 γὰρ

44 2171 183 2216 αυτοῖς
213 2165 354 2220 ἡδέως.

294 2289 382 2333 κᾶν
411 2289 540 2345 μέχρι
569 2290 748 2345 νεφέων
779 2288 862 2345 τὴν
892 2287 1044 2345 ὀφρύν
1073 2287 1361 2347 ἀνασπάσῃς,

298 2355 322 2400 ὁ
350 2356 551 2407 θάνατος
580 2355 725 2413 αὐτὴν
755 2360 906 2400 πᾶσαν
936 2357 1115 2401 ἑλκύσει
1146 2358 1280 2401 κάτω.

159 2441 344 2490 Compar.
375 2441 482 2480 Mon.
511 2443 555 2480 et
584 2440 688 2479 Phil.
719 2453 758 2491 p.
776 2441 869 2480 364.
951 2443 987 2479 1.
1019 2455 1097 2479 καν
1126 2438 1202 2492 τὴν
1230 2433 1362 2491 ὀφρὺν
1390 2437 1501 2491 μέχρι
1530 2445 1612 2479 τῶν

46 2494 202 2548 νεφέων
231 2496 547 2537 D0b1.Adv.11
570 2498 664 2537 292.
716 2494 788 2535 ἐὰν
815 2495 892 2549 γὰρ
920 2493 1034 2566 μέχρι
1065 2502 1201 2548 νεφῶν
1230 2497 1315 2537 cod.
1337 2497 1425 2539 Pur.
1453 2512 1508 2535 αν
1535 2495 1611 2549 γὰρ

44 2551 156 2606 μέχρι
187 2557 327 2603 νεφῶν
356 2554 408 2593 H.
431 2553 578 2594 Iacobi.
648 2554 687 2592 2.
721 2552 873 2605 πᾶσαν]
905 2547 1030 2600 αὖθις
1059 2554 1265 2594 Herwmmd
1287 2554 1389 2594 Nov.
1411 2554 1502 2593 add.
1524 2554 1611 2594 erit.

47 2612 115 2651 38.
173 2613 217 2650 al:
246 2610 454 2650 Philemon
494 2609 635 2650 dicit
646 2622 735 2649 eum
766 2613 892 2650 totum
922 2611 1098 2650 laborem
1128 2623 1234 2650 mors
1263 2611 1429 2650 inritum
1461 2610 1608 2650 saciet!

45 2680 174 2718 neque
205 2662 384 2715 ἑλκύσω,
423 2666 660 2717 Hippocrati
689 2666 946 2718 Lucianoque
975 2679 1058 2706 non
1087 2668 1290 2718 ignotum,
1322 2680 1411 2706 cum
1439 2667 1610 2707 aot-istus

47 2725 271 2775 antiquitus
301 2723 423 2763 fuerit
451 2720 641 2773 εἴλκνσα,
671 2723 916 2763 Philemonis
946 2724 1067 2763 aetati
1097 2723 1406 2763 abiudioandum
1437 2724 1607 2763 videtur.

50 2803 98 2810 —
132 2781 234 2820 Poll.
259 2781 304 2830 2,
327 2781 381 2819 49
412 2777 480 2825 τὰς
510 2775 637 2831 ὀφρῦς
666 2778 807 2848 αἴρων
822 2776 844 2818 ὁ
876 2775 1220 2831 ὑπερηφανος,
1258 2777 1324 2818 καὶ
1356 2794 1424 2826 τας
1454 2775 1610 2831 ὀφρύας

46 2832 240 2877 ἀνασπῶν
269 2833 300 2886 ἢ
328 2836 488 2889 αἰωρῶν
516 2832 544 2888 ἢ
572 2832 807 2875 ἀνέλκων
780 2852 804 2887 η
835 2831 1057 2876 ἀνατείνων
1085 2832 1186 2888 ὑπὲρ
1217 2851 1264 2876 τα
1295 2834 1409 2887 νέφη.
