1864 3204
193 182 276 224 342
837 184 1089 221 ΑΛΕΞΙΔΟΣ

192 290 274 333 tim,
304 300 354 326 ne
375 288 480 326 Nub.
497 289 579 326 390
598 289 770 338 quidem.
835 291 898 328 17.
921 290 1089 329 fortasse
1110 287 1195 328 ἅνω
1225 288 1459 342 πάρεισιν
1487 289 1744 346 ἀποφυγών.

197 345 261 383 18
283 338 383 394 ἧσθ’
408 342 496 394 ἄρα.
527 345 575 386 cf.
596 358 695 395 quae
717 346 766 384 ad
788 346 910 386 Arist.
933 346 1040 385 Nub.
1065 348 1145 385 165
1176 347 1465 387 adnotavimus.
1547 352 1612 390 19.
1632 352 1746 403 λογο-

192 396 341 451 γράφος
373 401 439 451 qui
470 402 646 441 mercede
676 403 892 442 conductus
922 403 1009 441 aliis
1040 403 1236 443 orationes
1267 404 1419 443 scribit.
1458 406 1660 446 Demosth.
1678 410 1743 458 19,

194 458 276 496 250
306 452 378 496 εἶτ’
409 453 456 494 οὐ
487 455 535 496 σὺ
567 456 778 509 σοφιστής;
816 457 882 497 καὶ
918 455 1091 509 πονηρός
1129 455 1272 510 γε.οὖ
1303 454 1354 498 σύ
1383 461 1646 514 λογογράφος;
1677 461 1745 503 καὶ

192 515 304 560 θεοῖς
335 512 478 565 ἐχθρός
498 528 554 566 γε.
592 511 617 553 ὃ
646 512 767 566 λέγεις
798 511 845 553 οὐ
866 513 987 566 λέγεις
1019 517 1146 566 ‘quod
1175 518 1237 556 vis
1267 517 1395 556 dicere
1415 531 1496 557 non
1517 519 1626 570 dieis,
1659 521 1686 558 i.
1707 533 1743 560 e.

191 571 297 619 quod
334 572 431 609 dieis
469 584 549 610 non
586 572 782 622 signifieat
810 573 852 610 id
883 573 988 622 quod
1018 577 1062 611 tu
1092 576 1221 622 putas.
1271 574 1427 612 laudem
1457 577 1501 614 tu
1530 575 1631 615 hano
1661 589 1745 617 esse

192 627 385 676 opinaris,
424 627 492 666 sed
530 629 787 678 oppiffobiium
817 629 858 667 in
889 632 1014 667 artem
1046 629 1136 668 est?
1168 628 1302 670 Cobet.
1331 630 1384 668 N.
1416 631 1442 670 l.
1475 633 1540 671 21.
1576 654 1625 661 —
1657 646 1745 673 con-

191 683 369 733 loquissur
399 683 559 723 Glaucia
590 697 738 735 coquus
768 698 857 724 cum
887 686 1120 724 administro
1150 688 1196 725 ut
1226 687 1396 725 videtur.

869 806 961 850 125.
995 807 1075 849 126

415 883 469 926 οὐ
498 885 656 939 γέγονε
686 886 903 940 κρείττων
934 885 1182 941 νομοθέτης
1210 888 1293 928 τοῦ
1324 888 1545 930 πλουσίου

407 950 731 1006 Ἀριστονίκου.
781 954 934 1007 τίθησι
963 952 1048 1008 γὰρ
1079 952 1185 995 νυνὶ
1214 953 1371 1008 νόμον,

413 1022 503 1061 τῶν
534 1020 832 1074 ἰχθυοπωλῶν
862 1019 982 1071 ὅστις
1012 1019 1068 1063 ἂν
1099 1023 1264 1064 πωλῶν
1293 1037 1381 1064 τινι

415 1085 550 1141 ι’χθύν
579 1084 856 1143 ὑποτιμήσας
887 1086 1083 1131 ἀποδῶτ’
1108 1089 1344 1140 ἐλάττονος

363 1166 383 1196 5
414 1149 466 1210 ἧς
497 1152 592 1198 εἷπε
621 1159 769 1211 τιμῆς,
804 1157 866 1205 εἰς
894 1154 944 1198 τὸ
975 1157 1284 1211 δεσμωτήριον

417 1222 556 1272 εὐθὺς
586 1221 838 1277 ἀπάγεσθαι
869 1227 1046 1278 τοῦτον,
1080 1224 1156 1266 ἵνα
1187 1226 1439 1276 δεδοικότες

413 1294 489 1345 τῆς
519 1289 642 1342 ἀξίας
672 1288 921 1344 ἀγαπῶσιν,
953 1291 982 1347 ἢ
1011 1294 1088 1347 τῆς
1119 1291 1307 1347 ἑσπέρας

418 1355 618 1413 σαπροὺς
648 1357 848 1409 ἅπαντας
878 1357 1168 1414 ἀποφέρωσιν
1197 1363 1362 1403 οἶκαδε.

341 1466 348 1473 ,
415 1424 654 1468 κάνταῦθα
686 1426 760 1468 καὶ
790 1430 933 1482 γραῦς
963 1427 1037 1469 καὶ
1066 1429 1213 1482 γέρων
1244 1430 1318 1470 καὶ
1349 1431 1530 1473 παιδίον

345 1504 386 1534 10
417 1493 640 1549 πεμφθεὶς
670 1493 863 1545 ἅπαντες
893 1493 1168 1549 ἀγοράσουσι
1200 1495 1309 1541 κατα
1342 1498 1523 1553 τρόπον.

414 1628 469 1672 οὐ
500 1630 658 1684 γέγονε
688 1628 797 1684 μετά
830 1631 1021 1674 Σόλωνα
1052 1634 1267 1687 κρείττων
1297 1631 1404 1676 οὐδὲ
1436 1628 1499 1685 εἷς

413 1696 721 1752 Ἀριστονίκου
751 1699 1019 1754 νομοθέτης·
1051 1696 1105 1741 τοὶ
1135 1698 1175 1742 τ’
1200 1700 1313 1742 ἄλλα
1344 1699 1430 1756 γάρ

413 1765 743 1821 νενομοθέτηκε
773 1768 917 1808 πολλὰ
948 1767 1022 1809 καὶ
1053 1775 1243 1810 παντοῖα
1275 1768 1353 1824 δή,

413 1835 523 1875 νυνί
548 1849 595 1874 τε
625 1831 786 1876 καινὸν
816 1835 1012 1889 εἰσφέρει
1043 1835 1184 1890 νόμον
1213 1836 1314 1878 τινὰ

345 1911 385 1941 15
417 1904 633 1956 χρυσοῦν,
665 1899 714 1943 τὸ
745 1902 803 1957 μὴ
835 1905 1003 1945 πωλεῖν
1035 1902 1320 1959 καθημένους
1351 1907 1414 1947 ἔτι

413 1965 517 2018 τοὺς
547 1967 854 2023 ἰχθυοπώλας,
887 1968 961 2012 διὰ
990 1971 1146 2020 τέλους
1175 1971 1217 2013 δ’
1241 1971 1497 2026 ἑστηκότας’

414 2033 495 2078 εἶτ’
518 2037 580 2085 εἰς
609 2036 750 2079 νέωτά
781 2049 891 2093 φησι
920 2037 1114 2092 γράψειν
1144 2039 1470 2094 κρεμαμένους,

414 2104 488 2145 καὶ
517 2106 686 2146 θᾶττον
716 2101 1033 2160 ἀποπέμψουσι
1063 2103 1169 2156 τοῦς
1199 2104 1507 2162 ὠνουμένους,

416 2169 504 2213 ἀπὸ
534 2175 733 2228 μηχανῆς
762 2175 1019 2223 πωλοῦντες
1049 2171 1201 2229 ὥσπερ
1233 2174 1279 2216 oc
1303 2177 1417 2218 θεοί.

307 2266 536 2305 Athenaeus
559 2266 595 2315 6,
618 2267 732 2305 2263.
762 2263 840 2305 κάν
869 2272 924 2321 τῷ
954 2265 1106 2317 Λέβητι
1138 2264 1180 2305 δέ
1209 2278 1333 2318 φησιν
1363 2265 1384 2307 ὁ
1414 2265 1532 2316 αὐτὸς
1561 2265 1745 2320 ποιητής·

193 2318 240 2361 οὐ
270 2321 404 2374 γέγονε
427 2344 471 2349 -·
491 2319 590 2360 κατὰ
624 2320 779 2370 τρόπον.
827 2322 894 2362 καὶ
922 2321 1133 2375 προελθὼν
1163 2322 1205 2362 δέ
1235 2335 1378 2375 φησιν·
1410 2321 1455 2363 οὐ
1486 2323 1621 2377 γέγονε
1649 2323 1746 2376 μετὰ

191 2382 270 2417 κτλ.
360 2381 397 2418 2.
437 2379 553 2428 post.
580 2374 848 2425 Ἀριστονίκου
877 2381 1106 2420 Athenaeus
1135 2382 1327 2431 quaedam
1359 2383 1535 2421 omisisse
1556 2383 1744 2422 videtur?

193 2436 325 2475 Dindf.
371 2432 490 2485 ’θηκε
526 2433 600 2486 γὰρ
638 2436 862 2486 Emporius.
913 2435 1009 2486 φησὶ
1047 2434 1122 2489 γὰρ
1151 2434 1296 2487 θήσειν
1326 2436 1449 2488 νόμον
1477 2439 1597 2478 Mein.
1630 2439 1745 2479 Anal.

193 2494 286 2531 Ath
312 2494 379 2531 97.
439 2493 476 2530 3.
509 2505 584 2529 τινι
613 2492 725 2531 Pors.
746 2493 914 2532 Advers.
939 2493 1010 2546 50]
1040 2491 1112 2533 τὸν
1132 2494 1180 2532 Α.
1260 2495 1298 2532 4.
1320 2491 1561 2544 ἐπιτιμήσας
1590 2494 1744 2536 Coraes.

197 2551 235 2587 7.
277 2546 346 2594 τὰς
376 2543 487 2594 ἀξίας
523 2544 729 2599 ἀγαπῶσιν
759 2549 880 2588 Mein.
931 2554 1000 2601 τῆς
1029 2545 1143 2599 ἀξίας
1171 2550 1358 2588 πωλῶσιν
1389 2550 1436 2589 G.
1465 2551 1515 2589 A.
1545 2551 1744 2604 Hirsehig.

194 2605 300 2644 Ann.
332 2605 421 2643 erit.
447 2606 512 2642 12.
552 2605 664 2643 scrib.
697 2610 766 2655 τῆς
796 2601 907 2652 ἀξίας
937 2602 1203 2646 ἀποδῶσιν.
1254 2607 1304 2645 cf.
1336 2620 1435 2656 quae
1465 2608 1744 2648 adnotavimus

194 2662 242 2699 ad
265 2662 387 2699 Arist.
407 2661 505 2698 Ran
526 2661 647 2700 1235.
680 2661 820 2700 deinde
851 2656 924 2700 εἶτ’
946 2663 999 2708 εἰς
1031 2661 1112 2716 (vel
1146 2659 1203 2716 ἐς)
1236 2660 1407 2714 ἑσπέραν
1437 2662 1479 2702 Ο.
1546 2664 1586 2702 8.
1616 2660 1746 2703 ἅπαν-

192 2732 260 2763 τας
293 2717 404 2756 Grot.
436 2718 619 2766 Exeerpt
643 2715 743 2776 575]
774 2714 944 2765 ἅπαντες
975 2722 1023 2758 A.
1113 2721 1150 2758 9.
1181 2721 1348 2758 fortasse
1379 2716 1471 2757 κᾶν
1499 2725 1624 2770 γραῦς
1652 2717 1746 2760 κᾶν

194 2771 320 2824 γέρων
358 2769 451 2810 κᾶν
489 2776 583 2819 παῖς
615 2788 687 2819 τις
717 2776 742 2828 ᾐ
773 2773 986 2824 πεμφθείς.
1096 2777 1161 2815 10.
1192 2772 1415 2827 ἀγοράσωσι
1445 2775 1490 2815 C.
1598 2778 1662 2816 13.
1694 2775 1745 2827 δή

197 2827 380 2881 Grotius]
416 2827 460 2867 δέ
487 2829 537 2868 A.
598 2831 714 2870 initio
745 2827 1029 2882 νενομοθέτηκ’
1053 2827 1098 2870 εὗ
1128 2832 1334 2871 Herwerd.
1367 2833 1511 2879 Mnem.
1543 2845 1634 2872 nov.
1665 2833 1746 2872 IIII
