1864 3204
243 160 327 201 496
865 156 1165 190 ΦΙΛΗΜΟΝΟΣ

246 262 321 312 ἔχει
352 258 391 299 δ’
416 259 457 299 ἐν
488 259 619 310 κύκλῳ
649 255 821 310 καόμενα
852 257 986 312 ὸάὸια.
1019 255 1208 309 Φιλήμων
1237 256 1282 297 ἐν
1311 259 1458 313 Πτωχῇ
1484 255 1513 308 ἦ
1527 256 1656 328 Ροδίᾳ
1678 262 1794 311 (πτω-

245 324 316 369 χῶι
360 317 515 367 ηροὸιαι
556 313 611 370 A)
655 319 733 354 κτλ.
837 317 984 369 Πτωχῇ
1015 315 1181 354 casaub.
1283 317 1319 354 2.
1353 314 1534 366 σπονδὴν
1561 314 1647 366 ἅμα
1675 318 1796 357 Mein.

246 372 422 419 σπονδὰς
453 371 534 423 α’μα
566 373 711 411 Coraes
743 372 958 411 Schneider
989 373 1128 422 Suppl.
1159 373 1235 410 lex.
1264 373 1355 411 178.

361 432 398 468 2.
439 430 468 467 ὠ
509 427 651 466 πότνια
688 429 882 478 producta
911 429 1064 478 syllaba
1093 429 1729 477 p1ima,u1;Arist.Eool.369
1765 424 1799 469 οἷ

244 482 375 524 πότνι’
399 484 628 525 Εἰλείθυια.
666 486 833 524 fortasse
865 488 998 523 tamen
1026 482 1182 534 πότνια,
1213 482 1299 523 τὸν
1327 481 1426 535 ἆμφ.
1457 506 1512 514 -—·
1541 487 1582 525 in
1612 487 1733 537 exim,
1764 488 1798 526 si

245 543 441 581 crederem
482 543 702 591 Aeschylea
745 554 840 580 voce
879 542 1147 580 Philemonem
1190 555 1304 580 usum
1344 555 1446 591 esse,
1487 541 1810 582 scriberemwxoel·

245 598 370 636 σπονὸ
379 603 405 648 ἦ
416 613 433 644 ς
475 597 595 649 λίβα.
653 599 702 637 cf.
734 597 905 647 Choeph.
937 599 1031 636 292.
1082 599 1196 637 Eum.
1226 599 1280 636 54
1313 598 1515 652 (Bm-ges).
1564 599 1615 637 fr.
1646 600 1712 640 54.
1744 601 1797 639 69

247 656 396 694 Nauck.
993 707 1047 749 68

530 783 631 836 ἐξὸν
662 784 994 828 ἀποσάττεσθαι
1025 784 1065 826 δ’
1089 785 1199 840 ὅλην
1229 784 1312 840 τήν
1341 784 1527 841 ἡμέραν,

533 856 752 895 ποιοῦντα
783 853 857 895 καὶ
889 854 1073 896 διδόντα
1102 855 1300 908 ματτύας
1331 853 1426 896 ἐκεῖ
1442 880 1506 900 ,-

359 948 585 986 Athenaeus
617 949 680 997 14,
704 949 785 987 664
803 949 827 986 d
868 944 927 986 ὅτι
965 945 1009 985 δὲ
1038 944 1211 985 ὕστατον
1241 945 1307 985 καὶ
1337 945 1399 986 ἐπὶ
1428 953 1551 985 πᾶσιν
1581 947 1800 999 εἰσεφέρετο

243 1000 431 1056 (ματτύη)
452 1035 461 1043 .
481 1035 489 1043 .
509 1035 517 1043 .
536 999 724 1054 Φιλήμων
754 1001 797 1042 ἕν
818 1005 963 1057 Πτωχῇ
993 1006 1074 1042 κτλ.
1137 1001 1434 1042 ἀποσάττεσθαι
1462 1007 1668 1045 saburram]
1687 1007 1801 1045 Dale-

244 1074 368 1110 camp.
421 1061 469 1099 cf.
502 1061 653 1110 Diphil.
681 1062 756 1108 43,
778 1062 844 1099 41.
901 1061 1057 1110 saepius
1094 1062 1149 1099 sic
1178 1058 1403 1100 σάττεσθαι.
1454 1065 1628 1100 ceterum
1657 1075 1705 1101 ex
1740 1063 1802 1102 his

243 1118 404 1166 quidem
424 1131 676 1167 nequaquam
699 1118 907 1157 conficitur
922 1120 1116 1167 mattyam
1138 1130 1292 1167 semper
1310 1118 1450 1171 ultimo
1471 1119 1557 1157 loco
1578 1119 1798 1169 adpositam

245 1175 379 1212 fuisse.
995 1226 1050 1268 69

516 1306 556 1347 εἰ
584 1306 749 1356 πάντες
779 1302 1127 1361 άποθανούμεθ’
1149 1300 1216 1356 οἷς
1245 1304 1303 1361 μὴ
1333 1308 1505 1360 γίνεται

512 1371 541 1415 ὁὶ
569 1372 883 1429 βουλόμεσθα,
916 1373 1079 1423 πάντες
1109 1372 1483 1429 ἀποθανούμεθα.

246 1523 290 1561 ὃ
336 1468 556 1574 )St0baeus
586 1468 723 1506 Flmil.
758 1468 857 1518 108,
880 1471 904 1506 8
942 1463 1164 1518 Φιλήμονος
1198 1468 1367 1518 Πτωχῆς
1406 1464 1434 1519 ἢ
1458 1465 1608 1513 Ῥοδίας
1640 1470 1675 1507 Α
1704 1466 1799 1522 (ῥω-

273 1539 333 1570 ιας

999 1577 1054 1619 70

510 1653 694 1710 σπάθην
723 1657 1024 1711 παραφαίνων
1054 1653 1224 1710 δηλαδή
1257 1656 1557 1709 χρυσένδετον

359 1750 503 1788 Pollux
539 1751 714 1800 10,145
753 1749 789 1788 εἰ
825 1747 868 1787 δὲ
899 1755 1012 1788 τοῦτο
1041 1746 1265 1800 ἀμφίβολον
1303 1747 1463 1802 (σπάθη
1493 1751 1647 1789 idemne
1677 1752 1729 1790 sit
1758 1764 1803 1790 ac

245 1802 399 1872 ξίφος),
440 1805 631 1856 Φιλήμων
669 1803 711 1843 ἐν
736 1803 903 1852 Ῥοδίαις
935 1803 1088 1860 (Ροὸία
1120 1806 1256 1856 Mein)
1298 1803 1539 1858 σαφέστερον
1575 1803 1672 1845 αὐτὸ
1701 1810 1806 1846 ποιεῖ

245 1859 370 1913 λέγων
400 1864 481 1900 κτλ.
534 1864 584 1901 cf.
615 1865 863 1913 chrysendeta
893 1864 996 1913 apud
1028 1864 1265 1905 Martialem.

924 1997 1126 2030 ΠΤΡΡΟΣ

357 2066 514 2104 Titulus
545 2066 756 2116 ambiguae
787 2066 1098 2115 significationis.

997 2177 1046 2217 71

449 2254 497 2295 οἱ
522 2255 766 2309 φιλόσοφοι
799 2256 1021 2309 ζητοῦσιν,
1054 2251 1112 2304 ὥς
1142 2252 1337 2310 ἀκήκοα,

451 2323 552 2376 περὶ
582 2322 714 2364 τοῦτό
746 2320 788 2364 τ’
807 2319 961 2371 αὐτοῖς
991 2321 1132 2371 πολὺς
1163 2321 1408 2365 ἀναλοῦται
1439 2322 1622 2379 χρόνος,

448 2392 495 2430 τί
522 2388 644 2431 ἐστιν
675 2388 867 2443 ἀγαθόν,
900 2388 1035 2431 κούδὲ
1067 2384 1128 2439 εἷς
1159 2389 1321 2445 εὕρηκέ
1348 2405 1418 2432 πω

450 2458 495 2498 τί
524 2457 658 2499 ἐστιν.
711 2455 876 2512 ἀρετὴν
907 2457 981 2499 καὶ
1012 2457 1240 2538 φρόνησίν
1271 2469 1404 2512 φασι,
1437 2459 1511 2500 καὶ

395 2533 414 2563 5
446 2523 626 2577 λέγουσι
658 2524 803 2567 πάντα
833 2527 1006 2578 μᾶλλον
1035 2521 1063 2580 ἢ
1092 2527 1139 2567 τί
1164 2522 1378 2579 τάγαθόν.

451 2591 502 2633 ἐν
531 2590 655 2646 άγρςό
685 2592 929 2646 διατρίβων
959 2592 1041 2647 τήν
1071 2607 1118 2634 τε
1147 2595 1234 2646 γῆν
1265 2593 1478 2635 σκάπτων
1510 2591 1596 2647 ἐγώ

450 2661 539 2700 νῦν
570 2652 724 2713 εὗρον
758 2656 950 2714 εἰρήνη’
957 2661 1076 2701 στίν·
1109 2660 1143 2702 ὠ
1176 2663 1266 2702 Ζεῦ
1298 2663 1502 2715 φίλτατε,

452 2729 529 2781 τῆς
561 2727 869 2781 ἐπαφροδίτου
899 2727 972 2768 καὶ
1004 2725 1338 2782 φιλανθρώπου
1366 2731 1493 2770 θεοῦ.

447 2794 639 2848 γάμους,
672 2793 847 2849 ἑορτάς,
879 2802 1134 2848 συγγενεῖς,
1166 2795 1350 2848 παῖδας,
1383 2797 1567 2849 φίλους,
