1890 3190
283 193 336 235 76
896 196 1216 230 ΑΝΤΙΦΑΝΟΤΣ

283 297 329 337 G.
361 298 564 337 Kaibelius
592 300 634 337 in
664 299 752 337 Ind.
784 300 875 339 leet.
907 300 1017 338 Rost.
1049 301 1146 338 aest.
1174 301 1278 339 1883
1307 314 1345 350 p.
1366 301 1465 350 4sq.
1555 302 1620 339 10.
1650 297 1839 352 βούλεταί

282 368 339 400 τις
369 351 421 421 Β]
454 368 510 400 τις
539 353 721 406 βούλεται
753 355 800 394 A.
919 357 981 395 11.
1022 356 1200 394 lacunam
1231 356 1423 395 indicavit
1451 357 1634 396 Dindorf.
1665 354 1835 408 μάλιστα

282 411 345 449 vel
375 406 507 462 ὀρθῶς
536 425 579 462 γε
610 412 766 481 supplet
796 411 918 450 Dobr.
950 412 1054 451 Adv.
1086 412 1126 450 II
1157 414 1250 453 310.
1302 410 1463 457 τούτους
1493 409 1537 451 δὲ
1567 413 1618 452 Η.
1640 413 1776 454 Iacobi
1797 414 1837 452 V

283 468 351 505 77.
401 468 501 506 nihil
531 468 609 507 nisi
640 467 675 506 εἰ
701 465 755 518 μὴ
787 465 836 518 νὴ
871 468 949 505 Δία
979 465 1070 514 τοὺς
1102 465 1404 519 ἰχθυοπώλας..
1424 482 1538 517 ,μετα
1567 483 1610 520 γε
1631 468 1723 517 τοὺς
1741 483 1835 523 τρα-
1860 496 1863 497 ⁷

280 522 437 570 πεζίτας
468 524 683 574 genuinum
714 526 830 575 putat
861 524 1046 575 Cobetus,
1078 526 1199 564 verba
1228 539 1286 572 τις
1316 499 1504 577 βούλεται
1533 523 1660 576 λέγειν
1689 526 1835 567 ‘Grae-
1864 542 1867 543 ⁷

281 581 360 618 culi
389 580 559 619 hiulcam
582 581 818 620 sententiam
839 583 1056 631 utcumque
1077 582 1281 622 sarcientis
1303 582 1636 622 additamentum’
1657 594 1833 624 censens.

282 636 446 675 deinde
477 637 640 676 editoris
672 633 898 690 (Meinekii)
921 639 1146 677 temeritate
1167 635 1211 689 γε’
1231 639 1436 677 additum'
1460 635 1665 691 (βούλεταί
1679 637 1724 691 γέ
1742 636 1834 694 τις).

393 706 481 732 cum
519 707 555 732 v.
585 695 611 732 4
650 694 959 744 cf.A1-ist.Eq.
996 696 1096 744 716,
1135 698 1181 733 ‘et
1219 695 1267 733 de
1306 697 1471 734 aeeentu
1508 695 1680 734 nominis
1716 694 1835 746 τίτθη

284 749 498 792 Herodian.
530 750 550 788 I
581 751 681 798 311,
706 751 773 789 30.
835 763 922 790 cum
954 765 990 790 v.
1016 751 1065 788 12
1097 751 1220 790 Alist.
1254 752 1362 790 Eccl.
1399 752 1674 791 1053.1070.
1723 752 1831 793 Plut.

284 807 379 874 4435
443 806 594 856 Diphil.
626 808 678 845 87
724 807 969 857 comparavit
998 807 1199 847 Nauckius
1231 808 1348 857 Trag.
1381 821 1442 858 gr.
1475 808 1606 858 adesp.
1629 809 1710 847 345
1739 805 1761 846 ὁ
1790 805 1832 847 δ’

280 855 375 900 αυτ’
401 858 554 901 ἐκείνου
585 861 764 915 φθόγγος
797 860 1057 915 ἐξωλέστερος.
1108 863 1210 902 addo
1241 864 1397 903 Anaxil.
1431 865 1496 915 22,
1519 865 1584 904 31.

939 1008 1181 1042 MNHMATA

1022 1086 1104 1127 160

522 1167 619 1232 τῶν.
643 1166 1008 1220 Πυθαγοριστων
1040 1163 1083 1206 δ’
1107 1166 1266 1220 ἔτυχον
1297 1163 1454 1208 ἄθλιοί
1477 1179 1596 1214 τινες

523 1233 574 1276 ἐν
601 1235 655 1288 τῇ
684 1233 886 1289 χαράδρᾳ
916 1232 1163 1288 τρώγοντες
1193 1231 1327 1287 ἅλιμα
1359 1233 1433 1275 καὶ
1463 1230 1578 1275 κακοὶ

521 1303 706 1342 τοιαῦτα
736 1300 1027 1355 συλλέγοντες
1058 1301 1110 1343 ἐν
1139 1303 1200 1357 τῷ
1232 1299 1434 1357 κωρύκῳ.

391 1394 620 1433 Athenaeus
651 1395 827 1445 4,161a
867 1393 906 1432 τί
941 1390 988 1433 οὗ
1018 1408 1109 1442 τους
1140 1386 1451 1446 Πυθαγορικους
1482 1392 1657 1442 ἐκείνους
1687 1395 1832 1446 ζηλοῖς,

277 1449 365 1503 περὶ
395 1445 454 1489 (ὃν
483 1461 608 1502 φησιν
635 1446 876 1501 Ἀντιφάνης
907 1449 951 1489 ἐν
982 1450 1180 1502 Μνήμασι
1209 1449 1302 1490 τάδε
1331 1453 1412 1489 κτλ.
1533 1453 1567 1490 1.
1601 1452 1832 1504 Πυθαγορι-
1864 1495 1867 1497 ,

277 1508 379 1546 στῶν
396 1508 534 1547 Ε11113η1
553 1507 668 1547 Gens.
685 1508 829 1547 Edinb.
847 1508 920 1547 ΙΙΙ
927 1505 1028 1561 191]
1044 1509 1363 1573 Πυθαγορικῶν.
1440 1503 1478 1544 δ’
1490 1505 1629 1557 ἔτυχον
1646 1508 1809 1550 Porson.
1813 1507 1836 1560 ]

277 1561 320 1602 δὲ
351 1562 472 1615 τυχὸν
500 1565 547 1602 A.
637 1565 674 1603 2.
705 1566 823 1614 αλιμα
841 1560 934 1619 (sie)
955 1565 1003 1603 A.
1035 1559 1175 1615 α’λιμον
1203 1565 1353 1603 Nauck.
1384 1564 1528 1604 Philol.
1549 1564 1606 1603 VI
1636 1565 1731 1604 417.
1791 1566 1830 1604 3.

279 1618 321 1658 ἐν
352 1620 404 1675 τῷ
434 1617 620 1684 κωρύκῳ
631 1621 719 1659 add.
740 1621 949 1671 Koppiers.
973 1621 1067 1660 Obs.
1091 1623 1166 1660 41.
1200 1622 1422 1672 sequuntur
1450 1621 1556 1659 enim
1585 1621 1690 1671 apud
1709 1621 1831 1660 Athe·
1862 1635 1864 1637 ·

275 1691 421 1716 naeum
450 1678 544 1716 haee
573 1673 650 1715 κᾶν
679 1676 730 1731 τῷ
762 1676 907 1728 κυρίως
929 1675 1108 1731 Κωρύκω
1129 1672 1167 1715 δ’
1190 1674 1487 1730 ἐπιγραφομένῳ
1508 1677 1610 1727 φησί
1626 1673 1696 1731 (fr.
1718 1677 1830 1743 135),

391 1729 665 1785 Πυθαγόρειοι
684 1736 725 1773 et
745 1733 1029 1786 Πυθαγορικοί
1044 1734 1309 1785 plerumque
1298 1734 1425 1784 ipsius
1446 1734 1694 1784 Pythagorae
1714 1735 1828 1774 amici

279 1793 319 1829 et
357 1791 415 1830 dis
401 1791 543 1841 cipuli
581 1791 784 1840 dicuntur,
833 1789 1138 1842 Πυθαγορισταί
1171 1791 1296 1856 inepti
1324 1791 1454 1830 vietus
1483 1791 1566 1829 eius
1597 1803 1829 1841 morumque

276 1848 510 1888 imitatores.
562 1848 698 1897 itaque
729 1846 1040 1900 Πυθαγορισταί
1074 1848 1157 1887 fere
1195 1847 1345 1896 comici,
1375 1847 1512 1886 Alexis
1541 1847 1602 1886 bis
1633 1842 1826 1898 Πυθαγό-

277 1917 384 1955 ρειοι.
437 1901 749 1955 Πυθαγοριστής
778 1905 980 1944 comoedia
1008 1905 1087 1943 fuit
1115 1903 1427 1955 Aristophontis.
1453 1925 1500 1931 —
1532 1900 1676 1953 α’λιμον
1705 1903 1831 1942 Theo·

275 1962 463 2011 phrastus
494 1973 649 2026 semper
674 1960 866 2026 singulari
886 1973 1069 2011 numer03
1102 1961 1342 2009 Wimmerus
1363 1957 1517 2009 ἄλιμον.
1569 1959 1673 1999 Hist.
1704 1959 1759 2010 pl.
1789 1961 1828 2011 4,

277 2019 347 2065 16,
369 2018 392 2055 5
424 2014 591 2067 χαλεπὸς
621 2012 642 2054 ὁ
663 2011 840 2062 κύτισος·
871 2012 1066 2056 ἀπόλλυσι
1084 2014 1158 2082 γὰρ
1179 2008 1308 2055 πάνθ’
1324 2010 1377 2063 ὡς
1398 2015 1543 2054 εἰπεῖν·
1574 2012 1829 2067 ἰσχυρότερον

277 2070 319 2111 δὲ
349 2068 488 2111 τούτου
518 2070 560 2112 τὸ
590 2069 754 2123 α’λιμον·
785 2069 977 2112 ἀπόλλυσι
1004 2071 1079 2125 γὰρ
1110 2068 1179 2112 τὸν
1206 2069 1381 2112 κύτισον.

965 2206 1141 2241 ΜΟΙΧΟΙ

1017 2285 1094 2326 161

478 2362 561 2406 οὐκ
592 2365 714 2406 ἔστιν
745 2359 883 2407 οὐδὲν
912 2365 1078 2419 θηρίον
1107 2379 1199 2406 των
1229 2362 1402 2418 ἰχθύων

480 2430 795 2486 ἀτυχέστερον·
829 2433 892 2488 τῷ
920 2427 979 2487 μὴ
1008 2429 1094 2486 γὰρ
1125 2429 1330 2486 ἀποχρῆν
1359 2429 1611 2473 ἀποθανεῖν

480 2497 633 2548 αὐτοῖς
663 2498 868 2553 ἁλοῦσιν,
902 2495 995 2541 εἶτα
1025 2499 1422 2554 κατεδηδεσμένοις

479 2562 620 2617 εὐθὺς
648 2568 865 2622 ταφῆναι,
896 2565 1232 2622 παραδοθέντες
1262 2564 1415 2608 αθλιοι

426 2644 446 2675 5
477 2642 569 2684 τοῖς
599 2635 905 2688 ἰχθυοπώλαις
934 2641 1026 2684 τοϊς
1054 2636 1203 2683 κακῶς
1231 2632 1558 2688 ἀπολουμένοις

476 2700 692 2757 σήπονθ’,
725 2702 855 2744 ἕωλοι
885 2704 1082 2756 κείμενοι
1113 2699 1188 2743 δύ’
1209 2699 1374 2756 ἡμέρας

476 2768 506 2825 ἢ
536 2776 680 2824 τρεῖς·
713 2769 838 2823 μόλις
867 2767 910 2810 δ’
934 2768 1015 2811 ἐάν
1045 2767 1145 2811 ποτ’
1173 2764 1351 2823 ω’νητήν
1378 2766 1556 2823 τυφλὸν

479 2836 695 2892 λάβωσιν,
727 2837 891 2879 ἔδοσαν
922 2836 1011 2878 τῶν
1040 2838 1217 2891 νεκρῶν
1247 2833 1482 2888 ἀναίρεσιν

1819 2614 1834 2656 ⁶⁴.-
