1890 3190
278 135 333 178 88
893 134 1214 170 ΑΝΉΦΑΝΟΤΣ

876 204 878 206 ’
1013 234 1091 276 187

548 312 714 368 ὄμνυμι
744 310 786 354 δ’
809 311 933 367 ὑμῖν,
964 310 1149 367 ἄνδρες,
1181 310 1322 355 αὐτὸν
1352 308 1432 354 τὸν
1459 312 1587 367 θεόν,

551 379 597 432 ἐξ
629 374 685 422 οὗ
713 379 763 422 τὸ
793 381 984 435 μεθύειν
1014 381 1152 423 πᾶσιν
1180 378 1288 436 ἡμῖν
1316 381 1511 434 γίνεται,

550 441 579 502 ἦ
609 447 700 503 μὴν
731 446 911 490 ἑλέσθαι
941 449 1104 490 τοῦτον
1134 444 1193 490 ἂν
1223 449 1302 503 ζῆν
1333 446 1410 490 τὸν
1440 448 1543 501 βίον

548 511 576 570 ἢ
606 513 687 570 τὴν
718 514 949 558 Σελεύκου
977 517 1059 557 τοῦ
1088 515 1312 570 βασιλέως
1340 513 1579 570 ὑπεροχήν.

507 591 527 623 5
550 581 710 637 ῥοφεῖν
741 585 893 638 φακῆν
925 581 1024 625 ἐσθ’
1049 580 1136 638 ἡδὺ
1165 580 1223 637 μὴ
1257 582 1514 637 δεδοικότα,

551 652 760 705 μαλακῶς
789 649 1033 693 καθεύδειν
1063 648 1228 692 ἄθλιον
1259 650 1505 692 δεδοικότα.

393 745 622 784 Athenaeus
653 745 857 795 4,1560d
887 741 985 782 κατὰ
1017 741 1086 782 τὸν
1115 740 1220 794 ἡδὺν
1246 739 1477 794 Ἀντιφάνη,
1507 740 1550 790 ὃς
1580 741 1624 782 ἐν
1655 749 1700 798 τῇ
1720 745 1835 814 Παρ

281 798 518 854 εκδιδομέιῃ
549 799 624 851 ἔφη
654 802 734 841 κτλ
826 803 861 838 1.
894 797 938 838 δὲ
968 801 1018 839 Α.
1109 801 1145 838 2.
1179 795 1275 850 ἡμῖν
1306 798 1446 852 Mein.]
1475 796 1574 850 ὑμῖν
1601 800 1651 840 Α.
1739 801 1778 840 3.
1807 815 1834 851 η

280 855 363 907 μὴν
394 855 580 909 casaub]
610 852 707 907 ἡμῖν
735 855 784 895 A.
901 858 939 895 4.
972 853 1107 906 φακὴν
1138 857 1185 895 A.
1303 858 1339 895 6.
1371 858 1556 906 μαλακῶς
1586 853 1630 895 δὲ
1658 855 1837 896 δειπνεῖν

281 914 537 955 scribendum
575 916 644 952 aut
683 915 816 952 totum
845 926 1004 952 versum
1035 913 1255 962 Antiphani
1285 913 1591 952 abiudicandum
1621 926 1705 952 esse
1736 914 1835 952 Her-

280 972 488 1011 werdenus
541 972 675 1009 censet
714 970 859 1008 Mnem.
905 982 996 1008 nov.
1034 969 1091 1015 VI
1136 970 1201 1010 65.
1269 969 1544 1019 coniungenda
1582 971 1675 1009 sunt
1716 970 1836 1010 verb'a

279 1025 426 1066 ἄθλιόν
447 1025 526 1065 ἐστι
545 1028 734 1077 μαλακαῖς
755 1026 799 1078 (i,
815 1039 847 1064 e.
871 1023 915 1064 ἐν
935 1023 1135 1077 στρώμασι
1154 1022 1364 1079 μαλακοῖς)
1384 1024 1604 1064 καθεύδειν
1618 1023 1833 1065 δεδοικότα.

399 1230 608 1269 ‘Dubitari
637 1242 719 1268 non
744 1230 877 1279 potest
908 1230 1004 1279 quin
1034 1229 1232 1268 hominem
1253 1229 1476 1269 exhibuerit
1497 1229 1718 1269 Sanchonis
1736 1230 1837 1269 Pan·
1885 1218 1890 1239 ³

282 1288 369 1327 sae'
423 1288 486 1326 vel
532 1286 624 1325 Sam
655 1285 819 1324 Welleri
865 1285 1015 1325 ‘instar
1058 1285 1280 1335 proverbiis
1324 1286 1553 1325 ioculariter
1592 1286 1834 1326 ludentem&
1886 1309 1890 1316 ·

283 1343 456 1383 Meinek.
486 1343 506 1381 I
536 1343 629 1381 278.
1021 1395 1103 1437 188

555 1471 642 1528 ἐγώ
672 1472 758 1528 γὰρ
790 1472 849 1516 ἄν
878 1489 920 1515 τι
949 1476 1041 1516 τῶν
1071 1472 1300 1529 ὑμετέρων
1331 1474 1534 1530 φάγοιμι,

553 1541 752 1596 μύκητας
781 1539 931 1595 ὤμους
961 1540 1018 1584 ἂν
1049 1548 1214 1596 φαγεῖν
1245 1542 1343 1596 ἐμοὶ
1373 1542 1493 1584 δοκῶ

554 1610 628 1651 καὶ
658 1607 867 1664 στρυφνοὶ
895 1611 1014 1664 μῆλα
1045 1613 1118 1651 κεῖ
1141 1625 1183 1651 τι
1213 1611 1362 1664 πνίγει
1390 1610 1550 1664 βρῶμά
1579 1626 1633 1653 τι.

929 1148 1190 1182 ΠΑΡΟΙΜΙΑΙ
1881 1110 1890 1216 ἒ

1882 1240 1890 1270 1

1884 1271 1890 1308 Ξ

394 1703 620 1742 Athenaeus
643 1703 680 1753 2,
693 1703 812 1742 60de
843 1701 1134 1754 Κηφισόδωρος
1167 1699 1187 1741 ὁ
1205 1699 1456 1755 Ἰσοκράτους
1485 1701 1672 1755 μαθητὴς
1694 1701 1737 1743 ἐν
1759 1707 1839 1752 τοῖς

283 1758 383 1799 κατὰ
410 1757 755 1809 Ἀριστοτέλους..
774 1757 960 1812 ,ε’πιτιμα
997 1763 1048 1813 τῷ
1077 1756 1283 1814 φιλοσόφῳ
1313 1756 1368 1807 ὥς
1398 1757 1445 1798 οὐ
1470 1759 1691 1822 ποιήσαντι
1719 1759 1839 1813 λόγου

280 1814 394 1865 άξιον
423 1814 466 1855 τὸ
495 1815 705 1867 παροιμίας
735 1811 937 1867 ἀθροῖσαι,
966 1799 1232 1869 Ἀντιφάνους
1257 1799 1358 1855 ὅλον
1385 1811 1622 1866 ποιήσαντος
1644 1816 1775 1868 δρᾶμα
1794 1815 1838 1856 τὸ

283 1871 598 1925 ἐπιγραφόμενον
629 1872 859 1924 Παροιμίαι,
891 1870 930 1920 ἐξ
959 1870 1005 1911 οὗ
1035 1871 1102 1911 καὶ
1123 1872 1385 1925 παρατίθεται
1405 1872 1498 1912 τάδε
1517 1876 1597 1913 κτλ.
1666 1877 1701 1913 1.
1723 1869 1837 1926 ἔγωγ’

280 1927 335 1969 ἂν
365 1930 401 1969 εἰ
428 1934 507 1968 τῶν
537 1930 702 1968 Porson.
753 1927 922 1980 φάγοιμί
947 1943 983 1967 τι
1013 1928 1178 1969 Casaub.
1282 1931 1319 1968 2.
1352 1927 1435 1980 ἐμοι
1466 1930 1554 1969 add.
1586 1929 1754 1970 Oasaub.

285 1990 321 2026 3.
353 1985 420 2025 κεῖ
445 1999 480 2024 τι
509 1983 666 2036 Dindf.]
698 1983 764 2024 καὶ
794 1984 835 2023 εἴ
860 1999 907 2024 τι.
995 1985 1125 2037 πνίγει
1155 1982 1206 2038 C]
1238 1985 1383 2036 πνίγοι.
1471 1981 1603 2037 βρῶμ’
1626 1984 1682 2024 ἔτι
1703 1987 1838 2027 Dindf.

290 2038 508 2095 βρωμάτων
537 2043 655 2080 Mein.

396 2100 547 2149 primus
585 2110 720 2137 versus
755 2098 932 2137 nondum
970 2100 1203 2148 persana-bus
1248 2098 1417 2137 viderur.
1475 2101 1680 2139 aversatur
1707 2101 1840 2140 nescio

287 2156 376 2206 quis
407 2155 782 2205 Pythagoristarum
813 2156 955 2204 opinor
976 2155 1039 2194 vol
1060 2155 1290 2205 cynicorum
1311 2156 1471 2205 vicium,
1504 2157 1567 2195 vel
1586 2157 1841 2196 acerbissima

286 2214 326 2251 et
355 2212 582 2251 tristissima
610 2211 800 2250 alimenta
827 2211 998 2250 istorum
1029 2212 1134 2250 cenis
1165 2224 1205 2251 se
1235 2212 1437 2261 praeferre
1468 2212 1616 2252 dicens.

1026 2321 1105 2363 189

478 2400 674 2454 στίμμιν,
707 2399 956 2454 κάτοπτρα,
989 2399 1275 2455 κρωβύλους,
1307 2380 1636 2455 κεκρυφάλους.

399 2493 564 2533 Photius
594 2492 727 2543 στίμμι
756 2491 823 2532 καὶ
853 2493 1031 2544 στίμμιν·
1065 2490 1087 2532 ’ὅ
1116 2507 1218 2540 τινες
1240 2492 1382 2544 στίβην
1403 2491 1560 2548 (στῖβι).
1597 2491 1840 2545 Ἀντιφάνης

287 2547 636 2602 Παροιμιαζομένῳ
666 2552 744 2588 κτλ.
805 2549 1023 2601 κροβύλους
1052 2551 1136 2589 cod.
1196 2551 1410 2590 Herodian.
1430 2551 1450 2589 I
1471 2552 1564 2600 354,
1583 2554 1618 2590 7.
1649 2552 1690 2590 II
1711 2553 1804 2606 767,
1815 2555 1842 2590 4

287 2605 444 2656 στίμμι,
484 2603 579 2657 όπερ
615 2609 800 2657 γυναῖκες
837 2620 937 2644 κατα
973 2603 1066 2653 τοὺς
1096 2598 1330 2656 ὅφθαλμους
1361 2606 1546 2658 χρίονται.
1605 2608 1645 2646 II
1671 2610 1840 2659 767,17

288 2659 436 2713 εὑρέθη
466 2660 510 2700 δὲ
540 2661 608 2701 καὶ
638 2660 679 2700 τὸ
710 2662 844 2713 στίμμι
872 2662 1057 2713 θηλυκῶς
1087 2660 1298 2714 λεγόμενον
1325 2657 1412 2701 οἷον
1439 2660 1465 2714 ἡ
1481 2663 1641 2733 στίμμις
1661 2663 1842 2715 στίμμεος

288 2719 457 2765 ἰωνικως
486 2716 554 2756 καὶ
580 2718 770 2770 στίμμεως
798 2715 980 2770 άττικῶς,
1010 2716 1035 2770 ἡ
1055 2717 1249 2769 αἰτιατικὴ
1279 2718 1436 2770 στίμμιν
1455 2714 1547 2758 οἷον
1552 2715 1649 2758 Ἴων
1663 2716 1843 2775 Ὀμφάλῃ

288 2774 356 2826 (fr
381 2776 432 2814 25
454 2771 540 2828 N.).
