1864 3204
238 173 320 214 446
901 170 1129 204 ΣῼΦΙΛΟΤ

240 278 319 315 978
352 276 490 323 Mein.,
534 275 767 323 Tanayraea
795 275 975 312 meretrix
1005 272 1086 311 cic.
1117 272 1177 311 De
1210 273 1313 312 dom.
1345 274 1421 323 43,
1447 275 1540 313 111.
1628 269 1686 312 ἵν’
1713 270 1799 314 ἐκεῖ

240 330 536 381 ἐπιδορπίσηται
567 329 841 380 coniungenda
871 331 964 368 sunt
994 324 1331 380 οηιῑιᾶνεβόησέν
1360 343 1430 376 τις.
1466 351 1513 358 -
1545 330 1693 370 inridet
1718 343 1791 370 -no-

238 390 317 427 scio
348 388 435 437 quis
466 386 600 436 epulas
632 385 885 425 Graecorum.
961 387 999 424 5.
1032 381 1163 432 ὀνείας
1193 383 1367 437 ματτύας
1395 399 1467 436 per
1498 387 1665 426 irom‘am
1694 387 1793 427 dicit

237 445 344 482 cibos
374 444 600 482 vilissimos.
661 442 830 492 Hesych.
871 438 1062 492 Σκύθης·
1100 441 1289 494 παροιμία
1319 439 1382 481 ἐπὶ
1411 447 1493 482 τῶν
1521 439 1794 493 ἄκκιζομένων

236 497 309 550 μὲν
338 504 391 553 τῷ
420 497 535 565 λόγῳ,
567 496 663 551 ἔργῳ
694 495 738 536 δὲ
769 496 1005 549 ἐφιεμένων·
1037 497 1136 537 ἰδὼν
1165 497 1240 550 γάρ
1271 513 1327 545 τις
1359 495 1538 551 νεκρὸν
1567 513 1686 539 ονον
1716 497 1792 551 ἔφη

236 553 333 605 πρὸς
364 539 543 605 Σκύθην
580 552 816 612 παρόντα..
861 556 983 595 verba
1021 555 1229 604 deperdita
1267 556 1425 606 supplet
1462 556 1648 624 Append.
1678 569 1792 607 prov.

238 614 284 659 4,
309 613 360 649 74
399 609 564 650 δεῖπνόν
603 625 680 662 τοι,
719 613 749 649 ώ
783 610 943 650 Σκύθα.
995 607 1015 649 ὅ
1047 611 1091 649 δὲ
1122 609 1355 662 ἕβδελύξατο
1384 617 1560 664 πρωτον·
1592 607 1719 660 αὖθις
1748 609 1794 652 δὲ
1848 647 1850 650 ,

237 666 621 719 πολυπραγμονήσας
651 666 738 719 περὶ
768 664 889 706 αὐτὸν
921 666 1109 707 ἐπονεῖτο.
1156 681 1297 718 equum
1324 683 1396 719 pro
1417 672 1529 709 asino
1549 671 1703 720 ponunt
1725 670 1793 710 Ze-

237 725 330 764 nob.
355 725 392 774 5,
415 727 466 763 59
498 721 519 762 ὁ
551 719 723 773 Σκύθης
753 721 825 762 τὸν
854 723 989 763 ἵππον.
1031 725 1270 775 Diogenian.
1294 728 1331 774 7,
1357 727 1420 763 12.
1453 727 1562 766 Plut.
1583 727 1702 766 Prov.
1726 727 1792 767 20.

238 781 422 831 Apostol.
448 781 511 831 14,
534 782 601 820 88.
634 781 819 820 Eustath.
842 783 878 830 2,
904 783 970 820 16.
1001 781 1161 820 Pindar.
1184 783 1231 821 fr.
1258 756 1336 821 186
1357 783 1502 833 Bergk.
1524 780 1670 834 ἄνδρες
1691 779 1795 830 τινὲς

237 833 487 887 οἷκκιζόμενοι
511 835 672 875 Σκύθαι
704 835 847 889 νεκρὸν
877 836 1002 876 ἵππον
1033 835 1230 889 στυγέοισι
1250 836 1360 905 λόγῳ
1390 852 1584 889 κταμενον
1613 837 1658 878 ἕν
1677 849 1792 889 φαει·
1850 885 1852 888 y

238 897 375 943 κρυφᾶ
396 890 439 932 δὲ
461 891 641 940 σκολιοὺς
662 891 826 944 γένυσιν
845 890 1070 946 ἆνδὲροισιν
1093 890 1218 942 πόδας
1239 889 1309 946 ἠδὲ
1329 891 1794 945 κεφαλας.61’.Βοθο](11.

237 951 351 989 Pind.
382 951 431 989 fr.
464 965 502 1000 p.
528 952 620 990 665.

821 1006 1215 1039 ΣΤΝΤΡΕΧΟΝΤΕΣ

354 1074 414 1113 Cf.
448 1087 548 1124 quae
581 1075 629 1113 ad
661 1077 938 1125 cognominem
969 1075 1148 1115 Alexidis
1178 1077 1354 1116 fabulam
1384 1077 1675 1117 adnotavimus.

512 1249 535 1293 ὁ
564 1250 873 1307 πορνοβοσκὸς
902 1254 989 1307 γάρ
1019 1252 1068 1308 μ’
1091 1252 1181 1296 ὑπὸ
1213 1256 1514 1309 κνισολοιχίας

509 1321 680 1376 χορδήν
709 1319 802 1362 τιν’
824 1320 1046 1374 αἱματῖτιν
1077 1319 1199 1378 αὐτῷ
1230 1322 1448 1364 σκευάσαι

512 1387 722 1430 ἐκέλευσε
751 1391 940 1443 ταυτηνί
966 1404 1034 1443 με.

355 1471 583 1510 Athenaeus
606 1471 775 1520 3,125e
807 1468 850 1508 ἐν
880 1467 923 1509 δὲ
953 1474 1032 1517 τοῖς
1065 1469 1389 1524 ἐπιγραφομένοις
1410 1469 1678 1523 Συντρέχουσι
1707 1485 1794 1510 κνι-

241 1526 442 1578 σολοιχιάν
481 1525 638 1579 εἴρηκεν
668 1523 892 1580 (Σώφιλος)
924 1525 966 1566 ἕν
1003 1526 1156 1575 τούτοις
1185 1531 1267 1568 κτλ.
1358 1532 1392 1568 1.
1423 1541 1470 1580 με
1499 1529 1548 1567 Α.
1637 1530 1676 1568 2.
1708 1541 1794 1567 τινα
1856 1541 1864 1586 J

241 1583 289 1623 A.
380 1585 418 1622 3.
450 1583 618 1634 ταυτηνί
643 1597 690 1634 με
722 1582 964 1637 Schweigh]
997 1599 1161 1635 ταυτιην
1191 1583 1257 1636 ἐμέ
1286 1586 1334 1624 A.

761 1707 1058 1741 ΤΤΝΔΑΡΕΩΣ
1083 1709 1118 1741 H
1142 1708 1279 1741 ΛΗΔΑ

353 1775 673 1815 Commemorant
703 1776 844 1816 suidas
874 1779 915 1816 et
942 1778 1129 1817 Eudoeia.
1180 1779 1350 1818 Meinek.
1381 1778 1400 1816 I
1430 1779 1526 1816 425.

885 1889 1157 1922 ΦΤΛΑΡΧΟΣ

355 1957 417 1996 Cf.
450 1958 631 1997 Mnesim.
662 1959 701 2007 4,
725 1959 766 1999 4.
799 1981 848 1985 -
882 1957 1076 2011 Φίλαρχος
1106 1959 1254 1998 Asshen.
1286 1961 1324 2008 3,
1350 1960 1460 1998 1256
1491 1961 1532 1997 et
1562 1958 1672 1998 Suid.
1704 1956 1796 1996 Σώ-

242 2016 370 2063 φιλος.
421 2011 592 2053 Meinek.
624 2015 644 2052 I
673 2015 768 2053 425.
1001 2070 1027 2110 6

512 2145 788 2202 γαστρισμὸς
818 2148 940 2189 ἔσται
972 2147 1181 2202 δαψιλής·
1213 2146 1266 2189 τόι
1296 2149 1506 2202 προοίμια

513 2211 605 2267 ὁρῶ
671 2248 1020 2258 .....
1087 2214 1462 2270 χορτασθήσομαι.

512 2279 566 2336 νὴ
599 2279 677 2323 τὸν
707 2283 954 2336 Διόνυσον,
986 2280 1170 2338 ἄνδρες,
1200 2280 1285 2338 ἤδη
1315 2285 1524 2338 στρηνιῶ.

355 2375 580 2414 Athenaeus
612 2377 660 2426 3,
687 2378 800 2415 lOOa
831 2369 1013 2424 Σώφιλος
1052 2373 1096 2414 ἐν
1128 2372 1323 2429 Φυλάρχῳ
1353 2378 1434 2415 κτλ.
1521 2390 1557 2415 v.
1583 2377 1606 2414 2
1638 2377 1794 2427 explere

242 2433 372 2470 conati
405 2433 500 2470 sunt
528 2432 680 2481 Iacobs.
712 2432 817 2472 Add.
849 2434 945 2472 Ath.
979 2434 1045 2472 66.
1086 2434 1206 2472 Mein.
1226 2433 1345 2472 Anal.
1367 2433 1460 2474 Ath.
1481 2433 1551 2472 45.
1588 2433 1794 2474 Herwerd.

243 2489 390 2527 Mnem.
422 2501 514 2529 nov.
544 2488 626 2526 IIII
657 2490 751 2528 299.
803 2490 936 2528 taedet
973 2490 1068 2528 talia
1106 2491 1327 2529 tentamina
1364 2490 1526 2528 referre.
1587 2489 1634 2528 de
1673 2489 1795 2529 verbo
1838 2498 1840 2501 ’

245 2549 435 2595 στρηνιᾶν
464 2545 512 2584 cf.
544 2544 760 2595 Antiphan.
784 2547 851 2584 82.

1013 2600 1036 2641 7

513 2674 746 2733 ὀψοφάγος
777 2674 816 2719 εἴ
845 2676 920 2719 καὶ
951 2677 1243 2732 κνισολοιχός.

355 2759 584 2798 Athenaeus
605 2759 763 2806 3‚125e
794 2755 815 2797 ὁ
836 2760 1077 2810 κνισολοῖχος
1099 2756 1192 2813 (ser.
1215 2757 1474 2810 κνισολοιχός)
1494 2757 1574 2798 ἔστι
1594 2757 1699 2811 παρα
1722 2756 1797 2811 μὲν

244 2814 415 2866 Σωφίλῳ
445 2813 490 2853 ἐν
523 2814 705 2868 Φιλάρχῳ
735 2812 861 2862 οὕτως
891 2818 971 2858 κτλ,
1011 2816 1246 2856 Eustathius
1270 2817 1389 2866 1817,
1402 2817 1454 2855 38
1485 2813 1618 2867 ω’σπερ
1647 2812 1691 2854 τὸ
1709 2818 1793 2856 κτλ.
