1806 3216
177 226 306 273 554,

855 220 1066 254 ΔῙΦΙΛΟΤ

361 333 380 364 5
412 325 476 373 τίς
507 321 611 364 ἐσθ’
636 319 659 364 ὁ
690 319 836 375 θύων,
868 316 895 375 ἢ
926 319 1071 363 πόθεν
1103 322 1367 362 συνίσταται

407 390 455 432 τὸ
490 391 691 444 δεῖπνον,
721 388 750 444 ἢ
781 388 998 443 κέκληκεν
1028 386 1302 442 ἀνθρώπους
1331 390 1468 438 τίνας.

411 460 532 501 ἔστιν
563 456 604 499 δ’
631 455 844 500 ἁπάντων
873 459 964 498 τῶν
994 458 1141 510 γενῶν
1171 470 1246 510 μοι
1277 455 1528 511 διαγραφή,

409 527 470 575 εἰς
500 533 605 567 ποῖα
635 527 835 580 μισθοῦν
865 522 893 579 ἢ
924 523 1240 578 φυλάττεσθαί
1265 539 1319 578 με
1351 524 1431 566 δεῖ.

410 587 507 635 οἷον
538 591 588 635 τό
621 589 733 635 κατά
763 589 1055 647 τούμπόριον,
1074 591 1130 633 ἐἰ
1157 590 1336 645 βούλει,
1367 592 1508 645 γένος.

341 671 382 702 10
412 660 667 716 ναύκληρος
697 659 891 703 ἀποθύει
921 675 986 708 τις
1016 656 1166 714 εὐχήν,
1200 656 1444 713 ἀποβαλών

409 727 487 771 τὸν
520 727 643 771 ἱστὸν
673 727 702 784 ἢ
732 728 926 783 πηδάλια
958 729 1205 781 συντρίψας
1234 726 1368 781 νεώς,

407 796 437 852 ἢ
469 794 618 851 φορτί’
644 795 841 851 ἐξέρριψ’
864 793 1140 851 ὑπέραντλος
1168 796 1431 850 γενόμενος·

414 863 564 919 ἀφῆκα
595 864 673 907 τὸν
704 866 932 906 τοιοῦτον·
968 861 1105 905 οὐδὲν
1134 861 1274 918 ἡδέως

399 940 533 975 Δποιεῖ
558 930 645 987 γάρ
677 925 827 984 οὗτος,
860 930 961 973 ἀλλ’
985 929 1094 974 ὅσον
1124 930 1269 986 νόμου
1300 930 1443 986 χάριν.

340 1009 380 1040 15
413 999 526 1055 ὁμοῦ
558 1001 607 1043 δὲ
637 1007 734 1049 ταῖς
763 1000 1003 1042 σπονδαῖσι
1034 999 1329 1052 διαλογίζεται

409 1076 501 1118 τοῖς
531 1069 840 1122 συμπλέουσιν
871 1064 1039 1108 ὁπόσον
1071 1065 1300 1121 ἐπιβάλλει
1329 1068 1462 1122 μέρος

407 1138 570 1190 τιθείς,
601 1135 654 1178 τά
684 1134 733 1178 θ’
758 1132 899 1177 αὑτοῦ
931 1133 1154 1189 σπλάγχν’
1176 1133 1360 1184 ἕκαστος
1391 1134 1548 1178 ἐσθίει.

411 1202 509 1246 ἀλλ’
534 1203 683 1259 ἔτερος
713 1204 1035 1246 εἰσπέπλευκεν
1067 1203 1117 1245 ἐκ
1148 1204 1399 1253 Βυζαντίου

409 1279 625 1326 τριταῖος,
658 1270 857 1326 ἀπαθής,
891 1269 1173 1325 εὐπορηκώς,
1205 1269 1444 1325 περιχαρὴς

336 1350 380 1380 20
411 1341 472 1388 είς
502 1338 596 1381 δέκ’
622 1338 693 1381 ἐπὶ
722 1342 776 1395 τῇ
806 1341 895 1394 μνᾷ
924 1338 1157 1392 γεγονέναι
1189 1338 1263 1379 καὶ
1293 1337 1490 1393 δώδεκα,

413 1409 564 1449 λαλῶν
594 1405 646 1448 τά
678 1409 824 1448 ναῦλα
855 1405 930 1448 καὶ
961 1404 1107 1448 δάνει’
1133 1405 1411 1461 ἐρυγγάνων,

409 1473 638 1530 ἀφροδίσι’
663 1473 753 1517 ὑπὸ
784 1473 974 1524 κόλλοψι
1003 1481 1276 1529 μαστροποῖς
1305 1476 1468 1516 ποιών·

410 1538 499 1585 ὑπὸ
529 1545 691 1584 τοῦτον
722 1540 918 1593 ὑπέκυψ’
945 1540 1086 1592 εὐθὺς
1118 1541 1416 1596 ἐκβεβηκότα,

408 1608 490 1665 τὴν
522 1609 673 1661 δεξιὰν
706 1609 937 1664 ἐνέβαλον,
971 1609 1204 1664 ἐμνήσθην
1234 1607 1345 1660 Διὸς

336 1687 378 1718 25
411 1682 631 1733 σωτῆρος,
664 1677 894 1732 ἐμπέπηγα
924 1677 986 1734 τῷ
1015 1678 1259 1720 διακονεῖν.

409 1749 612 1795 τοιοῦτος
643 1743 666 1787 ὁ
695 1743 872 1801 τρόπος.
924 1745 1158 1799 μειράκιον
1190 1746 1307 1800 ἐρῶν
1338 1745 1474 1788 πάλιν

407 1811 461 1856 τὰ
491 1817 675 1869 πατρῷα
705 1813 865 1868 βρύκει
896 1813 969 1855 καὶ
1001 1816 1181 1870 σπαθᾷ,
1213 1800 1472 1868 πορεύομαι.

408 1879 496 1924 ἀπὸ
527 1883 770 1936 συμβολῶν
801 1882 1058 1935 συνάγοντα
1088 1879 1143 1935 νή
1176 1879 1253 1923 Δί’
1276 1878 1404 1937 ἕτερά
1434 1896 1525 1924 που

409 1950 622 2004 ἐνέβαλεν
652 1951 714 1999 εἰς
743 1947 825 1991 τὸν
857 1950 1053 2004 κέραμον
1085 1949 1388 2004 ἐνευρημένα,

333 2027 377 2058 30
406 2017 459 2059 τὰ
490 2015 709 2071 κράσπεδ’
735 2016 1040 2072 ἀποθλιβέντα
1071 2017 1145 2058 καὶ
1177 2017 1426 2071 κεκραγότα

408 2083 626 2141 εὀψάριον
656 2083 871 2139 ἀγοραῖον
902 2091 1050 2127 ποιεῖν
1078 2086 1144 2134 τίς
1171 2085 1432 2139 βούλεται;’

410 2154 469 2196 ἐῶ
498 2155 636 2208 βοοῖν·
668 2151 840 2208 πληγὰς
868 2148 954 2206 γάρ
986 2154 1054 2195 ἔνι
1083 2152 1452 2207 προσλαμβάνειν

411 2221 605 2263 ἐλθόντα
635 2221 709 2263 καὶ
739 2219 821 2275 τὴν
852 2217 983 2274 νύχθ’
1010 2218 1122 2276 ὅλην
1152 2221 1394 2263 διακονεῖν.

407 2287 456 2331 τό
488 2286 732 2344 μισθάριον
760 2289 846 2343 γὰρ
878 2284 934 2330 ἂν
965 2287 1176 2343 ἀπαιτῇς,
1208 2286 1367 2343 ‘duma
1395 2304 1472 2343 μοι

290 2383 292 2385 v
332 2366 375 2396 35
407 2358 561 2411 ἔνεγκε
592 2359 795 2411 πρῶτων
829 2358 982 2412 φησίν.
1034 2354 1156 2406 εὅξος
1185 2354 1212 2411 ἡ
1244 2358 1367 2411 φακῆ

409 2422 492 2466 οὐκ
524 2421 641 2479 εἶχε.’
695 2424 830 2467 πάλιν
860 2422 1049 2480 ᾔτησας,
1081 2423 1283 2478 εοἰμώξει
1311 2421 1460 2479 μακροὶ

407 2495 581 2546 πρῶτος
610 2494 878 2547 μαγείρων’,
911 2492 1063 2547 φησίν.
1113 2491 1241 2545 ἕτερα
1271 2493 1410 2546 μυρία

408 2564 591 2603 τοιαῦτα
623 2559 905 2614 καταλέξαιμ’
930 2558 998 2601 ἀνι
1051 2553 1107 2602 οὗ
1138 2559 1187 2602 δὲ
1217 2561 1305 2600 νῦν
1336 2557 1380 2600 σ’
1401 2558 1512 2613 ἄγω,

409 2630 624 2683 πορνεῖόν
656 2628 772 2682 ἐστι,
804 2627 1058 2676 πολυτελῶς
1083 2625 1271 2669 Ἀὃώνια

333 2706 377 2737 40
406 2695 567 2751 ἅγουσ’
593 2695 744 2751 ἑταίρα
775 2693 878 2750 μεθ’
903 2694 1067 2750 ἑτέρων
1099 2697 1283 2749 πορνῶν
1314 2695 1470 2750 χύδην.

410 2762 578 2806 σαυτὸν
609 2762 848 2814 ἀποσάξεις
878 2764 958 2804 τόν
987 2778 1035 2805 τε
1067 2764 1239 2805 κόλπον
1269 2758 1540 2817 ἀποτρέχων.

294 2870 521 2910 Athenaeus
553 2870 590 2920 7,
613 2869 725 2908 291f
761 2864 782 2907 ὁ
822 2865 863 2908 δὲ
899 2865 1006 2919 παρὰ
1049 2866 1203 2921 Διφίλῳ
1239 2865 1284 2906 ἐν
1320 2872 1373 2921 τῷ
1402 2865 1608 2920 Ζωγράφῳ
1638 2862 1729 2921 (μά-
