1864 3204
0 0 118 63 r*
201 0 203 3 ·

426 191 593 227 ΓΡΔΦΗ
620 210 659 216 —-
689 191 984 226 ΔΗΜΗΤΡΙΟΣ
1010 193 1042 226 Η
1068 191 1376 227 ΦΙΛΕΤΑῙΡΟΣ
1589 191 1673 234 313

223 296 454 337 Athenaeus
477 272 542 345 10,
552 296 668 336 4430
697 297 827 343 καλῶς
857 293 957 348 πρὸς
987 294 1080 343 τοὺς
1100 293 1208 336 ουτω
1229 293 1451 344 λάπτοντας
1474 293 1544 336 τὸν
1562 290 1674 336 οἶνον

105 347 128 391 ὁ
160 347 281 400 αὐτὸς
302 350 503 401 Ἄλεξις..
523 348 619 393 κάν
650 352 861 406 Δακτυλίῳ
891 355 970 393 κτλ.

863 463 921 506 44

381 517 572 572 ἐκκόψαι

221 598 311 642 ἀντὶ
331 601 401 642 τοῦ
424 608 584 654 νικῆσαι
603 600 758 655 κύβοις.
782 600 933 651 ’Ἀλεξις
953 602 1176 672 Δακτυλίῳ.
1198 604 1365 644 Bekker.
1385 604 1534 644 Anecd.
1555 606 1620 654 92,
1632 605 1671 644 5.

109 658 252 700 Suidas
281 661 323 700 et
352 659 524 700 Zonaras
556 661 636 700 671
669 655 860 709 ἐκκόψαι·
903 664 1073 711 νικῆσαι.
1122 673 1248 707 ουτως
1271 657 1434 709 Ἄλεξις.
1496 661 1672 713 Hesych.

109 713 413 767 ἐκκεκομμένος·
446 712 467 757 ὁ
497 714 563 756 διὰ
594 721 666 756 τοῦ
694 712 884 769 κυβεύειν
913 714 959 755 τὰ
989 713 1117 757 αὑτοῦ
1146 713 1357 765 ἀπολέσας.

550 863 842 898 ΔΗΜΗΤΡΙΟΣ
868 864 904 897 H
929 863 1234 906 ΦΙΛΕΤΑΙΡΟΣ

225 944 338 984 Sexti
377 944 547 995 Turpilii
576 944 819 984 Demetrium
854 957 902 984 ex
933 945 1110 985 Alexidis
1152 946 1290 985 fabula
1328 945 1549 986 derivatam
1588 959 1673 986 esse

111 1004 308 1041 concentu
343 1002 391 1040 fr.
423 1002 478 1041 46
522 1014 612 1040 cum
659 1001 894 1052 Turpiliano
925 1003 950 1042 5
996 999 1065 1056 (Ο.
1095 999 1307 1042 Ribbeck.²
1346 1000 1421 1054 87)
1467 1004 1671 1053 probatur.

113 1070 193 1108 qua
221 1070 264 1097 re
294 1058 469 1097 concidit
498 1058 687 1098 Meinekii
717 1059 850 1111 opinio
883 1058 919 1110 (Ι
951 1059 1051 1110 388)
1084 1059 1332 1099 Demetrium
1363 1072 1447 1099 esse
1477 1060 1674 1100 Poliorce-

108 1116 205 1154 tam.
251 1115 301 1154 cf.
332 1114 489 1156 Fielitz.
521 1115 582 1154 De
605 1114 692 1154 Att.
716 1127 817 1155 com.
840 1115 987 1166 bipart.
1012 1118 1066 1156 10
1095 1117 1185 1156 adn.
1213 1117 1277 1156 12.
1308 1117 1387 1156 iam
1418 1129 1507 1156 cum
1538 1117 1673 1156 Plauti

110 1170 231 1211 verba
261 1171 401 1212 Bacch.
424 1173 519 1211 911.
544 1173 595 1210 12
627 1173 750 1221 phura
778 1184 824 1212 ex
851 1185 912 1212 mc
941 1175 1074 1213 audiet
1101 1174 1211 1214 hodie
1239 1174 1347 1214 mala
1375 1186 1494 1223 quam
1523 1175 1674 1214 audivit

110 1240 298 1276 umquam
329 1228 466 1269 Clinia
494 1240 540 1268 ex
567 1229 778 1275 Demetrio,
809 1229 858 1268 ad
888 1229 1058 1281 Turpilii
1088 1230 1331 1270 comoediam
1362 1231 1563 1281 pertinere
1592 1244 1674 1271 non

109 1285 278 1335 possint,
298 1286 489 1325 Romanis
509 1283 662 1325 Cliniae
681 1285 955 1337 Demetriique
973 1287 1189 1327 amicitiam
1208 1288 1289 1326 iam
1310 1291 1426 1327 antea
1442 1287 1514 1327 Cn.
1532 1288 1673 1327 Naevii

108 1341 255 1392 fabula,
287 1354 388 1392 quae
417 1341 643 1382 Demetrius
674 1343 907 1382 inscribitur
937 1340 1003 1396 (O.
1022 1343 1215 1384 Ribbeck.
1236 1340 1322 1398 14),
1354 1344 1671 1384 commendatam

110 1398 232 1438 fuisse
262 1402 304 1438 et
324 1398 395 1438 Cn.
417 1398 614 1438 Naevium
642 1399 694 1438 ad
713 1400 892 1440 Alexidis
922 1400 1190 1440 imitationem
1220 1414 1333 1440 suam
1362 1401 1539 1441 fabulam
1570 1414 1671 1441 com-

112 1455 290 1505 posuisse
319 1455 561 1495 Fritzschius
592 1456 883 1497 demonstravit
911 1457 954 1497 in
975 1457 1183 1508 Toeppelii
1213 1458 1354 1509 Progr.
1375 1458 1524 1498 Neobr.
1549 1459 1671 1509 1867,

110 1512 135 1550 9
156 1524 215 1561 sq.
275 1512 410 1563 itaque
437 1513 663 1553 Demetrius
698 1525 847 1552 nomen
886 1517 948 1554 est
983 1514 1142 1564 fictum,
1181 1527 1263 1555 non
1300 1516 1475 1566 aequalis
1505 1515 1672 1555 alicuius

110 1567 303 1618 Alexidis,
334 1568 565 1609 adulescens
595 1570 695 1609 bene
725 1572 915 1622 moratus,
947 1572 1096 1612 amicus
1127 1569 1388 1625 (φιλέταιρος)
1412 1570 1583 1618 Cliniae,
1607 1573 1671 1616 ,iu-

110 1625 222 1664 venis
252 1625 458 1676 luxuriosi,
489 1639 607 1676 quem
637 1627 705 1666 ille
736 1627 849 1677 gravi
880 1630 921 1667 et
951 1628 1127 1680 benigna
1156 1629 1438 1669 adhortatione
1468 1629 1517 1668 ad
1537 1629 1672 1668 mode·

109 1681 225 1721 stiam
264 1684 307 1721 et
344 1683 598 1733 prudentiam
636 1695 822 1723 revocare
864 1684 1061 1724 studebat.
1120 1685 1275 1725 fallitur
1312 1685 1376 1725 Fr.
1415 1685 1497 1725 Leo
1534 1685 1671 1725 Herm.

110 1737 247 1777 XVIII
277 1740 372 1778 559.
424 1739 559 1779 fabula
589 1741 879 1791 spectatoribus
910 1741 1009 1781 adeo
1040 1742 1203 1792 placuit,
1236 1746 1283 1782 ut
1313 1744 1575 1793 repeteretur.
1620 1743 1673 1783 cf.

109 1795 159 1833 fr.
190 1795 259 1835 49.

313 1925 574 1983 ὁμοιότατος
603 1926 847 1983 ἄνθρωπος
878 1933 986 1986 οἴνῳ
1012 1927 1096 1983 τήν
1126 1930 1270 1987 φύσιν

313 1994 481 2050 τρόπον
511 1994 598 2039 τιν’
623 1997 731 2040 ἐστί.
783 1997 857 2040 καὶ
886 1995 973 2053 γάρ
1004 1995 1133 2041 οἶνον
1163 1997 1243 2041 τὸν
1274 1996 1402 2043 νέον

316 2063 460 2119 πολλή
485 2062 570 2107 ’στ’
592 2063 766 2120 ἀνάγκη
798 2063 873 2108 καὶ
903 2063 984 2108 τὸν
1013 2063 1145 2120 ἄνδρ’
1168 2064 1380 2118 ἀποζέσαι

310 2130 565 2186 πρώτιστον
595 2130 847 2188 ἀφυβρίσαι
876 2128 934 2188 τ’,
966 2131 1296 2190 ἀπανθήσαντα
1327 2135 1394 2187 δὲ,

262 2208 284 2240 5
314 2198 513 2255 σκληρὸν
540 2201 777 2255 γενέσθαι,
809 2202 1166 2256 παρακμάσαντα
1197 2200 1258 2256 δ’,
1290 2196 1356 2245 ὦν
1387 2205 1500 2258 λέγω

313 2265 485 2310 τούτων
514 2266 729 2311 ἁπάντων
759 2265 1056 2323 ἀπαρυθέντα
1086 2267 1170 2325 τὴν
1199 2269 1296 2313 ἄνω

313 2335 482 2391 ταύτην
512 2333 674 2378 ἄνοιαν
704 2336 1084 2390 ἐπιπολάζουσαν,
1116 2335 1215 2382 τότε

315 2400 507 2457 πότιμον
537 2403 749 2457 γενέσθαι
779 2404 854 2446 καὶ
884 2406 1158 2460 καταστῆναι
1186 2405 1340 2460 πάλιν,

316 2468 432 2525 ἡδύν
459 2468 507 2513 θ’
529 2469 669 2513 ἅπασι
698 2469 994 2515 τούπίλοιπον
1024 2472 1257 2517 διατελεῖν.

225 2577 265 2603 v.
301 2565 422 2603 1-5
466 2560 696 2618 (γενέσθαι)
736 2567 776 2605 et
811 2566 837 2604 8
875 2563 915 2616 (a
943 2562 1030 2618 καὶ)
1069 2568 1093 2606 9
1134 2566 1327 2607 Stobaeus
1359 2567 1492 2607 Floril.
1528 2570 1620 2617 115,
1644 2571 1667 2608 7

107 2616 299 2667 Ἀλέξιδος
328 2617 371 2659 ἐκ
394 2619 624 2672 Δημητρίου
644 2621 694 2662 A.
731 2623 857 2662 totam
886 2623 1078 2674 eclogam,
1109 2624 1179 2663 sed
1210 2636 1288 2663 om.
1320 2624 1478 2664 fabulae
1508 2627 1669 2665 nomine

111 2676 340 2716 Athenaeus
371 2677 417 2727 2,
444 2678 497 2716 36
516 2677 571 2716 de
595 2675 743 2726 Αλεξις
772 2675 817 2717 δέ
845 2677 924 2718 πού
955 2689 1081 2730 φησιν
1110 2693 1165 2727 ως
1195 2681 1275 2718 κτλ.
1376 2683 1412 2720 1.
1445 2677 1670 2731 ὁμοιότατος

113 2732 229 2801 Ath.]
262 2706 493 2783 ὁμοιότάτον
513 2733 623 2773 Stob.
647 2735 686 2774 2.
773 2733 842 2773 καὶ
870 2749 946 2788 γαρ
976 2735 1015 2775 Α
1036 2733 1169 2804 Stob.]
1202 2734 1268 2774 τὸν
1298 2733 1386 2788 γὰρ.
1476 2739 1514 2777 3.
1544 2737 1670 2790 πολλή

108 2783 188 2827 ’στ’
221 2787 377 2842 Dindf.]
406 2787 531 2841 πολλή
562 2786 597 2828 τ’
630 2790 749 2831 BCD
780 2791 928 2832 Athen.
957 2790 1081 2843 πολλή
1111 2789 1149 2844 γ’
1174 2792 1287 2832 Stob.
1377 2794 1416 2832 4.
1448 2790 1669 2847 ἀφυβρίσαι

113 2842 153 2884 τ’
187 2846 267 2885 ΑΒ
298 2846 413 2886 Voss.
445 2846 555 2887 Stob.
587 2849 627 2887 et
656 2846 817 2888 BCDE
846 2848 990 2888 Athen.
1031 2846 1128 2903 (τε)]
1168 2845 1451 2902 ἀφυβρίσαντῖ
1537 2848 1667 2892 ἀπαν-
