1890 3190
526 178 843 214 ΣΤΡΛΤΙΩΤΗΣ
867 179 900 213 Η
924 178 1095 213 ΊὝΧΩΝ
1556 174 1613 218 99

53 323 57 326 .
97 293 104 298 ·
132 276 364 324 τᾶνδοθεν
393 277 543 334 πάντ’,
573 275 604 335 ἦ
633 280 737 335 δίκῃ
767 295 833 330 τις
861 276 1120 333 περιπεσών
1150 276 1371 333 ἀπώλετο,

84 355 109 390 ὓ
134 343 167 404 ἢ
197 347 508 405 στρατηγήσας
535 348 826 403 προσῶφλεν,
856 342 887 402 ἦ
916 345 1109 403 χορηγὸς
1139 344 1339 402 αἱρεθεὶς

136 413 290 472 ἱμάτια
319 417 467 472 χρυσᾶ
496 414 741 471 παρασχών
772 417 833 471 τῷ
864 418 983 471 χορῷ
1014 413 1154 470 ῥάκος
1184 421 1339 471 φορεῖ,

131 482 164 540 ἢ
191 486 477 541 τριηραρχῶν
507 481 740 539 ἀπήγξατ’,
770 479 801 538 ἢ
831 483 981 526 πλέων
1010 481 1162 535 ἥλωκέ
1188 498 1290 537 ποι,

133 547 164 608 ἦ
191 553 387 608 βαδίζων
416 550 446 609 ἦ
476 550 714 595 καθεύδων
744 546 1053 606 κατακέκοφθ’
1075 547 1160 594 ὑπ’
1182 552 1383 594 οἰκετῶν.

134 616 190 664 ού
219 619 407 676 βέβαιον
436 618 574 663 οὐδέν
604 618 722 674 ἐστι,
754 616 874 675 πλὴν
905 616 976 662 ὅσ’
999 617 1058 662 ἂν
1087 616 1195 662 καθ’
1217 617 1394 675 ἡμέραν

64 696 108 730 10
126 688 201 740 ιεἰς
229 686 395 732 ἑαυτὸν
423 685 566 744 ἡδέως
593 702 660 738 τις
691 687 1022 730 εἰσαναλίσκων
1050 686 1175 744 τύχῃ.

44 768 45 771 ’
134 754 243 800 οὐδὲ
272 759 414 799 ταῦτα
444 755 624 813 σφόδρα
654 770 716 798 τι·
748 754 823 798 καὶ
853 753 942 810 γὰρ
974 755 1059 812 τήν
1087 754 1311 810 τράπεζαν
1341 752 1539 810 ἁρπάσαι

134 824 344 882 κειμένην
374 823 432 868 ἄν
461 839 527 875 τις
555 824 848 880 προσελθών·
881 821 976 866 ἀλλ’
1002 821 1114 867 ὅταν
1141 820 1225 879 τὴν
1256 825 1442 867 ἔνθεσιν
1565 825 1567 828 ’

136 890 265 945 ἐντὸς
293 892 381 950 ἤδη
411 894 504 936 τῶν
533 890 736 936 ὀδόντων
765 893 994 949 τυγχάνῃς
1023 891 1336 947 κατεσπακώς,

134 964 242 1005 τοῦτ
249 959 336 1005 ’ἐν
364 959 566 1017 α’σφαλεῖ
590 959 740 1017 νόμιζε
769 977 861 1004 των
891 958 1193 1016 ὑπαρχόντων
1222 959 1379 1016 μόνον.

159 1057 390 1097 Athenaeus
421 1058 607 1106 3‚103e
646 1053 714 1095 καὶ
749 1052 846 1107 παρ’
884 1052 1115 1106 Ἀντιφάνει
1154 1051 1198 1094 ἐν
1233 1051 1465 1121 Στρατιωτῃ
1503 1052 1531 1107 ἢ
1568 1052 1615 1109 (ὴ

35 1125 126 1155 om.
155 1113 215 1167 A)
250 1112 408 1166 Τύχωνι
445 1110 698 1166 παραινέσεις
728 1110 924 1176 εἰσφέρων
951 1109 1179 1164 ανθρωπος
1202 1109 1378 1159 τοιοῦτός
1410 1095 1533 1164 ἐστιν,
1570 1127 1614 1159 ος

132 1184 175 1211 ιν
202 1171 284 1211 κτλ..
403 1172 442 1211 1.
472 1166 518 1210 δὲ
547 1168 647 1223 φὺς]
679 1162 805 1222 γεγώς
835 1169 975 1210 Valck.
1006 1170 1150 1220 Eurip.
1180 1169 1328 1211 Phoen.
1364 1170 1486 1209 1282.
1575 1171 1613 1209 5.

44 1242 72 1280 η
110 1225 279 1281 χορηγὸς
318 1226 505 1279 Casuub]
520 1223 713 1293 χορηγὸς
742 1227 794 1266 A.
912 1227 950 1266 6.
989 1231 1114 1292 χρυσᾶ
1145 1221 1259 1266 Grot'.
1290 1227 1476 1277 Excerpt.
1510 1226 1611 1278 627]

45 1282 114 1324 καὶ
141 1295 284 1337 χρυσια
314 1286 363 1325 A.
478 1279 626 1337 ῥακκος
655 1285 704 1324 Α.
823 1285 860 1324 9.
901 1279 1030 1322 οὐθέν
1058 1283 1107 1322 Α.
1229 1285 1293 1325 10.
1323 1282 1613 1323 εἰσαναλίσκων

46 1339 236 1396 casaub]
266 1340 552 1382 εἰσαναλίσκειν
581 1342 632 1382 A.
703 1337 804 1394 τύχῃ
833 1339 965 1392 Pors.]
999 1338 1110 1391 τύχοι
1141 1342 1189 1382 Α.
1280 1342 1346 1379 11.
1377 1334 1491 1393 οὐδὲ]
1523 1334 1613 1379 κοῦ-

27 1392 120 1439 ’δὲῗ
209 1400 275 1438 13.
308 1394 501 1453 τυγχάνῃς
532 1397 563 1438 C
615 1396 793 1451 τυγχάνῃ
812 1398 870 1437 A..

162 1457 202 1496 3.
234 1456 282 1496 de
310 1456 489 1507 perfecto
519 1469 539 1495 ο
615 1455 841 1504 uetudinis‚
875 1455 981 1506 quod
1011 1454 1138 1494 rarius
1170 1454 1332 1505 quidem
1362 1457 1424 1493 est
1452 1455 1612 1505 aoristo,

46 1513 118 1555 sed
146 1523 402 1564 nequaquam
430 1513 687 1562 inusitatum,
733 1512 784 1551 cf.
815 1525 916 1563 quae
946 1511 1135 1551 adnotavi
1166 1511 1217 1550 ad
1246 1511 1374 1551 Arist.
1408 1511 1482 1562 Eq.
1515 1512 1609 1551 718.

48 1569 274 1610 Anaxandr.
297 1570 364 1612 34.
396 1569 553 1610 Alexid.
577 1570 673 1609 257.
705 1568 913 1619 Theophil.
935 1569 974 1608 4.
1006 1570 1046 1607 et
1075 1568 1180 1607 infra
1207 1581 1246 1607 v.
1271 1570 1309 1607 7.
1330 1569 1370 1608 8.
1461 1569 1498 1610 7.
1531 1564 1611 1606 ἄπ-

32 1624 194 1679 ’ήγξατο
232 1626 422 1677 ‘propter
451 1628 684 1677 sumptuum
715 1626 1053 1677 magnitudinem,
1085 1625 1153 1676 qui
1182 1626 1313 1664 totum
1343 1637 1460 1675 saepe
1490 1626 1614 1676 patri·

47 1683 224 1724 monium
256 1683 437 1723 funditus
468 1683 733 1723 evertebant’
786 1681 954 1724 casaub.
1070 1694 1139 1720 ποι
1170 1682 1493 1732 coniungentium
1524 1695 1614 1721 cum

45 1799 199 1843 amere,
230 1799 275 1837 uix
302 1794 434 1836 πλέων
462 1797 505 1836 in
534 1797 806 1848 navigatione.
911 1809 1001 1836 cum
1030 1796 1241 1835 v.13.14
1271 1795 1321 1834 ef.
1354 1796 1543 1847 Amphid.
1574 1797 1614 1835 8.

31 1854 197 1896 >Athea
230 1855 302 1903 11,
325 1855 438 1894 4780
482 1851 605 1893 πολλὰ
649 1850 797 1904 μεταξὺ
834 1850 941 1893 πέλει
979 1847 1147 1902 κοτύλης
1186 1850 1253 1891 καὶ
1291 1850 1436 1903 χείλεος
1472 1850 1614 1904 ἄκρου.

47 1909 149 1951 Cato
178 1923 283 1951 cens.
316 1909 418 1950 Gall.
454 1908 526 1963 13,
550 1912 601 1950 17
639 1923 753 1960 saepe
791 1911 927 1951 audivi
963 1911 1066 1949 inter
1101 1921 1144 1949 os
1181 1913 1295 1959 atque
1331 1910 1452 1957 offam
1489 1910 1612 1949 multa

46 1969 281 2008 intervenire
314 1979 451 2018 posse;
504 1979 727 2008 verumvero
762 1969 866 2008 inter
901 1967 1021 2015 offam
1059 1970 1174 2016 atque
1210 1966 1387 2012 herbam,
1428 1967 1484 2006 ibi
1526 1979 1614 2006 vero

48 2025 207 2076 lonqum
234 2025 484 2065 intervallum
513 2028 580 2066 est.
690 2025 757 2066 14.
787 2024 928 2088 Eut-ip.
959 2023 1055 2063 Hec.
1091 2023 1170 2062 981
1213 2020 1266 2062 ἐν
1293 2018 1517 2090 ἀσφαλεῖ
1539 2021 1614 2074 γὰρ

47 2077 117 2133 ἥδ’
150 2077 303 2133 ἐρημία.
362 2081 525 2133 Hippol.
558 2082 638 2122 785
678 2078 721 2120 τὸ
750 2073 874 2120 πολλὰ
903 2077 1098 2148 πράσσειν
1127 2075 1201 2118 οὐκ
1231 2077 1276 2119 ἐν
1302 2075 1492 2129 ἀσφαλεῖ
1522 2079 1615 2130 βίου

47 2139 220 2179 contulit
249 2139 383 2178 Valck.
414 2139 515 2178 addo
546 2138 633 2189 Iph.
666 2138 714 2178 Τ.
744 2139 824 2178 762
857 2135 902 2177 ἐν
928 2134 1104 2187 ἅσφαλει
1128 2150 1218 2202 γαρ.
1267 2137 1423 2176 Herael.
1456 2138 1537 2176 397
1570 2134 1615 2175 ἐν

28 2188 223 2246 Ὶᾶσφαλεῐ
254 2209 294 2234 τε
332 2191 447 2247 τῆσδ’
481 2191 682 2247 ἱδρύσεται
712 2193 874 2246 χθονός.
934 2207 1131 2245 nusquam
1171 2195 1228 2233 sic
1258 2194 1299 2232 in
1330 2194 1387 2233 eis
1419 2207 1519 2245 quae
1549 2207 1614 2233 ex·

48 2254 157 2293 stant
193 2252 339 2292 fabulis
369 2253 591 2304 Aeschylus
629 2254 700 2292 aut
731 2251 964 2303 Sophocles,
1002 2263 1130 2302 neque
1161 2263 1255 2290 vero
1287 2251 1425 2290 comici
1455 2253 1613 2301 praeter

47 2309 151 2350 hunc
172 2322 343 2360 versum,
374 2322 454 2349 non
475 2311 610 2349 tamen
631 2322 721 2349 cum
741 2305 970 2360 Hirsohigio
1000 2308 1124 2358 (Ann.
1141 2307 1228 2347 crit.
1247 2306 1290 2357 3)
1320 2308 1612 2358 temptandum.

31 2365 255 2406 >Demosth.
289 2367 354 2413 19,
379 2367 472 2406 152.
496 2367 577 2406 262
609 2366 780 2406 contulit
808 2365 982 2405 Cobetus
1013 2365 1162 2404 Mnem.
1194 2363 1270 2403 VII
1303 2365 1369 2406 66.
1394 2365 1432 2404 7.
1492 2364 1615 2404 semel

47 2423 156 2474 quod
187 2423 307 2463 sciam
335 2423 439 2462 Plat.
471 2423 569 2474 Leg.
594 2424 658 2474 10,
681 2423 762 2463 892
773 2435 806 2462 e.

163 2625 255 2668 τῶν
284 2616 406 2668 ταῶν
435 2625 519 2680 μὲν
549 2621 609 2675 ὥς
638 2622 754 2675 ἅπαξ
784 2638 850 2674 τις
878 2624 1032 2678 ζεῦγος
1060 2620 1230 2678 ἤγαγεν
1259 2621 1417 2677 μόνον,

166 2692 362 2736 σπάνιον
392 2690 447 2735 ὂν
476 2690 527 2734 τὸ
556 2694 719 2748 χρῆμα,
751 2692 936 2741 πλείους
966 2690 1053 2734 εἰσὶ
1083 2693 1174 2734 νῦν
1204 2692 1296 2733 τῶν
1327 2688 1554 2746 ὀρτύγων·

164 2759 361 2817 χρηστόν
390 2757 643 2815 ἄνθρωπον
673 2757 713 2802 δ’
738 2759 819 2803 ἐάν
848 2774 914 2808 τις
943 2758 1024 2801 ἕνα
1053 2757 1197 2813 μόνον
1227 2760 1370 2814 ζητῶν
1400 2758 1500 2814 ἴδῃ,

164 2826 289 2879 ὄψετ’
313 2828 365 2871 ἐκ
394 2827 560 2871 τούτου
590 2825 819 2884 πονηρούς
848 2826 981 2870 πέντε
1012 2827 1176 2884 παῖδας
1203 2826 1456 2882 γεγονότας.

1298 2895 1342 2930 ⁷.

54 1740 266 1792 participio
295 1737 440 1790 πλέων,
470 1737 614 1791 ἥλωκε,
644 1754 667 1779 a
696 1739 965 1790 praedonibus
995 1738 1194 1779 videlicet.
1284 1739 1323 1778 8.
1354 1737 1542 1790 βαδίζων,
1573 1740 1635 1795 ἰη-

1690 719 1700 769 l

1683 790 1690 880 ι’
