1864 3204
230 215 314 258 354
885 217 1137 256 ΑΛΕΞῐΔοΣ

967 305 1048 363 154
1121 359 1124 362 Α

501 373 635 429 ἥδιον

335 455 486 504 ’Ἁλεξις
513 452 702 496 Ὀδυσσεῖ
725 436 1036 511 ἇπονιπτοῂένῳ.
1076 459 1246 498 Bekker.
1279 460 1427 498 Aneod.
1461 461 1526 510 98,
1553 460 1616 499 17.
1677 460 1784 510 quod

230 527 300 552 our
330 515 549 552 notandum
581 515 737 554 duxerit
767 516 1044 554 Antiatticista
1072 529 1154 554 non
1184 516 1394 566 intellego:
1425 517 1503 555 nisi
1531 516 1635 555 forte
1665 516 1784 566 sylla-

229 571 318 609 bam
349 571 519 609 mediam
549 572 686 610 Alexis
715 572 970 621 corripuerat.
1004 571 1108 610 ἴδιον
1129 573 1275 612 Naber.
1292 574 1438 611 Mnem.
1458 585 1551 613 nov.
1569 572 1668 611 VIII
1688 570 1782 612 261.

750 694 1017 728 ΟΔΤΣΣΕΤΣ
1041 695 1265 729 ΤΦΑΙΝΩΝ

342 774 438 821 Quis
467 776 668 813 texentem
698 775 856 814 Ulixem
885 776 1023 815 fecerit
1051 777 1198 816 nescio.

971 864 1050 906 155

449 942 524 983 καὶ
553 938 660 991 τοὺς
690 938 839 991 ἁλιέας
870 942 934 991 εἰς
963 940 1013 983 τὸ
1045 940 1283 996 βάραθρον
1315 940 1507 997 ἐμβαλῶ.

448 1007 767 1062 ἀπελευθέρων
798 1007 965 1062 ὀψάρια
994 1009 1251 1064 θηρεύουσί
1275 1024 1373 1064 μοι,

446 1078 637 1131 τριχίδια
668 1078 743 1119 καὶ
774 1078 958 1131 σηπίδια
991 1076 1065 1119 καὶ
1097 1076 1328 1131 φρυκτούς
1357 1092 1494 1126 τινας.

445 1148 495 1187 Β.
529 1138 662 1194 οὗτος
691 1145 912 1200 πρότερον
943 1143 1145 1199 κεφαλὴν
1177 1145 1218 1186 εί
1246 1145 1377 1199 λάβοι
1402 1143 1597 1200 θύννου,

397 1221 416 1252 5
450 1212 651 1266 ἐνόμιζεν
682 1212 882 1267 ἐγχέλεια
912 1213 986 1254 καὶ
1016 1212 1220 1262 θύννους
1250 1213 1380 1266 ἔχειν.

336 1307 564 1345 Athenaeus
596 1308 632 1356 7,
656 1307 768 1346 302f
802 1304 954 1354 ’Ἀλεξις
1006 1304 1050 1344 ἐν
1095 1301 1285 1345 Ὀδυσσεῖ
1329 1302 1542 1356 ὑφαίνοντι
1592 1305 1659 1345 καὶ
1709 1300 1781 1357 τὴν

226 1360 408 1412 κεφαλὴν
438 1363 507 1400 τοῦ
537 1359 697 1400 θύννου
729 1361 904 1401 ἐπαινῶν
934 1373 1060 1413 φησιν
1089 1365 1171 1401 κτλ.
1249 1365 1283 1402 1.
1314 1359 1447 1410 ἁλιέας
1478 1361 1522 1401 δὲ
1551 1365 1593 1402 et
1622 1360 1778 1415 ἐμβάλω

226 1419 273 1457 A.
365 1421 403 1458 2.
434 1417 508 1471 γὰρ
539 1415 690 1471 ὀψάρια
719 1419 880 1471 θηρῶσί
905 1420 1112 1459 Herwerd.
1145 1420 1247 1459 Nov.
1271 1420 1362 1458 add.
1384 1421 1473 1459 orit.
1494 1421 1562 1459 31.
1642 1421 1681 1459 3.
1713 1429 1780 1471 ση-

227 1474 358 1528 πίδια]
391 1475 620 1526 σικχηπίδια
650 1477 699 1514 Α.
807 1478 845 1515 4.
885 1470 1064 1526 κεφαλὴν
1093 1473 1150 1529 A]
1189 1474 1408 1524 κεφάλαιον
1437 1477 1558 1516 Mein.
1664 1473 1778 1527 λάβοι

223 1528 382 1571 θύννου
423 1532 478 1584 Α]
520 1530 684 1570 θύννου
720 1529 832 1584 λάβοι
869 1533 1048 1572 Erfurdt.
1098 1531 1279 1582 κεφαλήν
1315 1529 1392 1570 τιν’
1422 1532 1458 1571 εἰ
1494 1529 1608 1585 λάβοι
1645 1529 1780 1585 θύμου

223 1589 346 1629 Dobr.
436 1591 473 1628 5.
507 1587 677 1640 ἐγχέλεια
707 1590 770 1628 hic>
799 1590 919 1628 etiam
949 1590 1000 1628 A.
1087 1588 1262 1636 θύννας
1293 1589 1341 1628 A.

339 1647 377 1684 1.
409 1646 532 1687 Arist.
546 1646 621 1695 Eq.
640 1647 748 1685 1362
780 1647 947 1685 eontulit
977 1647 1209 1685 Meinekius.
1234 1668 1283 1673 —-
1310 1647 1530 1696 loquuntur
1560 1647 1649 1696 duo,
1682 1658 1776 1696 quo-

225 1715 314 1740 rum
346 1703 447 1740 alter
477 1703 642 1741 cetarios
673 1703 748 1741 sibi
777 1704 877 1741 nihil
897 1703 975 1742 nisi
995 1703 1093 1742 viles
1114 1704 1241 1752 pisces
1262 1703 1431 1742 vendere
1457 1703 1648 1753 queritur,
1679 1703 1779 1741 alter

225 1759 516 1807 spectatoribus
546 1759 610 1798 vel
640 1760 782 1798 tertiae
811 1760 977 1798 fortasse
1006 1772 1196 1809 personae
1227 1760 1331 1797 huno
1360 1760 1513 1810 ipsum,
1543 1771 1648 1798 nunc
1678 1759 1777 1798 divi-

224 1818 318 1863 tem,
350 1818 469 1854 antea
497 1829 723 1865 pauperem,
756 1816 850 1854 olim
884 1813 917 1854 si
947 1816 1161 1855 vilissimos
1191 1817 1300 1854 cibos
1330 1817 1507 1866 emisset,
1539 1814 1676 1864 eresi
1704 1814 1776 1853 ali-

225 1872 335 1910 cuius
375 1873 512 1921 epulas
551 1885 616 1910 eas
654 1874 814 1922 putasse
852 1873 1014 1911 indicat.
1065 1885 1163 1922 quae
1194 1885 1281 1911 eum
1312 1873 1368 1910 ita
1398 1872 1494 1919 sint,
1540 1873 1685 1910 mirum
1714 1873 1776 1910 est

221 1941 291 1977 pro
333 1929 524 1967 vilissimo
562 1929 648 1967 cibo
688 1930 986 1968 commemorari
1025 1927 1182 1967 θύννου
1219 1926 1401 1977 κεφαλήν
1438 1927 1507 1979 (of.
1539 1927 1686 1967 Calliae
1715 1927 1774 1978 3),

224 1996 313 2022 cum
343 1986 574 2034 praesertim
606 1987 792 2034 sequatur
823 1983 974 2036 ἐνόμιζε
1004 1983 1184 2031 θύννους
1216 1983 1329 2035 ἔχειν.
1378 1987 1621 2035 quapropter
1649 1983 1773 2023 Dobr.

222 2040 390 2079 Adv.11
411 2043 490 2080 318
522 2039 681 2091 θυ’μου;
715 2042 782 2080 sed
812 2043 907 2091 quid
940 2044 1000 2080 est
1029 2039 1165 2092 θύμου
1185 2037 1370 2091 κεφαλήὶ)
1406 2042 1572 2080 fortasse
1603 2041 1773 2080 seriben-

222 2097 316 2134 dum
355 2092 571 2146 κεφάλαιον
609 2097 645 2136 εἰ
678 2096 792 2148 λάβοι
834 2095 1012 2147 κυνός,
1056 2097 1126 2136 τοῦ
1165 2096 1380 2135 θαλαττίου
1418 2092 1619 2147 δηλονότι,
1643 2097 1773 2136 .cuius

218 2147 464 2204 ὑπογάστρια
511 2150 732 2207 (Arohestr.
763 2154 859 2192 Ath.
895 2156 937 2202 7,
962 2151 1092 2208 3100)
1137 2157 1176 2192 et
1215 2150 1358 2205 οὐραῖα
1403 2154 1602 2204 (Mnesim.
1633 2154 1679 2203 4,
1702 2153 1770 2193 36.

217 2210 399 2249 Menand.
433 2211 511 2249 289
543 2207 681 2264 Mein.)
712 2211 943 2260 laudantur,
975 2211 1044 2249 sed
1075 2212 1133 2249 ita
1162 2213 1208 2249 ut
1237 2211 1516 2249 Archestratus
1547 2211 1693 2260 vulgus
1722 2222 1770 2248 ea

216 2267 419 2316 aspernari
449 2265 566 2306 dieat.
617 2281 662 2306 ao
690 2264 909 2315 κεφάλαιον
937 2267 1104 2307 fortasse
1135 2268 1518 2318 contemptissimum
1549 2269 1649 2305 erat.

958 2377 1039 2420 156

773 2458 899 2510 φιλεῖ
924 2454 1009 2511 γὰρ
1039 2454 1066 2511 ἡ
1095 2454 1245 2510 μακρὰ
1273 2457 1497 2498 συνουσία

329 2521 401 2565 καὶ
432 2521 485 2565 τὰ
516 2522 741 2578 συμπόσια
771 2521 825 2564 τα
856 2522 998 2565 πολλὰ
1028 2524 1102 2565 καὶ
1132 2520 1240 2565 καθ’
1262 2521 1434 2577 ἡμέραν
1463 2529 1610 2564 ποιεῖν

329 2593 516 2641 σκῶψιν.
567 2588 593 2645 ἡ
627 2594 797 2641 σκῶψις
828 2590 877 2632 δὲ
908 2593 1041 2633 λυπεῖ
1068 2593 1226 2632 πλεῖον
1255 2587 1284 2645 ἢ
1314 2591 1463 2645 τέρπει
1493 2589 1631 2632 πολύ·

327 2661 408 2700 τοῦ
439 2660 587 2708 κακῶς
616 2658 762 2712 λέγειν
791 2659 879 2714 γὰρ
909 2656 1023 2712 άρχή
1054 2655 1214 2712 γίνετ’·
1248 2653 1304 2699 ἂν
1334 2653 1375 2699 δ’
1403 2660 1529 2712 εἴπῃς
1558 2656 1700 2709 ἅπαξ,

278 2734 295 2764 5
331 2724 471 2775 εὐθὺς
500 2724 801 2780 ἀντήκουσας·
834 2724 919 2780 ἥδη
949 2726 1260 2779 λοιδορεῖσθαι
1292 2726 1502 2767 λείπεται.

328 2789 422 2834 εἶτα
451 2791 700 2836 τύπτεσθαι
731 2793 951 2836 δέδεικται
981 2792 1057 2834 καὶ
1085 2799 1332 2846 παροινεῖν.
1385 2795 1430 2835 Β.
1463 2794 1603 2834 ταῦτα
1632 2789 1720 2845 γὰρ

327 2861 438 2901 κατὰ
470 2860 612 2915 φύσιν
642 2863 844 2916 πέφυκεν
875 2858 1025 2909 οὕτως.
1078 2859 1152 2902 καὶ
1181 2862 1226 2902 τί
1252 2860 1454 2914 μα’ντεως
1484 2859 1593 2910 ἔδει;

998 3024 1024 3052 Χ
