1864 3204
493 237 757 273 ΠΑΝΔΑΡΟΣ
782 256 822 262 -
851 238 1208 273 marm-*maoz
1552 237 1628 280 151

198 344 292 383 enta
306 355 396 383 oum
411 342 545 383 fabula
560 343 770 383 Protesilai
786 355 1003 393 congruere
1019 344 1176 394 possint
1190 344 1448 396 intellegetur
1463 345 1632 384 conlatis

78 399 103 449 γ’
135 413 240 462 ’quae
255 413 304 440 ex
319 399 460 440 Cobeti
477 398 572 440 obs.
589 397 678 440 crit.
702 399 806 440 Plat.
829 401 909 439 124
929 400 980 440 ad
995 400 1111 440 Terei
1131 400 1294 440 titulum
1309 402 1509 453 exscripta
1523 405 1628 442 sunt.

821 510 878 553 40

295 590 427 647 μύρῳ
457 589 507 632 δὲ
537 585 660 645 παρὰ
690 589 928 644 Πέρωνος,
959 582 1104 645 οὗπερ
1135 589 1328 634 ἀπέδοτο

297 659 429 715 ἐχθὲς
459 657 731 714 Μελανώπῳ
761 659 1040 709 πολυτελοῦς
1070 658 1350 714 Αἰγυπτίου,

296 721 331 786 ᾧ
362 728 450 770 νῦν
480 725 657 782 άλείφει
686 723 792 777 τούς
822 724 964 777 πόδας
993 725 1354 783 Καλλιστράτου.

178 822 407 862 Athenaeus
431 823 496 872 12,
519 822 601 860 553
618 821 643 860 d
669 817 982 885 Ἀναξανδρίδης
1012 816 1056 859 ἐν
1085 819 1352 885 Πρωτεσιλάῳ
1381 824 1464 864 κτλ.
1524 823 1629 864 idem

66 879 131 930 15,
153 879 248 919 689.
272 880 355 920 690
378 852 690 930 Ἀναξανδρίδης
712 874 976 931 Πρωτεσιλάῳ
996 879 1079 916 κτλ.
1172 881 1209 918 1.
1239 874 1351 933 μύρῳ
1381 876 1426 918 δὲ
1455 881 1492 919 A
1523 881 1627 935 553]

90 933 192 987 ύρον
220 950 260 976 τε
296 937 334 976 Α
365 937 459 976 689.
578 936 616 974 2.
663 931 778 986 ἐχθὲς
815 936 851 973 Α
883 933 984 988 553]
1030 931 1129 986 χθὲς
1158 935 1197 974 Α
1228 937 1323 978 690.
1403 937 1629 989 Αἰγυπτίου

53 993 99 1033 A
129 990 230 1046 690]
269 1006 473 1033 εναιπτιωι
510 993 548 1031 A
579 993 674 1032 553.
801 993 838 1031 3.
882 996 962 1031 νῦν
997 987 1150 1042 ἀλείφει
1189 993 1227 1032 A
1258 990 1358 1046 690]
1398 994 1629 1045 συναλείφει

57 1048 96 1090 Δ
125 1050 222 1147 55ἔο
266 1108 416 1147 Peronc
458 1107 723 1158 unguentario
768 1106 1100 1172 of.Theopomp.
1150 1109 1292 1147 1.16.
1353 1108 1518 1176 Antiph.
1561 1111 1626 1149 35.

47 1157 185 1216 ,οὗπερ
223 1166 250 1204 i.
281 1177 317 1204 e.
346 1166 392 1204 de
421 1177 495 1214 quo
524 1176 606 1203 non
635 1164 735 1202 nihil
766 1163 961 1203 vendidit.
1021 1164 1111 1213 quis
1142 1167 1250 1204 esset
1279 1166 1368 1214 ille,
1408 1169 1476 1217 qui
1506 1168 1627 1218 pedes

45 1222 285 1262 ‚Callistrati
314 1234 493 1272 unguere
523 1221 690 1271 dicitur,
728 1233 780 1260 ex
817 1221 875 1259 eis
916 1233 1017 1271 quae
1056 1223 1349 1286 praecedebant
1386 1227 1457 1262 aut-
1487 1237 1626 1275 seque-

43 1278 206 1318 ·bsntur
234 1279 571 1329 perspieiebatur.
603 1280 760 1328 poterat
791 1277 1028 1328 Melanopus
1059 1273 1126 1331 (ac
1155 1279 1213 1318 sic
1243 1279 1392 1331 Bergk.
1414 1281 1460 1320 R.
1483 1293 1516 1320 c.
1539 1283 1625 1321 Att.

57 1333 174 1387 405),
206 1337 367 1386 poterat
396 1348 489 1375 vero
520 1335 640 1373 etiam
673 1335 707 1373 is
737 1335 806 1385 qui
837 1337 1089 1385 unguentum
1119 1336 1365 1376 vendidisset
1395 1338 1624 1388 significari.

59 1393 108 1432 de
137 1393 341 1442 Melampu·
379 1392 666 1440 Callistratiqzw
702 1392 744 1430 in
781 1391 985 1442 republica
1021 1393 1197 1442 gerenda
1226 1394 1502 1434 simultatibus
1532 1395 1625 1434 Plu-

58 1449 185 1489 tarch.
219 1449 422 1489 Demosth.
457 1451 507 1488 13
540 1446 793 1495 Μελάνωπος
822 1444 1218 1499 ἀντιπολιτευόμενος
1249 1450 1529 1505 Καλλιστράτῳ
1559 1451 1626 1492 καὶ

56 1501 301 1553 πολλάκις
332 1501 416 1544 ὑπ’
455 1501 622 1545 αὐτοῦ
641 1503 860 1557 χρήμασι
889 1503 1285 1557 μετατιθέμενος
1317 1505 1410 1562 (scr.
1441 1523 1623 1560 μεταπει-

56 1560 250 1631 θὸμενος)
280 1560 417 1602 εἰωθει
445 1560 576 1615 λέγειν
605 1560 703 1632 πρὸς
734 1559 808 1601 τὸν
837 1561 1011 1614 δῆμον*
1021 1558 1042 1600 ὁ
1072 1559 1147 1612 μὲν
1174 1559 1278 1615 άνηρ
1308 1561 1476 1631 εχθρός,
1507 1565 1550 1606 τὸ
1580 1564 1624 1606 δὲ

55 1619 124 1668 τῆς
154 1615 310 1668 πόλεως
337 1617 488 1659 νικάτω
518 1617 760 1684 συμφέρον’
830 1619 1298 1688 Aristot.Rhet.1,14
1329 1623 1417 1661 init.
1448 1619 1623 1675 ἀδίκημα

55 1674 100 1716 δὲ
128 1677 287 1728 μεῖζον,
325 1674 417 1747 όσῳ
445 1691 500 1715 αν
536 1671 616 1715 ἀπὸ
655 1675 832 1727 μείζονος
871 1669 900 1731 ᾗ
929 1671 1104 1724 άδικίας.
1164 1675 1230 1716 διὸ
1262 1693 1330 1717 και
1363 1693 1409 1717 τα
1440 1677 1623 1732 ἐλάχιστα

54 1731 239 1786 μέγιστα,
276 1728 406 1773 οἷον
392 1731 417 1772 ο
447 1731 707 1773 Μελανῶπου
738 1732 1030 1794 Καλλίστρατος
1058 1733 1288 1802 κατηγόρει,
1324 1733 1387 1774 ὅτι
1415 1738 1622 1788 παρελογί-

48 1796 151 1830 ’σατο
186 1789 295 1842 τρία
307 1787 524 1859 ἡμιωβέλια
563 1788 650 1858 ἱερὰ
688 1803 779 1837 τους
818 1803 1052 1837 ναοποιους.
1100 1787 1141 1831 .ὅ
1172 1789 1249 1844 γαρ
1281 1793 1429 1845 τρία
1404 1790 1622 1846 ημιωβέλια

53 1844 138 1900 ἱερὰ
167 1845 321 1898 κλέψας
351 1863 432 1887 mxv
460 1843 599 1887 ὁτιοῦν
626 1843 868 1913 ἀδικήσειεν.
928 1849 1035 1887 inter
1054 1848 1209 1900 legatos
1239 1850 1289 1888 ab
1312 1851 1621 1891 Atheniensibus

53 1903 293 1956 Ol.102,1
328 1905 513 1956 Spartam
545 1906 593 1944 de
623 1918 718 1956 pace
748 1906 891 1944 missos
921 1908 1282 1946 commemorantur
1312 1908 1490 1958 Xenoph.
1512 1909 1620 1948 Hell.

57 1961 96 2012 6,
119 1964 158 2011 3,
182 1963 219 2002 2.
242 1964 280 2004 3.
307 1965 370 2002 10.
431 1962 481 2002 cf.
515 1961 626 2002 Orat.
660 1962 750 2001 Att.
788 1962 930 2013 fragm.
969 1962 1032 2000 ed.
1072 1962 1166 2002 Tur.
1204 1977 1243 2014 p.
1276 1965 1372 2004 218.
1404 1967 1428 2004 9
1467 1968 1508 2004 et
1537 1967 1620 2005 ind.

30 2030 159 2059 nom.
191 2033 229 2070 p.
263 2019 329 2059 73.
809 2072 837 2115 4

382 2149 470 2195 κᾶν
499 2155 640 2195 ταῦτα
669 2150 828 2207 ποιῆθ’
862 2149 1014 2207 ὥσπερ
1045 2153 1222 2209 φράζω,

383 2223 604 2276 λαμπροῖς
633 2221 835 2271 δείπνοις
865 2219 1076 2276 δεξόμεθ’
1107 2219 1246 2276 ὑμᾶς,

380 2286 519 2333 οὐδὲν
549 2286 718 2344 ὁμοίοις
747 2296 841 2340 τοῖς
868 2287 1146 2346 Ἰφικράτους

381 2365 475 2409 τοῖς
506 2356 556 2400 ἐν
588 2355 768 2415 Θρᾴκῃ·
814 2359 959 2400 καίτοι
990 2357 1132 2412 φασὶν

331 2437 352 2468 5
381 2425 823 2482 βουβαυκαλόσαυλα
851 2425 1080 2479 γενέσθαι.

381 2495 494 2538 κατὰ
527 2492 610 2550 τὴν
640 2491 814 2549 α’γοράν
843 2493 928 2548 μὲν
957 2491 1280 2548 ὑπεστρῶσθαι

382 2561 615 2620 στρώμαθ’
647 2560 850 2616 ἁλουργῆ
880 2560 1007 2617 μέχρι
1037 2564 1114 2618 τῆς
1143 2561 1335 2618 ἄρκτου·

380 2634 584 2675 δειπνεῖν
615 2628 656 2673 δ’
690 2628 863 2684 ἄνδρας
890 2630 1265 2687 βουτυροφάγας,

380 2698 727 2756 αὐχμηροκόμας
754 2700 1105 2754 μυριοπληθεῖς·

314 2778 356 2810 10
384 2767 490 2819 τούς
520 2768 569 2811 δὲ
600 2767 786 2823 λέβητας
813 2769 1009 2821 χαλκοῦς
1039 2765 1178 2821 εἶναι,

379 2838 554 2893 μείζους
583 2834 764 2878 λάκκων
793 2835 1162 2877 δωδεκακλίνων·

382 2902 523 2948 αὐτὸν
554 2903 603 2948 δὲ
635 2902 788 2947 Κότυν
818 2905 1118 2959 περιεζῶσθαι
1156 2954 1159 2957 Α
