1864 3204
248 212 331 253 290
696 215 948 249 KPATINOT
971 215 1073 249 ΤΟΤ
1098 215 1362 251 ΝΕΩΤΕΡΟΤ

1009 317 1035 358 3

364 395 593 435 Athenaeus
613 397 787 447 4,177a
816 399 991 448 χρῆσθαι
1020 394 1061 435 δ’
1084 392 1218 445 αὐτοῖς
1250 397 1348 449 (τοῖς
1379 395 1579 449 ἐλύμοις
1609 395 1802 462 αὐλοῖς)

247 450 315 562 2⁰52
344 451 550 548 ΚιὲπρέοιΙιΙς
579 451 676 551 ῗξσὶ
710 455 904 505 Κρατῖνος
944 451 965 492 ὁ
1003 453 1189 507 νεώτερος
1227 452 1271 493 ἕν
1305 453 1528 506 Θηραμένει
1559 451 1802 508 (θηραμένηι

366 521 386 548 0
484 523 506 548 8

925 599 1137 634 ΟΜΦΑΛΗ

363 678 422 718 Cf.
453 679 624 718 Meinek.
655 680 674 718 I
694 680 776 718 412
809 682 848 719 et
878 679 1025 720 Cratin.
1057 682 1106 720 fr.
1139 682 1233 720 241.

1015 803 1044 844 4

476 881 626 922 πίνειν
655 879 849 934 μένοντα
879 877 958 922 τὸν
988 871 1135 932 καλῶς
1165 879 1408 938 εὐδαίμονα

476 955 700 1002 κρεῖττον·
733 949 868 1003 μάχαι
899 946 939 989 δ’
973 947 1148 991 ἄλλοισι
1179 947 1253 991 καὶ
1283 951 1415 992 πόνοι
1444 950 1580 1005 μέλοι.

365 1041 593 1080 Athenaeus
629 1043 698 1092 15,
722 1043 837 1080 6692
873 1039 972 1079 κατὰ
1004 1041 1072 1080 τὸν
1101 1041 1292 1095 νεώτερον
1322 1045 1534 1095 Κρατῖνον,
1566 1041 1612 1091 ὃς
1643 1041 1684 1081 ἕν
1711 1040 1802 1094 ’-Ομ

250 1094 358 1150 φάλη
396 1097 522 1147 φησίν
559 1100 638 1136 κτλ.
756 1100 793 1136 2.
837 1097 964 1148 μάχης
1000 1102 1040 1138 et
1075 1096 1202 1138 πόνου
1242 1101 1461 1151 Schweigh.
1505 1099 1627 1147 πόνος
1658 1101 1803 1151 Bergk.

248 1152 418 1204 πολέμου
439 1154 488 1193 G.
504 1154 552 1193 A.
572 1155 771 1205 Hirsehig.
793 1156 899 1194 Ann.
921 1156 1007 1194 crit.
1027 1158 1064 1197 9.
1089 1178 1138 1184 —
1162 1157 1344 1196 Herculis
1362 1158 1482 1196 verba
1498 1158 1683 1197 videntur
1702 1170 1801 1196 esse.

249 1215 342 1249 ante
372 1225 409 1251 v.
446 1213 466 1248 1
499 1212 667 1251 fortasse
698 1214 812 1250 erant
841 1208 896 1258 ὡς
926 1208 1013 1250 κατ’
1045 1212 1177 1251 οἰκίαν
1202 1214 1208 1263 Ι
1233 1226 1276 1254 π.
1305 1229 1344 1264 μ.
1377 1216 1456 1252 κτλ.

1010 1323 1038 1364 5

992 1398 1119 1455 ὑμεῖς
1148 1392 1207 1443 δ”
1225 1400 1306 1444 ἐὰν

524 1468 737 1510 ίππίσκον
767 1464 795 1523 ἦ
824 1470 1026 1524 τρίμιτον
1056 1470 1182 1525 ἔχητε

362 1562 504 1600 Pollux
537 1563 582 1611 7,
606 1562 658 1600 58
696 1558 740 1600 ἐν
776 1562 822 1615 τῇ
861 1567 930 1600 τοῦ
968 1561 1157 1614 νεωτέρου
1195 1563 1396 1613 Κρατίνου
1430 1559 1609 1618 Ὀμφάλῃ
1653 1562 1804 1616 εἴρηται

249 1619 332 1655 κτλ.
344 1614 441 1669 ,ὡς
471 1616 538 1656 καὶ
568 1623 690 1656 ταῦτα
722 1617 808 1669 εἴδη
839 1618 1095 1670 χιτωνίσκων
1151 1632 1232 1658 non
1262 1622 1462 1660 consentit
1492 1621 1712 1672 Hesychius
1743 1620 1802 1659 ἶπ-

248 1674 409 1721 πίσκος·
451 1672 663 1725 ἐπίθεμα
702 1675 934 1724 κεφαλης.
979 1672 1007 1726 ἢ
1044 1679 1277 1727 γυναικεῖον
1316 1675 1488 1727 κόσμιον.
1578 1679 1616 1716 2.
1647 1675 1804 1716 ι’πίσκον

250 1732 299 1770 A.
325 1754 376 1759 ——-
408 1744 546 1771 versus
576 1734 622 1770 ut
651 1732 726 1771 feci
746 1732 931 1771 facillime
953 1733 1204 1771 dirimuntur.
1255 1734 1296 1772 in
1327 1734 1406 1772 fine
1425 1735 1590 1773 alterius
1606 1734 1802 1773 excidisse

248 1789 407 1828 videtur
444 1784 627 1841 λῄδιον.
687 1789 903 1830 Herodian.
935 1789 975 1827 II
1003 1790 1152 1839 542,1
1178 1789 1309 1855 λῄδος
1334 1789 1568 1860 Ιτριβώνιον.
1627 1790 1801 1841 Hesych-

248 1842 408 1898 λῄδιον·
442 1842 652 1895 τριβώνιον
681 1841 846 1891 εὐτελές.
878 1845 919 1884 et
942 1843 1113 1896 ληίδιον·
1145 1841 1296 1893 εὐτελὲς
1328 1846 1496 1897 ιματιον.
1534 1848 1583 1886 of.
1617 1847 1801 1886 Menand.

250 1903 358 1941 1036
391 1900 564 1951 (Μθίηη)
607 1901 965 1943 Lobeck.Pathol.
997 1902 1120 1941 e1.11
1151 1904 1218 1942 40.
1251 1926 1304 1930 —
1334 1902 1519 1954 τρίμιτον,
1552 1903 1701 1943 Oratet.
1731 1904 1800 1942 34.

248 1958 413 2008 Lysipp.
439 1959 475 1996 3.
521 1958 659 1997 Aeseh.
690 1959 737 1997 fr.
771 1960 851 1997 355
882 1959 933 2000 N.
965 1959 1064 1998 Poll.
1099 1961 1135 2009 7,
1159 1961 1224 1998 78.

820 2081 1240 2115 ΠΤΘΑΓΟΡΙΖΟΤΣΑ

364 2161 464 2200 Cum
492 2160 864 2212 Pythagoristarum
894 2162 1032 2200 inrisio
1060 2174 1188 2202 novae
1207 2163 1430 2201 comoediae
1459 2162 1706 2212 temporibus
1735 2162 1800 2201 ad-

250 2218 409 2257 modum
441 2218 642 2268 popularis
672 2220 798 2268 esset,
839 2217 1024 2257 Cratinus
1054 2221 1095 2257 et
1124 2219 1261 2258 Alexis
1291 2220 1410 2258 etiam
1443 2217 1803 2270 Πυθαγορίζουσαν

250 2276 568 2325 (Ἡοωροευοωηίῑ
616 2275 664 2313 cf.
698 2275 866 2316 Meinek.
898 2275 917 2313 I
948 2276 1045 2315 389.

1014 2385 1041 2428 6

360 2479 476 2528 Diog.
505 2478 637 2517 Laert.
660 2478 697 2528 8,
721 2479 772 2516 37
805 2475 960 2527 ἔσκωψε
991 2475 1034 2516 δὲ
1064 2474 1187 2516 αὐτὸν
1217 2474 1572 2531 (Πυθαγόραν)
1605 2478 1798 2529 Κρατῖνος

248 2533 322 2586 μὲν
357 2532 401 2572 ἐν
440 2532 785 2587 Πυθαᾳοριζούσῃ
845 2538 1170 2604 πυθαγορικοῖςΗ
1173 2536 1257 2576 cod.
1289 2535 1355 2575 R.
1380 2537 1677 2586 πυθαγορικαῖς
1714 2535 1799 2573 cod.

250 2591 401 2630 Arund
434 2591 1102 2641 PytlzayorizusaAldob1·.suidas
1134 2589 1447 2642 Ξενοφάνης·
1479 2589 1635 2639 ἔσκωψε
1665 2587 1703 2627 δ’
1726 2605 1799 2628 αυ-

249 2645 319 2686 τὸν
349 2646 412 2686 καὶ
445 2649 638 2695 Κρατῖνος
671 2645 714 2685 ἐν
752 2647 1074 2699 Πιιθαγορίζουσι
1104 2644 1178 2701 (sic
1207 2645 1277 2702 V).
1333 2648 1468 2698 itaque
1494 2648 1683 2686 ‘fortasse
1714 2647 1798 2686 Ilv-

249 2704 526 2756 θαγορίζουσι)
560 2705 678 2742 Mein.

875 2781 1172 2815 TAPANTINOI

362 2862 446 2900 Hac
474 2874 631 2911 quoque
660 2862 796 2900 fabula
825 2861 1063 2912 Pythagorei
1094 2862 1409 2913 exagitabantur.
